3010 5000
338 333 473 386 ιιιιιιιιι
490 335 553 387 ute.
567 336 586 386 t.
603 335 685 388 rom.
699 335 741 386 ιιι.
758 335 990 388 nannxxxvt.
1174 323 1232 387 tut

82 453 123 516 tis
142 452 284 518 ereatoris
301 453 456 518 laetionem
474 473 650 542 magnopere
670 455 850 541 perturbari,
883 466 970 540 atque
990 455 1132 540 originem
1152 475 1233 520 suam

82 555 245 641 matrisque
265 556 403 620 damnare
421 578 533 641 gennep
565 557 657 643 ipsum
676 579 749 620 vern
767 557 814 644 qui
832 557 887 622 ista
906 558 1015 621 dixerit
1034 557 1155 621 abiectis
1171 558 1236 620 vin-

83 659 160 723 eulis
176 659 283 724 suiset
299 659 415 744 angelo,
435 660 499 722 sire
512 659 619 739 anima,
641 661 783 746 propriam
799 661 828 723 in
844 659 943 723 sedem
958 661 1123 723 transferri.
1163 658 1237 722 Exi·

81 762 206 826 stimant
222 761 299 824 euim
314 762 473 826 seeundum
490 783 595 848 eorpus
610 772 640 825 el
655 762 778 825 animaru
796 761 911 826 tertium
927 762 1060 846 quiddam
1076 762 1104 824 iu
1120 762 1236 824 homine

81 863 222 948 reperiri.
267 863 365 946 Atque
389 863 460 927 haee
482 875 551 928 sunt
570 883 643 949 quae
666 864 701 927 de
723 865 837 928 illorum
856 865 1055 950 redemptione
1074 864 1236 950 comperire

80 963 244 1052 potuimus.

170 1065 265 1132 Porro
279 1067 408 1154 quisquis
421 1067 528 1132 iudicio
544 1069 637 1148 valet,
662 1068 709 1132 ubi
726 1068 911 1133 inanissimas
928 1068 1015 1131 hasne
1030 1087 1122 1152 nugae
1136 1069 1235 1132 audie·
1255 1067 1313 1134 ⁶⁸1³·
1330 1066 1371 1116 W·

79 1169 141 1246 rit,
167 1170 209 1233 sie
229 1181 364 1256 tauquam
383 1171 486 1234 mimos
504 1170 674 1257 labarlasque
690 1171 806 1235 ridebit.
853 1169 917 1233 lloo
933 1171 1010 1234 enlm
1025 1169 1140 1234 illorum
1157 1171 1235 1254 quis-

79 1291 140 1355 que
160 1273 296 1359 suscipit,
330 1282 361 1336 ot
377 1272 413 1335 ab
430 1272 551 1336 aliorum
569 1273 702 1358 dogmate
717 1273 864 1338 diversum
882 1272 1015 1357 quiddam
1034 1293 1087 1357 pru
1103 1272 1235 1336 voluuta-

79 1373 121 1437 tis
137 1393 210 1438 suae
225 1373 343 1438 libidine
361 1375 487 1454 sentiat3
512 1395 566 1438 aee
581 1375 639 1439 ulla
657 1395 706 1440 ree
720 1375 813 1461 ipsum
830 1395 846 1438 a
863 1385 941 1436 tanta
957 1375 1122 1438 temeritate
1139 1374 1235 1438 deter-

77 1487 162 1556 reat,
186 1477 237 1540 sed
251 1497 449 1562 quaecamque
465 1489 562 1563 potest
578 1477 694 1564 impune
710 1477 949 1541 comminisoitur.
994 1477 1041 1540 Aa
1056 1495 1120 1539 oum
1138 1476 1166 1539 in
1183 1475 1234 1537 ho-

77 1578 217 1642 diernum
235 1599 325 1664 osque
340 1578 415 1644 diem
432 1579 539 1651 atittts
556 1579 645 1644 multa
662 1581 865 1665 proferantur,
889 1589 1102 1664 nascanturque
1118 1589 1236 1662 porten-

78 1693 132 1759 ta,
164 1681 212 1764 qui
230 1681 358 1766 quotidie
375 1680 444 1744 aovi
462 1681 568 1766 aliquid
586 1682 620 1746 ad
638 1681 800 1746 illudendos
819 1681 950 1744 homines
967 1681 1151 1764 confingunt,
1181 1679 1235 1741 dil·

77 1783 160 1846 lieile
179 1792 226 1846 est
245 1783 392 1846 extricare
411 1784 525 1863 omnia,
557 1783 603 1848 uel
620 1784 753 1848 oratione
771 1783 935 1869 complecti.
981 1779 1081 1866 Quare
1103 1801 1176 1866 quae
1199 1782 1234 1846 de

76 1885 136 1948 hau
154 1884 271 1948 haeresi
286 1884 429 1970 disputata
447 1896 531 1963 sunt,
562 1885 598 1950 lis
616 1885 745 1949 contenti
763 1906 828 1950 esse
847 1885 1001 1963 delemus,
1033 1905 1107 1969 quae
1126 1884 1161 1947 ad
1182 1905 1234 1946 no·

75 1997 175 2052 stram
199 1986 367 2050 memoriam
390 1999 597 2072 pervenerunt.
643 1989 741 2074 Atque
763 1988 836 2052 hane
857 2009 971 2051 omnem
993 1987 1108 2050 illorum
1127 1987 1234 2050 doetri-

76 2110 150 2153 nam
168 2089 233 2172 quis
249 2109 306 2153 noa
322 2109 418 2151 merae
433 2107 501 2154 esse
517 2089 628 2154 fabulas
643 2111 678 2154 ae
692 2091 815 2155 ludibria
831 2091 1005 2176 perspiciat?
1044 2085 1126 2154 Cedo
1142 2089 1232 2163 euim,

77 2191 157 2255 heus
181 2201 229 2269 tu,
263 2191 446 2275 maioresque
469 2191 528 2270 toi,
560 2193 636 2256 unde
659 2213 763 2278 eorpus
787 2193 960 2278 aoeepistis?
990 2193 1065 2257 unde
1090 2191 1234 2255 animam?

75 2293 161 2358 uude
179 2291 349 2355 interiorem
368 2293 446 2357 illum
467 2293 632 2358 homiuem?
676 2292 709 2360 Si
732 2316 749 2359 a
767 2295 920 2380 superiore
937 2294 986 2358 illu
1004 2295 1104 2357 neseio
1124 2314 1181 2378 quo
1200 2313 1234 2356 ao

75 2393 208 2481 spiritali
226 2394 332 2458 habere
347 2405 376 2458 te
392 2393 516 2475 dixeris,
540 2417 593 2482 pro
609 2417 645 2461 eo
661 2417 696 2461 aa
715 2397 829 2461 mentiri
846 2397 936 2474 soles,
962 2406 992 2459 et
1006 2396 1067 2482 spei
1085 2396 1233 2460 ouiusdam

74 2497 254 2560 ostensione
269 2497 404 2562 illusura
428 2509 455 2562 te
476 2498 607 2562 homines
626 2499 743 2576 inflare,
775 2521 832 2584 quo
850 2499 990 2563 eiusmodi
1010 2498 1158 2584 proposito
1176 2497 1232 2560 sibi

74 2619 172 2684 seopo
190 2609 253 2662 tuae
269 2599 304 2663 ad
321 2601 493 2686 praestigias
510 2601 724 2686 proleetentur,
748 2602 794 2666 die
809 2601 934 2665 obseura
950 2621 1025 2685 quae
1041 2601 1081 2665 sit
1096 2599 1232 2664 eoelestis

73 2702 158 2766 illius
183 2721 218 2764 ae
239 2701 377 2786 spiritalis
399 2723 462 2765 eum
488 2705 628 2768 materiae
650 2714 789 2766 uouereto
811 2703 955 2781 societas,
987 2713 1038 2765 aut
1060 2703 1143 2766 liuius
1168 2723 1233 2766 auor

74 2803 218 2868 animalia
250 2815 300 2868 aot
317 2825 374 2889 quo
393 2805 508 2868 tandem
528 2816 612 2889 paeto
631 2817 747 2870 oreatur
765 2826 839 2890 quae
858 2807 892 2870 ad
912 2827 945 2869 se
963 2805 1146 2890 pertinebant
1163 2803 1233 2866 nihil

73 2905 265 2972 uendiderit?
309 2901 371 2970 Cur
390 2927 543 2992 supremus
565 2907 614 2970 ille
632 2908 789 2991 spiriualem
808 2929 889 2972 suam
913 2909 971 2972 vim
991 2905 1152 2983 conditori,
1183 2905 1231 2988 qni

72 3009 178 3073 minos
201 3017 281 3071 reete
300 3008 417 3073 molitus
440 3020 522 3085 erat,
553 3009 728 3074 attribuerit.
775 3007 838 3075 Cur
855 3009 931 3074 idem
951 3011 999 3074 ille
1019 3008 1153 3072 eonditor
1169 3005 1232 3070 ool·

72 3109 155 3174 male
178 3129 262 3172 suum
286 3131 350 3173 aum
374 3111 515 3174 materiali
538 3112 730 3174 comminuens
755 3113 895 3176 materiae
916 3133 1001 3197 quam
1024 3111 1148 3174 habebat
1172 3110 1230 3172 vim

71 3213 197 3296 illigare
213 3211 368 3274 malueritl
411 3210 496 3296 Quod
516 3213 540 3275 si
559 3213 616 3276 vim
633 3213 681 3276 ille
697 3235 779 3277 auam
796 3213 962 3278 immisoere
980 3213 1074 3298 eupit,
1100 3233 1156 3276 non
1176 3213 1233 3275 erit

73 3314 175 3378 aliena
193 3314 327 3378 materia.
373 3311 427 3380 Sin
445 3325 492 3378 est
506 3315 619 3394 aliena,
643 3317 707 3400 quis
723 3317 750 3379 ei
768 3317 813 3379 ius
830 3317 858 3380 in
875 3317 1026 3380 materiam
1045 3325 1232 3400 potestatem-

72 3417 320 3501 queooneessitl
363 3417 631 3501 Aeprimumillnd
650 3417 915 3497 volomihidioas‚
946 3419 1103 3504 impostor,
1137 3427 1231 3480 utrum

71 3519 194 3582 animae
209 3517 343 3582 induntus
360 3519 443 3596 odiu,
468 3539 504 3581 au
521 3521 596 3604 quod
612 3521 739 3583 futurum
758 3521 991 3605 malignumue,
1016 3519 1137 3582 materia
1155 3518 1230 3581 illam

72 3620 286 3684 adstrinxerit.
315 3617 386 3684 Non
400 3620 499 3685 dubito
512 3623 579 3705 quin
596 3622 697 3686 hortum
712 3643 848 3686 asserere
861 3633 994 3687 neutrum
1009 3623 1129 3686 audeas.
1159 3619 1232 3684 Pro-

71 3723 123 3786 eul
141 3722 222 3786 enim
239 3721 315 3784 absit
331 3725 480 3786 materiam
499 3735 531 3787 ut
547 3745 653 3809 eorpus
668 3726 861 3810 appellemus,
892 3736 1007 3789 autres
1024 3745 1041 3786 a
1059 3725 1114 3787 deo
1131 3725 1230 3787 eondi-

71 3837 134 3889 tao.
184 3819 245 3887 Sed
266 3825 386 3888 alteriue
408 3825 557 3890 cuiusdam
581 3829 718 3892 materiae
741 3829 884 3912 scriptura
907 3825 1037 3890 meminit
1060 3837 1124 3911 post
1144 3825 1229 3890 vilem

70 3928 154 3992 haue
175 3936 207 3990 et
227 3925 388 4004 ubicolam,
420 3948 494 4011 quae
517 3928 635 3992 nuilibet
655 3930 710 3994 arti
734 3931 872 4016 operique
896 3929 1076 4015 proponitur.
1123 3927 1230 3993 Cuius-

71 4029 156 4092 modi
174 4037 223 4090 eot
238 4027 287 4092 itte
303 4029 351 4112 qui
368 4048 407 4093 ex
422 4031 518 4094 auimo
537 4031 673 4115 pullulat,
703 4032 870 4117 inquinatus
888 4032 975 4096 animi
993 4041 1089 4094 motus
1105 4051 1140 4094 ae
1156 4031 1231 4094 lutu-

70 4132 176 4196 lentae
192 4131 302 4214 peeoati
319 4131 528 4215 cogitationes,
553 4153 628 4217 quae
643 4153 684 4197 ex
699 4135 891 4198 foetidissimo
905 4155 1016 4211 coeno,
1041 4134 1122 4197 velut
1134 4133 1230 4196 deter-

70 4235 170 4298 rimus
186 4252 280 4317 vapor
294 4253 329 4296 ae
347 4233 486 4317 pestilens
502 4233 640 4320 spiritus,
671 4236 799 4300 exhalat.
846 4234 942 4320 Quam
959 4235 996 4299 ob
1014 4255 1146 4299 oauasam
1162 4235 1385 4306 bea-ramma·

70 4369 250 4502 “impla‘'
262 4371 563 4504 anwqqepqpptm.
584 4443 627 4492 Η
671 4375 863 4496 ἱυιιιοδσοῖιιιιιιιιι
878 4381 901 4426 at
915 4377 1033 4426 Ριιιιιιιιιι.
1067 4373 1132 4424 ttort
1148 4373 1231 4424 noent

125 4475 132 4488 .
305 4455 318 4490 ιι
523 4455 556 4491 ιιι.
602 4457 646 4492 ιι·
704 4457 717 4502 ς
747 4459 814 4508 μας.

70 4521 345 4644 ‘alimmum
357 4577 465 4627 oteeraru
475 4579 637 4641 eorrtpmdaaa
669 4511 918 4648 selpolldale'd‘e
930 4513 1126 4635 mellitam
1148 4511 1232 4560 mm
