2986 4996
322 313 459 367 rnunuu
476 313 552 365 nov.
569 311 739 366 ussussss
756 313 851 364 mur.
867 313 980 366 nour.
1180 301 1221 364 29

169 431 323 498 Caeterum
348 433 397 516 qui
420 433 492 496 haec
515 443 616 496 nostra
638 431 843 515 cuiuscumque
865 430 1044 515 quaestionis
1064 431 1159 515 gratia
1180 436 1221 499 le·
1240 447 1298 514 Cap.
1317 447 1348 499 u.

93 547 171 621 gest,
192 536 219 599 id
241 545 310 598 aute
328 535 429 597 oculos
452 533 578 597 babeant
596 533 700 612 velim,
724 555 777 618 pro
798 543 957 618 temporum
979 534 1222 618 occasionumque

93 639 165 721 copia
181 637 301 699 inventa
318 636 390 699 haec
408 655 505 699 essee
523 635 607 698 nobis
625 636 735 714 omnia,
759 655 954 719 quaecumque
972 655 1025 719 pro
1041 635 1126 700 buius
1142 637 1224 721 inge-

93 738 154 800 nioli
173 738 309 800 facultate
326 737 506 820 investigare
522 736 684 821 potuimus,
708 755 803 820 neque
823 735 949 798 omnium
969 757 1044 820 quae
1066 737 1096 800 iu
1118 740 1223 802 mundo

91 850 151 902 sunt
167 838 369 902 tractationem
384 837 437 901 hoc
454 838 483 900 iu
501 858 590 922 opere
607 836 747 921 proliteri.
791 833 869 898 Nam
887 857 980 921 neque
998 840 1165 922 percenseri
1181 841 1223 903 di-

92 942 189 1020 eeudo,
220 959 317 1024 neque
341 959 462 1002 numero
485 939 689 1025 comprehendi
714 949 851 1022 possunt,
880 949 965 1021 atque
985 949 1016 1002 ιιι
1037 939 1223 1004 humanarum

91 1041 185 1104 virium
201 1051 317 1124 captum
333 1050 516 1124 exuperant,
538 1041 579 1102 ita
595 1039 649 1102 soli
665 1039 792 1101 omnium
810 1037 926 1102 domino
945 1051 1094 1124 perspecta
1111 1052 1224 1106 suntet

92 1144 208 1226 cognita.
241 1139 302 1206 Sed
319 1142 480 1204 eudemum
499 1140 622 1204 instituti
636 1141 728 1203 nostri
744 1140 820 1202 ratio
835 1149 892 1218 est,
912 1149 943 1203 ut
958 1140 1109 1224 opiniones
1123 1143 1224 1227 cogni·

92 1245 234 1328 tionesque
251 1244 363 1320 rarius,
386 1258 422 1306 ac
439 1253 495 1306 tam
514 1241 580 1306 fidei
595 1263 678 1327 quam
696 1241 872 1305 infidelitatis
890 1241 1098 1327 professiones,
1122 1245 1224 1308 haere·

93 1365 135 1408 ses
149 1346 216 1408 item
231 1367 267 1408 ac
284 1365 374 1427 praua
389 1345 521 1428 dogmata
539 1345 733 1428 complectar,
757 1364 831 1426 quae
848 1363 949 1406 errore
966 1342 1153 1408 circumventi
1173 1347 1224 1409 ho·

93 1446 177 1508 mines
194 1455 256 1509 tcto
279 1446 349 1508 orbe
367 1445 608 1524 disseminaruut3
632 1466 671 1508 ex
694 1466 750 1528 quo
767 1444 888 1528 primum
905 1444 1057 1508 humanum
1080 1465 1172 1528 gertus
1193 1449 1224 1510 iu

95 1557 164 1609 terra
180 1547 327 1610 conditum
344 1558 389 1609 est
408 1548 442 1608 ad
462 1547 631 1610 hodiernum
647 1567 739 1630 usque
755 1557 878 1627 tempus,
903 1547 950 1628 qni
966 1557 1011 1608 est
1027 1544 1224 1612 Valentiniani

96 1657 123 1710 et
137 1646 267 1712 Veientis
283 1669 378 1712 annus
394 1646 467 1736 XL,
492 1646 624 1712 Gratiani
641 1645 713 1711 Vll.
759 1647 856 1730 Atque
875 1646 921 1710 illa
939 1646 1072 1730 quidem,
1096 1669 1169 1732 quae
1188 1652 1224 1713 de

98 1747 256 1814 haeresibus
270 1760 320 1812 aut
334 1749 448 1813 haeresi
465 1750 542 1812 omui
558 1749 757 1834 superioribus
770 1746 908 1812 institutis
925 1749 1070 1813 disserere
1087 1771 1121 1814 ae
1134 1751 1224 1814 lecto·

96 1848 166 1914 ribus
179 1871 344 1937 proponere
358 1851 554 1935 aggredimur,
573 1861 641 1914 sunt
655 1873 672 1914 a
686 1850 769 1914 uobis
784 1848 887 1935 partim
905 1849 1035 1915 doctrina
1051 1873 1085 1915 ao
1101 1851 1226 1916 lectione

96 1955 217 2034 cognita,
245 1951 348 2037 partim
369 1953 515 2016 auditione
531 1964 683 2037 percepta,
708 1951 810 2036 partim
829 1950 915 2013 etiam
936 1951 1054 2016 auribus
1069 1952 1139 2038 ipsis
1156 1975 1225 2017 ocu·

94 2051 180 2137 lisque
198 2051 343 2117 subiecta.
387 2053 435 2118 hu
452 2053 522 2117 hacc
542 2053 743 2116 nonnullarum
763 2061 907 2115 sectarum
923 2051 1070 2134 origines,
1094 2075 1159 2118 oum
1175 2057 1227 2118 do·

95 2155 229 2236 gmatibus
254 2155 327 2240 ipsis
347 2165 483 2218 accurate
501 2155 542 2218 ita
559 2155 601 2216 uti
619 2154 742 2238 professi
763 2173 881 2230 sumus,
906 2154 1062 2218 tradituros
1084 2175 1138 2220 uos
1160 2177 1228 2220 esse

95 2255 275 2334 conlidimus3
299 2257 329 2320 iu
347 2256 412 2318 aliis
429 2267 538 2341 partem
557 2275 658 2318 eorum
675 2255 816 2318 duntaxat
833 2253 1007 2338 attingemus
1028 2277 1101 2339 quae
1118 2257 1227 2322 abillis

94 2355 159 2440 ipsis
176 2367 281 2421 exorta
295 2366 375 2436 suut,
399 2368 535 2440 quantum
554 2355 667 2441 quidem
685 2356 789 2420 velex
803 2357 997 2419 monumentis
1013 2367 1156 2437 veterum,
1180 2360 1228 2423 vel

94 2479 130 2521 ex
143 2458 288 2522 bominum
306 2459 475 2521 narratione
491 2458 539 2541 qui
554 2456 748 2541 plenissimam
766 2457 850 2520 nobis
866 2457 949 2521 bdem
967 2459 1096 2522 leceraut
1112 2458 1229 2524 haurire

95 2560 245 2644 potuimus.
291 2556 351 2624 Sed
367 2558 397 2622 iu
414 2580 476 2622 eam
494 2569 583 2622 totam
601 2558 828 2622 lucubrationem
846 2561 890 2622 sic
906 2557 1100 2640 incubuimus,
1123 2583 1181 2626 uon
1198 2573 1230 2625 ut

95 2681 144 2744 per
158 2683 208 2724 uos
223 2662 306 2747 ipsos
325 2670 430 2746 sponte
447 2681 685 2745 capesseremne,
707 2671 757 2722 aut
775 2660 804 2722 in
824 2681 858 2722 ea
874 2681 928 2723 uos
943 2673 1112 2744 argumenta
1127 2684 1229 2749 perpe-

94 2781 152 2824 ram
173 2761 414 2841 immitterem,
444 2782 518 2845 quiae
540 2759 645 2824 virium
669 2771 834 2825 nostrarum
857 2761 1047 2845 exiguitatem
1073 2775 1227 2850 superant:

94 2862 277 2946 nequeenim
297 2864 413 2926 aliunde
431 2883 503 2947 opus
518 2863 605 2941 illud,
630 2863 705 2946 quod
722 2883 792 2946 prae
809 2863 940 2926 manibus
956 2874 1012 2942 est,
1036 2867 1165 2949 aggressi
1181 2885 1230 2929 su-

94 2983 166 3040 mus,
187 2985 274 3048 quam
292 2964 367 3048 quod
385 2963 502 3027 volente
521 2965 576 3026 deo
592 2963 682 3027 variis
700 2964 771 3026 locis
788 2984 822 3027 ac
840 2965 1016 3050 temporibus
1033 2977 1133 3029 nostru
1149 2967 1184 3030 ad
1201 2967 1229 3030 id

94 3067 231 3148 agendum
244 3064 399 3128 sollicitata
413 3086 430 3128 a
443 3064 622 3149 sapientibus
635 3065 708 3128 viris
721 3064 902 3128 imbecillitas
919 3077 974 3146 est,
994 3066 1051 3130 imo
1064 3067 1150 3130 etiam
1163 3087 1229 3152 pro·

95 3167 243 3250 pemodum
267 3175 381 3230 coactu.
427 3164 596 3250 Quorume
622 3186 743 3229 numero
767 3187 822 3231 vos
847 3165 900 3251 ipsi
928 3187 1058 3251 quoque,
1082 3168 1173 3233 Aeaci
1195 3190 1230 3233 ac

93 3265 198 3348 Paule,
221 3268 384 3331 venerandi
400 3268 506 3331 fratres
523 3278 552 3330 et
569 3267 765 3332 honestissimi
779 3268 934 3331 sacerdotii
953 3270 1098 3353 collegae,
1122 3271 1231 3334 idema

95 3389 140 3432 me
158 3368 334 3454 propheticis
356 3366 450 3431 literis
474 3367 652 3452 postulastis.
696 3366 789 3452 lgitnr
809 3369 942 3453 quoniam
966 3391 1023 3435 non
1047 3371 1111 3434 sine
1132 3371 1231 3435 divino

95 3469 210 3533 numine
225 3489 267 3533 ex
282 3469 427 3532 immensa
441 3469 485 3532 dei
507 3489 658 3534 serrorum
675 3470 796 3535 caritate
812 3479 854 3532 tot
876 3470 906 3533 in
923 3493 1008 3535 uuum
1024 3472 1111 3536 uideo
1127 3473 1231 3536 collata

95 3570 261 3655 petitionum
278 3571 436 3654 suffragia,
460 3572 534 3655 quod
552 3593 570 3635 a
587 3593 632 3634 me
648 3582 705 3636 tam
725 3573 814 3635 enixe
832 3572 988 3655 flagitatum
1007 3583 1063 3651 est,
1087 3575 1164 3637 nullo
1180 3593 1232 3636 ne-

95 3693 149 3754 que
171 3671 314 3736 orationis
338 3672 418 3736 cultu
435 3693 529 3756 neque
546 3694 651 3738 uocum
671 3673 840 3751 lenociniis,
864 3673 915 3736 scd
938 3674 1116 3758 simplicibus
1133 3675 1232 3738 verbis

94 3773 215 3858 rudique
230 3793 386 3851 sermone,
410 3774 572 3838 certissima
597 3785 692 3837 tamen
715 3773 842 3838 omnium
866 3795 939 3859 quae
957 3777 1144 3860 proponenda
1166 3788 1236 3840 suut

94 3873 167 3953 bde,
191 3874 303 3937 initium
326 3875 438 3938 dicendi
462 3875 577 3938 faciam.

176 3974 223 4037 Aa
235 3973 386 4039 Nicander
408 3977 522 4060 quidem
547 3989 631 4060 poeta
657 3977 692 4040 de
713 3977 890 4062 serpentium
909 3999 944 4041 ac
963 3979 1104 4063 reptilium
1127 3990 1232 4044 natura
1250 3996 1310 4064 cap.
1325 3999 1370 4049 tlt.

95 4075 243 4140 disseruit.
287 4077 348 4141 Alii
376 4097 450 4142 vero
478 4078 636 4164 scriptores
661 4080 697 4142 de
727 4079 855 4142 radicum
885 4079 1096 4164 herbarumque
1124 4081 1235 4145 viribus

94 4247 201 4309 ιητυιῶι
217 4251 312 4298 eontecat
326 4249 450 4309 Petuntur,
475 4253 496 4297 et
511 4250 556 4298 los.
573 4249 649 4298 Scutt-
682 4253 741 4297 nno.
774 4250 865 4311 Reliqui
885 4251 938 4298 tibin·
959 4244 1177 4316 διασκοπήσαιτιις
1193 4251 1237 4300 ho·

94 4328 143 4375 per.
179 4316 250 4377 Vulgo
267 4320 331 4364 catut
347 4314 516 4380 προφητικῶν.
683 4317 742 4365 heah
775 4318 819 4365 los.
836 4318 955 4378 Srcltpero
973 4319 1062 4378 placuit
1078 4312 1237 4383 διεσκόπησα

130 4377 168 4432 ll.
191 4383 226 4432 lta
249 4384 302 4432 eud.
325 4384 378 4432 Vere
422 4383 493 4445 Vulgo
517 4377 650 4449 φιλοκαλὸ-
683 4376 736 4440 τὰς.

95 4463 172 4501 raam
719 4448 757 4501 16.
783 4449 845 4504 ulca
869 4451 920 4500 ced.
947 4453 1023 4502 Vener.
1065 4449 1102 4512 cla
1125 4443 1140 4504 ‘d
1167 4453 1238 4514 culpo

130 4517 171 4568 15.
186 4509 362 4583 διασκοπήσας
376 4513 422 4578 τὰς
436 4518 491 4568 dedt
506 4531 536 4569 ea
548 4518 599 4568 cod.
610 4520 651 4568 Ve—
684 4521 754 4568 eatot.
