3008 4996
370 325 506 380 sanatur
523 325 586 376 ΗΒ.
602 325 621 376 l.
637 325 719 376 ΤΟΜ.
732 324 764 376 ll.
782 323 879 375 lidlill.
893 325 1002 376 xxvn.
1198 313 1258 375 205

106 469 177 512 ¹rrarn
194 464 303 510 nomen
318 445 380 508 scis
395 444 530 508 omnibus
545 442 670 523 affinxit,
687 442 871 528 indidemque
887 440 1021 508 Gnostici
1035 441 1089 521 illi,
1109 445 1262 528 dequibus

110 549 249 635 proxime
275 547 501 634 disputavimus,
527 541 731 630 Catagnostici
752 543 866 629 potius,
896 545 950 608 boc
974 555 1020 610 est
1042 549 1192 610 Bcnmctea
1213 569 1262 633 ap·

109 649 252 738 pellendi.

200 749 261 817 Sed
278 761 311 816 nt
326 750 360 815 ad
373 747 583 834 Carpocratem
600 749 729 828 redeam,
748 749 775 812 is
790 767 956 833 supremum
973 748 1087 832 quidem
1104 750 1262 836 principum
1282 760 1342 828 Cap.
1358 763 1391 814 11.

111 875 203 919 nuum
228 853 352 929 asserit,
382 851 564 934 eundemque
587 860 737 934 parentem
761 849 906 927 ommium,
935 859 965 912 et
987 851 1184 933 incognitum,
1209 874 1263 916 nec

111 957 173 1020 ullo
197 953 315 1018 nomine
335 952 541 1036 significatum,¹
550 951 668 1036 perinde
689 961 721 1014 ut
738 951 845 1024 caeteri
869 951 966 1014 studet
983 971 1130 1016 asserere.
1174 951 1265 1018 Mon-

110 1059 180 1124 dum
197 1077 272 1119 vero
290 1066 320 1118 et
339 1073 413 1139 qnae
431 1054 538 1126 mundo
554 1053 743 1116 continentur
759 1051 795 1114 ab
813 1051 925 1134 angelis
947 1071 1015 1114 esse
1035 1053 1128 1131 lacta,
1152 1054 1200 1137 qui
1219 1056 1264 1118 in-

110 1158 237 1244 cognito
252 1157 302 1220 illo
317 1166 438 1241 parente
456 1155 542 1239 longe
560 1154 729 1218 inferiorem
746 1153 893 1237 dignitatis
907 1153 1038 1216 ordinem
1059 1163 1170 1219 tenent.
1201 1153 1264 1220 lios

110 1281 188 1326 vero
206 1257 309 1322 statuit
325 1258 360 1321 ab
377 1277 513 1341 supreme
531 1257 639 1318 virtute
654 1255 822 1318 deficientes
838 1255 973 1318 mnndum
987 1253 1074 1318 istum
1092 1255 1263 1322 fabricasse.

113 1359 214 1426 lesum
234 1381 321 1444 porro
345 1358 491 1422 dominum
508 1369 639 1420 nostrum
658 1378 674 1419 a
693 1355 817 1441 losepbo
832 1355 980 1438 genitum,
1002 1356 1045 1420 nti
1062 1359 1170 1421 coeteri
1189 1379 1266 1422 mor·

113 1463 192 1528 tales
208 1461 319 1526 ex⁴virl
335 1459 523 1543 mulierisque
539 1458 652 1522 semine
667 1468 868 1542 procreantur.
899 1455 985 1520 Hunc
999 1459 1047 1540 qni
1061 1458 1131 1522 nibil
1146 1460 1265 1522 nurnine

113 1563 240 1648 reliquis
259 1561 295 1626 ab
311 1561 475 1626 bominibus
495 1560 639 1637 differret,
662 1559 739 1622 vitae
756 1559 849 1621 solnm
865 1579 987 1641 genere,
1011 1581 1046 1622 ac
1063 1560 1264 1643 temperantia,

114 1678 144 1730 et
167 1666 298 1740 virtute,
322 1684 355 1726 ac
377 1661 487 1726 institia
509 1661 704 1746 praestitisse.
748 1658 808 1725 Sed
832 1681 896 1722 curn
922 1661 1042 1724 irmiori
1065 1662 1265 1747 vegetioriqnc

114 1789 206 1853 quam
224 1765 273 1828 alii
290 1763 423 1828 domines
442 1773 522 1828 esset
539 1764 633 1826 anima
650 1761 815 1847 praeditus,
838 1781 997 1845 eorumque
1014 1783 1088 1847 quac
1104 1783 1219 1827 sursum
1236 1764 1266 1827 in

114 1867 262 1952 incogniti
281 1866 409 1951 parentis
433 1864 571 1928 comitatu
586 1865 700 1928 rideret
720 1864 917 1942 meminisset,
941 1863 1086 1928 immissas
1108 1865 1143 1927 ab
1165 1865 1267 1929 eodem

115 1981 244 2058 parente
260 1969 289 2030 in
307 1969 370 2031 cius
387 1967 511 2030 enimam
527 1966 652 2030 virtutes
671 1987 738 2029 esse
752 1965 862 2041 dicunt,
887 1975 918 2028 ut
934 1985 1035 2028 eorum
1052 1987 1126 2048 qnae
1142 1987 1268 2052 aspexe-

116 2083 164 2138 rat
183 2070 339 2134 recordata
356 2068 603 2151 corroborataque
623 2067 790 2130 conditores
806 2065 885 2130 orbis
900 2066 1019 2150 angelos
1036 2068 1189 2152 effugeret,
1213 2069 1269 2132 ltoc

116 2175 184 2260 ipso
207 2173 283 2256 quod
301 2191 353 2255 por
370 2170 467 2233 omnia
485 2189 583 2233 rerum
602 2169 720 2252 quaein
739 2168 845 2231 mundo
863 2178 947 2244 sunt,
970 2167 1174 2253 actionumque
1194 2189 1270 2253 qnae

117 2277 154 2340 ab
172 2273 340 2338 hominibus
359 2270 573 2356 suscipiuntur,
598 2291 707 2353 genera
726 2269 883 2347 transiret,
906 2270 1037 2353 adeoque
1054 2271 1179 2334 scelesta
1199 2290 1270 2334 exe·

116 2377 288 2458 orandaque
309 2373 469 2436 clanculum
488 2373 618 2436 incinere
637 2381 836 2456 perpetraret,
860 2382 891 2434 ut
911 2371 952 2433 ita
970 2372 1083 2434 demum
1107 2372 1270 2436 actionibus

119 2477 258 2543 omuibus
276 2476 444 2560 perfuncta,
468 2473 617 2557 liberaque
640 2474 740 2536 eadem
762 2471 829 2536 lesu
845 2472 942 2535 anima
964 2473 1143 2557 incognitum
1161 2474 1197 2538 ad
1219 2495 1270 2559 pa-

119 2591 237 2644 rentem
256 2577 406 2654 evolaret,
431 2596 522 2659 aquo
542 2575 610 2638 illae
629 2585 713 2638 erant
733 2573 857 2638 virtutes
875 2573 1024 2638 immissae
1044 2595 1164 2658 quarum
1182 2575 1271 2640 bene-

120 2681 190 2746 licio
213 2700 266 2766 per
289 2678 386 2742 omnia
409 2677 449 2742 uti
471 2675 598 2740 diximus
620 2677 766 2740 actionum
788 2695 898 2759 genera
923 2675 1054 2739 traducta
1078 2676 1272 2762 exsolutaquc

120 2803 242 2848 sursum
264 2779 300 2844 ad
325 2801 391 2844 eum
414 2787 592 2864 penetraret.
637 2775 688 2842 Sic
710 2797 784 2862 quac
808 2775 871 2839 eius
892 2775 1002 2840 similes
1025 2787 1125 2840 essent
1145 2778 1271 2858 animae,

122 2885 229 2948 iisdem
247 2880 377 2944 addictas
391 2879 507 2958 studiis,
531 2880 691 2963 eodemque
707 2879 792 2941 modo
806 2877 957 2956 liberatas,
981 2878 1015 2942 ed
1030 2878 1208 2962 incognitum
1223 2902 1274 2966 pa-

121 2995 241 3050 rentem
257 2981 376 3045 evolare
394 3003 521 3058 sursum,
546 2981 612 3044 dum
629 2978 825 3043 functionibus
841 2979 974 3044 omnibus
990 2979 1089 3058 obitis,
1113 2992 1144 3043 et
1158 2980 1193 3042 ab
1210 2983 1274 3045 uui·

120 3087 224 3150 versis
245 3083 353 3169 pariter
375 3083 528 3168 expeditae
545 3082 681 3167 deinceps
703 3081 732 3144 in
750 3080 915 3144 libertatem
932 3091 1115 3144 asseruntur.
1161 3079 1274 3146 Verum

124 3187 203 3272 quod
222 3186 320 3249 anima
338 3181 404 3247 lesu
424 3185 452 3246 in
473 3181 642 3248 ludaeorum
658 3182 762 3246 ritibus
779 3183 905 3246 enutrita
921 3183 1043 3266 angelos
1060 3183 1126 3246 illos
1145 3195 1275 3248 oontem-

125 3291 255 3376 psisset,
280 3285 318 3348 ob
334 3285 362 3348 id
378 3285 503 3349 virtutes
519 3283 686 3368 accepisse,
710 3283 814 3367 quibus
835 3303 899 3346 cum
920 3283 1086 3348 constitutis
1108 3277 1143 3347 ad
1166 3305 1275 3369 poenas

127 3389 279 3454 bominum
298 3385 535 3472 perpessionibus
559 3385 677 3469 deiungi
703 3385 862 3470 potuisset,
892 3385 1077 3448 mundi'illos
1098 3385 1275 3449 architectos

129 3489 358 3556 transcenderit.
392 3486 498 3569 Neque
513 3486 629 3552 veroid
647 3507 731 3550 urtam
750 3484 818 3550 lesu
835 3485 959 3548 animam
976 3487 1116 3570 perlicere
1133 3487 1275 3571 potuisse,

128 3593 182 3656 sed
199 3601 230 3656 et
246 3590 331 3652 aliam
349 3590 522 3674 quamlibet,
546 3609 620 3673 quae
636 3609 689 3672 per
706 3589 837 3651 actiones
855 3587 996 3650 eiusmodi
1012 3589 1218 3672 progressione
1235 3590 1278 3653 la·

130 3705 180 3757 cta
204 3711 295 3776 snper
312 3691 479 3754 conditores
495 3689 574 3753 orbis
591 3689 710 3774 angelos
727 3690 825 3752 ellerri
843 3689 985 3772 potuerit3
1009 3688 1081 3752 haec
1098 3691 1175 3752 euim
1192 3690 1218 3753 si
1233 3690 1278 3754 vi·

128 3815 179 3859 res
195 3794 344 3878 acceperit
359 3793 439 3877 paria
456 3813 520 3855 cum
539 3789 605 3854 lesu
623 3791 779 3874 eademqne
797 3789 972 3874 praestabit,
997 3801 1029 3854 nt
1044 3791 1128 3875 paulo
1144 3802 1212 3854 ante
1234 3792 1277 3854 di·

129 3897 244 3960 ximus.
283 3891 405 3977 Exque
424 3892 521 3958 miseri
539 3893 587 3956 isti
604 3891 771 3976 impostoris
787 3893 864 3955 illius
879 3892 979 3955 lraude
996 3893 1108 3976 decepti
1126 3902 1183 3954 tam
1201 3893 1278 3956 into·

130 3995 246 4061 larabili
264 3996 432 4080 arrogantia
451 4005 530 4071 sunt,
556 4005 588 4058 ut
604 4015 636 4058 se
654 3994 701 4058 vel
719 3993 834 4079 ipsimet
853 3991 920 4056 lesu
938 3994 1157 4078 anteponendos
1174 3995 1279 4058 existi-

131 4109 225 4162 ment.
271 4094 384 4159 florum
400 4095 448 4159 alii
473 4117 531 4158 non
554 4096 669 4179 quidem
689 4093 773 4173 lesu,
796 4097 847 4159 scd
864 4093 971 4174 Petro,
995 4095 1149 4174 Andreae,
1171 4093 1277 4176 Paulo,

133 4199 243 4264 ceteris
260 4199 401 4283 apostolis
415 4209 563 4282 praestare
578 4217 645 4262 sese
660 4197 758 4260 dicunt
775 4219 839 4260 cum
856 4196 1030 4261 abnndantia
1048 4196 1170 4279 quedam
1184 4196 1281 4261 scien-

133 4301 203 4378 tiae,
227 4310 289 4362 tum
306 4300 381 4383 quod
396 4299 621 4384 progressiones
635 4300 733 4361 varias
747 4319 782 4362 ac
798 4300 937 4362 decursus
953 4299 1038 4382 longe
1055 4299 1091 4360 iis
1106 4299 1280 4363 cumulatius

134 4401 274 4465 obierint.
318 4398 461 4464 Nonnulli
482 4421 552 4464 vero
567 4411 634 4463 sunt
653 4401 700 4483 qui
721 4401 799 4463 inter
820 4421 852 4465 se
870 4422 903 4462 ac
921 4400 1068 4463 dominnm
1085 4409 1215 4463 nostrum
1233 4397 1280 4462 lc-

135 4523 200 4567 sum
219 4499 370 4566 Christum
393 4502 463 4566 nibil
481 4503 627 4568 interesse
647 4513 799 4566 censeant.
845 4498 958 4587 Quippe
983 4500 1096 4566 animae
1118 4521 1157 4566 ex
1179 4502 1281 4566 eadem
