3006 4990
17 559 19 684 l

307 309 443 362 ransart
458 311 534 363 ADV.
550 310 717 362 HABRESES
740 310 978 378 Lttt.1.'rott.tt.
1153 305 1208 366 141

94 425 203 509 ignotum
227 428 284 492 sibi
307 439 388 494 esset
409 430 576 494 efficerent?
621 427 763 508 Minime,
794 429 904 513 inquit,
934 430 1123 514 ignorabant,
1153 432 1213 496 inno

93 529 148 610 qnid
164 529 253 594 acturi
271 543 372 595 essent
386 531 604 596 intellexerant.
648 532 710 595 Aut
725 530 814 615 igitur
829 533 863 596 ad
879 532 947 596 illud
966 534 1076 597 laoinns
1092 554 1213 618 aggres-

92 649 164 693 suros
182 632 254 695 istos
272 632 409 697 coelestis
426 630 529 696 Virtus
544 631 672 711 sciebat,
702 643 752 696 aut
770 634 895 696 nondum
913 634 1036 698 sciebat.
1081 631 1212 698 Soivisse

91 733 240 813 respondet.
287 732 405 816 Quaero
420 734 518 817 itaque
536 755 602 797 num
620 733 685 798 illos
703 755 739 797 eo
757 733 879 799 consilio
896 755 950 798 neo
966 757 1004 799 ne
1019 747 1051 800 nt
1068 735 1122 799 boc
1138 738 1213 800 lace·

17 839 18 864 ¹
90 842 145 894 rent
158 835 336 918 produxerit.
373 833 473 918 Negat
485 855 522 899 eo
535 835 658 898 oonsilio
672 835 839 920 productos.
875 833 957 899 Nibil
971 837 1047 900 enim
1063 836 1119 902 nisi
1134 839 1213 922 ipsos

92 935 213 998 condidit.
257 937 301 1000 At
317 936 346 1000 bi
361 935 523 1000 inconsulte
541 935 662 1000 coelesti
682 935 799 1001 Virtute
813 956 846 1000 se
862 937 896 1000 ad
912 937 1054 1021 opificium
1071 938 1146 1002 istud
1164 960 1214 1001 ae·

90 1033 240 1101 cinxerunt.
284 1035 366 1122 Ergo
387 1039 462 1121 quod
485 1037 593 1120 Angeli
616 1036 849 1120 cognoscebant,
882 1039 1017 1104 eoelestis
1038 1036 1143 1120 Virtus
1163 1039 1212 1104 illa

89 1136 241 1201 nesciebat?
285 1135 497 1202 Onnortaliom
520 1140 606 1222 longe
629 1140 755 1202 omnium
780 1140 982 1204 stolidissimel
1026 1137 1067 1202 lit
1090 1139 1212 1203 bominis

87 1245 217 1302 structura
230 1241 384 1316 consistet,
408 1251 599 1325 sanctoresqne
617 1240 694 1304 illius
711 1241 819 1323 Angeli
838 1241 901 1304 eius
918 1242 962 1304 rei
978 1241 1109 1306 notitiam
1126 1239 1213 1304 babe-

87 1334 162 1414 bnnt,
183 1351 269 1424 atque
284 1341 399 1405 interim
416 1341 510 1405 virtus
528 1340 578 1406 ille
595 1363 668 1426 qnae
684 1342 817 1426 Angelos
834 1343 971 1427 produxit
985 1341 1013 1404 in
1030 1340 1213 1426 ignoratione

86 1439 255 1506 versabitur?
295 1439 377 1508 Sane
400 1463 535 1528 perquam
559 1443 614 1508 boc
634 1443 752 1506 stultum
774 1454 818 1508 est
843 1465 878 1508 ae
901 1442 1067 1523 ridiculum3
1098 1462 1162 1506 oum
1184 1451 1214 1506 et

87 1559 146 1622 opus
157 1544 268 1608 artilice
281 1565 336 1606 auo
350 1545 518 1627 perfectius,
538 1554 567 1609 et
579 1544 759 1628 Angelorum
776 1556 925 1608 auctorem
939 1545 1063 1628 Angelis
1078 1543 1149 1629 ipsis
1164 1543 1211 1626 qui

85 1635 214 1708 bominem
232 1646 395 1709 conburunt
407 1645 626 1710 imbecilliorem
639 1645 807 1710 constituat.
841 1643 1037 1727 Quamobrem
1055 1644 1110 1710 boc
1123 1663 1212 1708 unum

85 1746 240 1808 necessario
255 1757 401 1832 superest,
425 1757 457 1810 ut
472 1757 500 1809 te
515 1747 550 1810 ad
566 1767 655 1810 nnnm
670 1748 766 1810 narnia
780 1747 960 1831 eundemque
976 1747 1154 1810 conditorem
1170 1756 1213 1810 at·

84 1863 129 1924 que
149 1847 182 1909 ad
203 1847 382 1931 singularem
403 1847 593 1932 principatum
614 1849 725 1912 reterre
748 1851 870 1912 fateare.

152 1945 270 2012 Etenim
292 1948 363 2012 deus
384 1960 468 2033 pater
483 1949 629 2014 bominem
645 1970 709 2012 enm
730 1950 854 2014 caeteris
873 1950 1005 2014 omnibus
1023 1958 1126 2034 suopte
1143 1959 1214 2012 nutu
1231 1954 1291 2021 cap.
1306 1955 1337 2006 V·

82 2063 110 2106 ac
123 2047 270 2113 volontate
285 2051 466 2135 procreavit,
490 2071 548 2114 non
563 2050 688 2135 Angeli,
713 2073 806 2136 noque
824 2072 864 2114 ex
880 2051 1061 2134 Angelorum
1078 2050 1211 2116 consilio.

82 2141 236 2214 Nemeum
262 2152 333 2214 deus
356 2154 397 2214 ita
418 2152 532 2216 locutus
555 2163 618 2216 este
648 2157 796 2215 Faustinus
816 2156 968 2226 homiaem,
999 2157 1050 2214 Ad
1067 2156 1214 2232 cinogtiuem

81 2261 206 2326 menon,
231 2252 326 2332 dixit,
350 2275 407 2316 non
428 2258 480 2316 Ad
494 2259 642 2334 annnam
661 2255 812 2318 duntaxat.
859 2252 973 2338 Quippe
993 2254 1027 2316 ad
1048 2253 1132 2318 buius
1152 2253 1214 2338 opi·

80 2345 129 2411 licii
147 2354 379 2418 communionem
402 2355 520 2418 verbum
543 2377 625 2418 suum
649 2355 829 2439 eundemque
851 2355 938 2418 lilium
961 2356 1075 2420 unicum
1097 2354 1214 2418 adbibe-

80 2449 136 2530 bat,
165 2465 270 2540 estque
291 2457 450 2520 communis
470 2457 525 2520 iste
549 2455 673 2520 fidelium
690 2455 815 2520 omnium
834 2477 940 2520 sensus
961 2477 978 2518 a
1001 2456 1125 2521 veritate
1148 2477 1214 2540 pro-

80 2551 180 2634 iectus,
208 2577 335 2642 quacum
357 2558 576 2622 accuratissime
594 2557 748 2636 convenit,
781 2557 808 2621 id
833 2559 908 2642 qood
929 2558 994 2621 aliis
1019 2556 1214 2643 compluribus

79 2651 145 2718 locis
159 2660 314 2724 manifeste
328 2679 363 2722 ao
379 2659 492 2743 prolixe
509 2679 609 2722 sumus
627 2659 766 2744 protessis
791 2659 925 2722 nimirum
940 2659 1028 2722 filium
1047 2680 1064 2722 a
1080 2670 1162 2744 patre
1178 2661 1213 2722 ad

79 2761 262 2824 communiter
280 2760 490 2844 procreandum
509 2760 653 2824 bominem
671 2760 787 2837 vocari,
819 2781 872 2844 per
892 2781 975 2845 quero
997 2760 1086 2825 blium
1104 2761 1213 2844 reliqua

79 2859 166 2922 omitia
180 2862 366 2946 produxerit.
404 2857 464 2924 Sed
480 2882 574 2945 oeque
591 2861 679 2926 lilium
695 2862 837 2926 duntaxat
851 2861 988 2926 advocari
1003 2861 1138 2940 dixerim,
1155 2861 1214 2927 imo

77 2977 142 3022 cero
159 2973 295 3027 sanetum
315 2960 401 3025 etiam
420 2962 569 3048 spiritum:
604 2964 692 3024 Verbo
713 2968 784 3026 eninr
804 2967 910 3028 domnini
925 2966 1364 3044 coelifirnrnn'sant,1³ealnsa‚e

77 3072 101 3119 et
113 3068 213 3142 spiritu
228 3069 292 3126 oris
309 3068 369 3124 eaba
387 3070 475 3126 onmr's
491 3068 581 3126 aima
599 3087 704 3128 eorum.
751 3061 908 3130 Caeterum
926 3067 989 3130 sive
1005 3073 1126 3149 sponte,
1149 3064 1213 3127 sive

76 3163 170 3230 nolens
185 3164 242 3230 boe
260 3162 429 3230 Saturnilus
440 3165 574 3230 *haeresis
588 3176 691 3230 auctor
703 3167 855 3253 admittere
869 3179 1002 3252 cogetur,
1020 3187 1108 3230 uuum
1122 3164 1215 3230 omni-

76 3283 109 3324 no
121 3267 202 3330 deum
217 3287 254 3332 ao
268 3264 416 3330 dominum
429 3287 496 3330 esse
512 3268 690 3332 conditorem
703 3269 907 3333 universorum
920 3276 948 3332 et
959 3269 1111 3344 artificem,
1126 3266 1214 3330 aden-

75 3387 123 3447 que
143 3369 191 3434 vel
214 3367 347 3432 bominis
364 3367 466 3453 ipsius.
510 3366 634 3433 Pudebit
649 3369 769 3454 insuper
784 3369 863 3435 illum
880 3369 960 3434 velut
977 3369 1213 3434 calumniatorem

76 3486 268 3555 eorumquae
293 3469 432 3533 adversus
457 3470 628 3553 propbetas,
659 3491 715 3536 neo
739 3493 797 3536 non
816 3473 851 3534 ad
873 3470 1010 3534 honestas
1032 3471 1145 3555 nuptias
1163 3491 1215 3533 oe-

74 3568 203 3650 quissime
222 3571 404 3636 damnandas
423 3571 536 3636 effutiit.
582 3568 696 3658 Quippe
714 3572 845 3637 dominus
862 3581 963 3635 noster
980 3569 1063 3636 lesus
1079 3569 1215 3636 Christus

74 3668 100 3730 in
120 3672 280 3759 evangelio
304 3674 455 3757 perspicue
478 3673 635 3758 propbetae
660 3683 857 3738 consentanea
880 3671 949 3736 dicit
972 3693 1006 3736 ao
1029 3672 1213 3758 pronunciat,

75 3775 199 3848 mnam
226 3777 284 3856 qui
299 3795 353 3853 per
369 3778 522 3855 propbetas
538 3777 671 3856 loquebar
692 3795 755 3836 ecee
770 3778 885 3838 odonem·
915 3795 948 3838 ac
965 3795 1101 3854 rursum,
1130 3779 1215 3836 Pater
1226 3787 1282 3833 aaut
1297 3789 1332 3844 su,
1345 3791 1365 3832 a.

73 3894 141 3936 neus
156 3899 249 3959 usque
264 3879 346 3936 modo
359 3889 502 3957 operum,
526 3863 555 3940 et
568 3898 619 3956 ego
633 3897 742 3957 operor.
788 3873 829 3940 Ut
843 3886 938 3940 autem
955 3877 1021 3959 quid
1040 3885 1142 3959 ageret
1158 3887 1214 3938 tam
1225 3855 1365 3911 ¹⁰²¹¹¹·⁶’¹¹'

72 3987 147 4057 pater
168 3980 236 4042 eius
259 3997 348 4060 quam
365 3977 428 4062 ipse
445 3977 622 4055 declararet,
654 3976 708 4040 hoc
726 3977 818 4062 ipsum
838 3977 997 4061 explicavit
1017 3977 1052 4040 iis
1074 3997 1092 4038 a
1112 3975 1215 4058 quibus

72 4075 268 4166 interrogatus
287 4078 383 4142 inerat
400 4087 584 4163 oporteretne
602 4098 724 4142 uxorem
743 4098 922 4162 quacumque
941 4097 979 4140 ex
997 4097 1102 4140 caussa
1121 4076 1216 4140 diruit·

72 4190 144 4246 tcre:
177 4184 328 4262 Quomodo
344 4184 477 4260 scripturn
498 4185 561 4240 est?
604 4183 738 4258 Quantum
755 4183 822 4240 deus
839 4183 973 4242 lemanem
988 4181 1075 4261 secet,
1109 4193 1366 4252 musea-Meem.1a,t.

100 4385 123 4436 Ἰ.
140 4385 216 4453 μόνον
233 4385 487 4436 deridenturtneort
500 4385 596 4446 lttedlp.
611 4389 631 4433 et
698 4380 722 4435 ³.
740 4379 816 4436 edroi
831 4383 989 4446 rodllbedtp.
1015 4385 1158 4446 mmoutpo
1171 4373 1217 4434 ed·

71 4453 120 4504 edd.
129 4459 206 4517 princ.
244 4455 361 4503 Petuntur
373 4454 476 4512 nmmum
496 4453 630 4502 attentes
661 4447 712 4504 ndu.

69 4525 115 4572 ted.
128 4527 258 4575 l'uttcuattt.
