3006 4990
329 287 463 342 PAHAHH
481 287 738 342 stannaturam
756 287 818 340 utu.
834 290 856 339 1.
874 289 953 342 TObl.
969 291 1000 340 ll.
1172 282 1232 344 127

174 403 266 490 igitur
287 405 390 470 eadem
408 415 472 485 est,
502 405 617 486 aiebat,
639 405 688 470 illa
705 427 779 490 quau
797 417 854 472 tum
876 406 1056 474 Graecorum
1074 430 1108 473 ao
1126 409 1233 476 Troia·
1251 430 1311 501 cap.
1323 433 1366 485 tn.

93 528 191 570 norum
209 507 386 592 temporibus
408 508 474 585 luit,
497 508 555 570 imo
573 518 603 572 et
618 518 686 572 ante
706 520 735 572 et
754 520 819 592 post
832 510 977 573 conditum
1001 512 1136 576 mundum
1155 513 1233 578 inter

92 609 220 692 Angelos
246 608 352 673 similia
372 609 512 692 quaedam
529 619 760 694 perpetraverat.
807 608 851 674 Ha
871 631 944 676 vero
963 611 1019 674 iarn
1038 634 1150 677 meeum
1174 626 1230 694 eat,

92 710 207 794 eiusque
229 731 333 774 caussa
350 709 506 789 descendi,
536 732 600 774 cum
623 732 689 774 eum
710 711 849 774 hactenus
872 712 1029 776 adventum
1045 725 1229 799 expectaret.

91 807 142 875 Est
165 811 242 876 enim
265 813 315 876 illa
330 811 422 876 Notio
443 833 527 896 quam
545 811 691 876 Homerus
707 810 851 876 Helenam
869 811 998 877 vocavit.
1043 816 1142 900 Atque
1163 817 1229 881 ideo

91 933 139 996 pro
159 913 231 976 turri
250 924 376 978 stantem
399 913 476 976 illam
500 913 678 997 sublatisque
697 913 808 978 lacibus
828 911 1010 978 Graecorum
1031 927 1133 980 eontra
1151 916 1230 982 'l'ro-

90 1013 169 1079 ianos
185 1014 308 1079 iusidias
323 1015 520 1078 moderantem
535 1015 702 1078 describere
718 1025 836 1078 coactns
854 1025 909 1078 est.
956 1013 1011 1080 Hie
1027 1017 1104 1082 enim
1123 1019 1228 1083 leuium

89 1117 180 1200 inlgor
205 1115 336 1180 coeleste
360 1117 457 1180 lumen
480 1116 517 1180 ab
545 1137 580 1179 ea
604 1119 775 1203 patefactum
801 1115 955 1200 significat.
998 1115 1076 1181 Nam
1101 1119 1228 1203 ligneum

88 1217 162 1280 illurn
185 1219 260 1302 apud
285 1217 445 1282 Homerum
469 1239 573 1300 equum
597 1239 682 1302 quent
705 1219 742 1282 de
764 1218 906 1281 industria
927 1218 1096 1282 fabricatum
1120 1219 1228 1286 Graeci

90 1331 200 1402 putant,
233 1320 377 1404 impostor
400 1320 457 1382 iste
482 1319 610 1402 gentium
634 1321 669 1382 ad
698 1319 910 1402 ignorationem
940 1320 1086 1404 pertinere
1106 1333 1229 1386 eonten-

88 1421 132 1484 dit.
177 1420 218 1487 Ut
244 1423 320 1486 enim
335 1419 476 1498 Troiani,
507 1442 573 1484 cum
592 1421 671 1484 illum
690 1423 725 1484 ad
744 1441 797 1484 sua
818 1423 934 1485 moenia
958 1441 1009 1506 per
1034 1423 1227 1505 ignorantiam

88 1525 291 1602 attraxissent,
315 1523 472 1608 perniciem
489 1522 544 1586 sibi
564 1523 782 1601 consciverunt,
807 1523 846 1586 ita
865 1534 981 1606 gentes,
1006 1524 1059 1587 boc
1075 1536 1120 1588 est
1135 1525 1226 1588 bomi-

88 1645 134 1688 ues
150 1625 294 1702 universi,
319 1624 499 1710 quiquidem
515 1624 681 1708 cognitione
697 1645 763 1688 mea
780 1636 892 1702 carent,
911 1645 951 1688 ex
970 1625 1153 1709 ignoratione
1170 1627 1226 1690 sibi

87 1726 201 1790 exitium
216 1737 384 1792 arcessunt.
426 1723 587 1790 Praeterea
600 1723 766 1790 Minervam
786 1726 907 1790 eandem
925 1745 992 1790 esse
1009 1726 1123 1790 dicebat
1140 1749 1225 1811 quam

87 1825 252 1908 Notionem,
277 1838 309 1892 ut
325 1828 463 1906 diximus,
486 1828 658 1912 appellabat.
704 1826 798 1911 Quam
816 1828 928 1892 adrem
945 1829 1067 1914 apostoli
1084 1826 1167 1894 Pauli
1182 1830 1225 1894 di·

87 1940 157 1994 ctum
172 1929 242 1994 illud
258 1929 491 2005 accommodare,
510 1930 589 1993 etad
605 1927 756 1993 mendacia
774 1949 828 1992 aua
843 1929 997 1993 veritatem
1016 1932 1132 1994 trabere
1147 1932 1225 1996 sole·

86 2029 139 2110 bat,
162 2053 227 2095 cuna
244 2032 286 2094 ita
301 2027 410 2094 Paulus
427 2030 571 2114 loquitur:
601 2035 712 2092 Indua'te
727 2035 842 2092 lumbum
850 2032 929 2110 fidei
942 2031 972 2092 et
980 2035 1092 2111 galeam
1109 2037 1221 2108 ratum,
1237 2053 1294 2111 spu
1308 2058 1329 2114 u,
1343 2057 1375 2102 ιι.

86 2145 217 2196 atumem
232 2153 269 2194 nc
282 2137 410 2212 gladium
427 2143 458 2194 et
471 2145 590 2194 scutum.
638 2130 721 2214 Quae
741 2133 840 2196 omnia
863 2133 892 2194 in
914 2153 978 2196 eum
997 2134 1082 2196 linem
1099 2135 1134 2198 ab
1154 2157 1224 2220 apo-

87 2236 154 2298 stolo
171 2236 246 2298 dieta
268 2245 300 2296 ut
315 2235 435 2297 solidam
454 2245 582 2298 mentem
604 2244 634 2298 et
656 2233 811 2298 castissimi
836 2234 914 2298 vitae
939 2234 1063 2298 instituti
1085 2237 1170 2300 bdem
1192 2247 1224 2302 et

87 2335 167 2400 diuini
180 2358 215 2401 ac
229 2335 369 2402 eoelestis
385 2337 445 2398 vim
462 2336 607 2399 sermonis
624 2334 815 2418 exprimeret,
840 2335 995 2398 circulator
1006 2336 1075 2414 iste,
1099 2337 1142 2400 sie
1160 2349 1224 2402 tan·

87 2459 162 2520 quam
180 2437 364 2504 Philistionis
379 2439 482 2502 mimos
498 2448 615 2522 ageret,
640 2436 710 2500 nibil
728 2436 804 2500 aliud
823 2457 907 2519 quam
924 2438 958 2500 ad
975 2437 1128 2502 ludibrium
1151 2461 1222 2504 oon·

86 2540 177 2603 vertit.
221 2538 299 2622 Quid
316 2538 393 2602 enim
410 2538 577 2621 inquiebat?
604 2534 712 2602 Omnia
727 2538 799 2602 baec
814 2535 969 2602 Minervae
985 2539 1083 2622 specie
1098 2539 1220 2625 mystice

87 2640 251 2706 declarabat.
299 2637 400 2722 Quare
423 2661 507 2724 quam
530 2640 682 2704 abductam
704 2637 788 2724 Tyro
814 2659 914 2703 aecum
938 2639 1060 2704 babebat
1084 2641 1220 2707 seminam

88 2743 185 2806 reteria
207 2743 285 2806 illius
301 2739 435 2808 Helenae
455 2741 657 2824 cognominem
675 2761 759 2820 eam,
791 2751 822 2804 ut
844 2740 952 2805 dictum
970 2751 1031 2819 est,
1063 2740 1221 2825 significari

85 2843 203 2922 uolebat,
225 2856 257 2908 et
274 2844 311 2908 ad
328 2863 391 2908 eam
410 2844 527 2907 nomina
542 2843 638 2906 omnia
656 2842 861 2923 transferebat,
881 2840 1032 2920 Notionis,
1049 2839 1218 2924 Minerme,

86 2941 208 3012 Helenae
231 2946 347 3030 aliaque
372 2945 591 3030 quamplurima.
636 2943 676 3010 Et
693 2944 796 3023 buius,
819 2943 929 3028 inquit,
952 2944 1047 3027 gratia
1068 2944 1217 3010 descendi.

85 3042 187 3130 Estque
206 3050 279 3112 adeo
301 3047 349 3110 illa
371 3047 406 3110 de
427 3067 484 3129 qua
506 3046 536 3109 in
553 3045 705 3130 evangelio
726 3046 864 3130 scriptum
890 3056 936 3110 est
955 3046 1020 3109 ovis
1037 3045 1214 3112 errabunda.
1241 3055 1325 3164 watpp

85 3143 144 3212 Nee
160 3148 196 3212 iis
214 3159 369 3214 contentus
386 3147 548 3231 imaginem
563 3149 723 3231 quandam,
747 3167 832 3230 quam
848 3147 894 3210 sui
909 3147 1031 3230 effigiem
1054 3167 1120 3212 csse
1138 3147 1218 3212 dioe-

85 3245 143 3326 bat,
163 3249 313 3335 discipulis
333 3249 466 3327 tradidit,
497 3249 546 3333 qui
566 3269 632 3312 eum
648 3249 703 3314 sub
724 3249 823 3334 specie
841 3245 921 3314 lovis
942 3248 1076 3312 adorant.
1119 3247 1217 3314 Aliam

86 3345 204 3416 Helenae
224 3352 347 3436 liguram
366 3350 527 3414 cuiusmodi
545 3350 623 3435 pingi
641 3348 779 3416 Minerva
796 3349 873 3414 solet
886 3349 989 3414 iisdem
1003 3349 1149 3436 discipulis
1164 3351 1217 3416 ob·

87 3452 177 3534 unit,
199 3472 287 3538 qoam
308 3471 455 3538 peraeque
477 3451 594 3516 fanatici
614 3450 656 3516 illi
676 3463 868 3517 venerantur.
911 3501 918 3534 ,
1247 3458 1250 3464 ’

157 3655 202 3722 tt
220 3657 293 3722 baec
310 3655 449 3742 mysteria
469 3656 608 3740 quaedam
627 3654 772 3720 foeditatis
791 3652 981 3740 probuniique
997 3676 1164 3740 corporum,
1183 3667 1215 3722 ut
1233 3672 1292 3744 Gap.
1308 3676 1352 3731 tv.

86 3751 221 3824 bonestiua
244 3759 355 3836 dicam,
378 3757 520 3836 instituit,
552 3757 675 3840 quaein
699 3755 828 3820 maribus
849 3756 964 3839 quidem
984 3755 1106 3822 seminis
1121 3777 1216 3822 exun-

85 3854 187 3937 dantia,
216 3860 247 3924 in
265 3859 380 3924 leminis
402 3869 550 3922 menstrua
571 3856 742 3944 purgatione
764 3857 983 3942 perficerentur.
1028 3856 1068 3920 Et
1085 3859 1121 3921 ad
1143 3858 1214 3922 bueo

84 3955 203 4024 obeunda
221 3961 363 4048 mysteria
379 3958 583 4044 spurcissimos
598 3970 761 4023 conventus
774 3959 901 4024 induxit.
945 3957 1028 4023 Haeo
1043 3960 1119 4022 enim
1136 3960 1213 4026 vitae

83 4064 291 4150 essempsteria
307 4061 594 4149 perlectissimaeque
614 4059 789 4144 cognitionis
807 4059 915 4139 aiebat,
939 4080 1012 4144 quae
1025 4060 1073 4145 qui
1089 4063 1213 4145 pruden-

82 4157 140 4225 tiam
157 4164 296 4229 divinitus
318 4162 463 4249 acceperit
477 4163 700 4227 abominandum
718 4162 852 4247 quiddam
872 4183 906 4225 no
924 4161 1112 4242 detestabile,
1136 4184 1214 4228 mor-

80 4269 183 4350 umque
199 4267 275 4330 adeo
290 4266 388 4352 potius
404 4287 490 4350 quam
506 4263 596 4328 vitam
614 4284 681 4328 esse
697 4262 846 4328 iudicabit.
891 4259 971 4328 ldem
991 4275 1143 4350 practerea
1160 4288 1213 4331 no-

80 4379 242 4501 Ὓνεηι,
257 4401 289 4434 na
302 4401 385 4434 nemen
399 4383 425 4432 in
441 4379 550 4432 mulieris
563 4380 621 4431 rnl-
654 4379 762 4440 aliaa'eo
778 4391 925 4433 conservato
942 4381 1104 4450 sanguinique
1119 4384 1211 4434 mulie-

78 4461 128 4499 ratn
153 4451 296 4514 'contemne
313 4462 356 4502 aut
369 4451 395 4500 in
410 4461 502 4501 terram
519 4448 620 4512 defluat,
655 4448 734 4500 briam
750 4459 930 4500 menstruorum
951 4449 1074 4518 permixto
1091 4469 1211 4521 promp-

78 4515 116 4566 ted
131 4519 240 4572 mam'bns
256 4529 386 4588 exceptum
401 4517 460 4570 alias
473 4515 622 4584 deglutiunt,
655 4517 736 4569 eteriia
754 4520 881 4568 utuntur.“
