3018 4994
352 311 487 363 raanan
505 312 568 364 aro.
585 313 603 367 r.
619 313 701 366 sou.
714 314 757 366 m.
774 312 873 365 naun.
884 313 1007 364 xxxrv.
1193 301 1254 366 tus

102 430 203 510 orbes,
224 453 296 515 quos
313 432 413 496 coelos
428 432 590 518 appellant:
611 433 715 498 deinde
731 434 869 497 maiorem
884 431 963 498 illum
980 432 1109 516 reliquos
1125 431 1254 496 ambien-

102 545 180 611 tem,
213 535 287 618 quod
310 543 445 598 octavum
468 536 581 599 eoelum
600 537 761 600 nominant.
807 534 967 600 Praetereo
985 536 1076 600 solem
1097 545 1127 598 et
1143 536 1252 599 lunam.

101 633 188 717 Quae
215 637 311 700 omnio
334 636 455 700 denario
479 639 688 724 comprehensu
714 659 834 702 numero
861 636 986 701 Decadis
1011 637 1106 716 illius,
1139 659 1252 722 quaec

100 737 205 802 Verbo
229 737 356 822 Vitaque
384 761 439 802 uec
461 741 647 825 aspectabilis
676 741 833 825 produxit,
865 741 985 824 liguram
1015 761 1082 804 esse
1107 739 1251 803 dictitant.

98 837 179 903 Nam
197 839 382 904 Dodecadem
402 843 472 906 orbe
490 844 539 906 illo
558 844 697 927 signifero
715 843 928 919 demonstrari3
960 843 1035 925 quod
1054 842 1203 906 duodecim
1223 842 1251 904 in

98 963 136 1004 eo
159 943 243 1025 sigua
266 943 502 1008 manifestissime
525 945 602 1008 illam
626 943 761 1008 Hominis
783 943 991 1028 Ecclesiaeque
1015 945 1099 1008 liliam
1119 942 1253 1008 lJodeca-

98 1045 165 1106 dean
182 1045 359 1130 exprimant.
406 1043 551 1130 Quoniam
568 1057 663 1111 autem
683 1049 718 1110 od
735 1046 1020 1110 uehementissimum
1037 1047 1115 1110 illum
1134 1047 1253 1110 uuiver-

99 1145 198 1210 sitatis
216 1147 354 1232 impetum
370 1149 577 1212 moderandum
593 1169 632 1214 ex
650 1149 775 1214 adverso
791 1146 937 1236 Saturnus
955 1149 1107 1212 adiunctas
1124 1159 1179 1224 εει,
1204 1148 1252 1232 qui

96 1249 260 1312 immensae
283 1251 350 1312 moli
375 1251 526 1335 proximus
548 1251 731 1335 rapiditatem
755 1251 832 1315 illam
854 1250 964 1314 inhibet
986 1273 1020 1314 ac
1043 1273 1095 1314 sua
1115 1249 1250 1314 tarditate

97 1363 285 1437 compensat,
319 1353 362 1416 sic
383 1364 415 1416 ut
432 1373 573 1417 annorum
590 1353 707 1437 triginta
724 1354 816 1438 spatio
839 1375 855 1414 a
874 1364 981 1437 puncto
999 1354 1034 1416 ad
1052 1365 1186 1438 punctum
1204 1373 1250 1416 re-

96 1455 183 1517 diens
207 1453 346 1518 circuitus
370 1477 439 1520 suus
463 1456 613 1534 absolvat,
645 1456 673 1518 id
697 1455 811 1539 quidem
831 1454 913 1519 lloro
934 1455 1053 1518 mirifice
1072 1477 1249 1539 congruere,

96 1557 144 1640 qui
165 1555 295 1640 ipsorum
312 1554 441 1622 Matrem
462 1559 579 1642 triginta
597 1558 748 1622 vocabulis
764 1557 930 1642 insignitum
950 1558 1161 1642 complectitur.
1202 1559 1249 1621 Ad

96 1659 171 1722 baec
185 1658 301 1738 lunam,
325 1681 398 1744 quae
416 1659 533 1744 triginta
550 1661 651 1724 diebus
669 1661 770 1724 orbem
786 1681 869 1724 suum
886 1661 1019 1738 conficit,
1045 1660 1098 1722 lroc
1115 1660 1177 1744 ipso
1197 1682 1250 1724 nu·

96 1782 181 1824 mero
197 1762 319 1824 Aeones
335 1762 507 1825 adumbrare
524 1763 654 1827 totidem.
695 1760 794 1826 Solem
811 1784 882 1824 vero
899 1761 1040 1826 duodenis
1058 1762 1250 1826 circumvolu-

95 1877 157 1928 tum
175 1863 324 1928 mensibus
340 1863 609 1948 conversionesque
623 1885 693 1928 snas
709 1887 743 1928 eo
757 1864 913 1928 intervallo
928 1865 1130 1928 terminantem
1147 1864 1247 1928 horum

95 1987 221 2030 numero
244 1967 386 2030 mensium
406 1964 591 2030 llodecadeur
615 1969 738 2032 reterre.
784 1964 857 2029 Dies
879 1987 966 2051 porro
990 1967 1140 2030 duodecim
1164 1967 1249 2031 hora·

94 2090 160 2133 rum
179 2070 273 2154 spatio
292 2068 425 2132 delinitos
442 2067 629 2132 simulacrum
646 2070 788 2153 quoddam
808 2069 921 2132 lucidae
938 2069 1015 2133 illius
1031 2089 1098 2132 esse
1115 2065 1249 2132 Dodeca-

94 2171 151 2236 dis.
200 2167 290 2236 Velut
311 2171 402 2250 hora,
437 2192 511 2254 quae
534 2171 705 2236 duodecima
727 2171 785 2234 diei
806 2191 873 2256 pars
897 2181 960 2250 est,
994 2169 1113 2234 tricenis
1137 2181 1183 2234 est
1203 2171 1248 2234 iu·

94 2283 209 2338 structa
225 2272 368 2356 partibus,
393 2293 466 2357 qaue
485 2272 652 2337 Triceuarii
667 2273 883 2336 similitudinem
901 2284 1018 2358 gerunt.
1065 2269 1247 2354 Quinetiam
1346 2324 1350 2341 .

94 2375 231 2458 signiferi
261 2374 338 2440 illius
368 2374 447 2438 orbis
477 2375 614 2440 ambitum
643 2374 773 2460 partibus
802 2385 938 2438 constare
969 2371 1124 2441 CCCLX.
1169 2371 1247 2438 Nam

94 2476 319 2561 unumquodque
339 2477 453 2560 signnm
471 2473 567 2540 XXX
588 2477 800 2561 ooarplectitur.
846 2474 889 2540 lta
910 2477 939 2540 iu
959 2477 1014 2540 hoc
1031 2478 1118 2540 etiam
1140 2476 1248 2541 circulo

92 2591 243 2643 serratam
266 2599 334 2642 esse
352 2581 452 2642 dicunt
472 2578 536 2643 cius
556 2578 780 2642 necessitudinis
798 2578 1006 2656 imitationem,
1038 2599 1112 2662 quae
1129 2576 1248 2642 lluode·

93 2683 208 2746 uarium
228 2680 307 2744 iuter
327 2703 361 2745 ac
380 2681 588 2746 Tricenarinm
605 2680 771 2745 intercedit.
817 2678 930 2744 Deinde
950 2691 1028 2744 terra
1044 2679 1195 2744 duodecim
1217 2679 1247 2742 in

93 2785 212 2846 climata
228 2784 423 2868 regionesque
439 2783 552 2862 divisa,
577 2793 607 2846 ει
623 2785 651 2846 in
667 2782 791 2867 siugulis
805 2781 961 2847 demissam
980 2781 1095 2846 euoelo
1111 2781 1246 2844 virtutem

93 2896 143 2950 unt
164 2884 402 2971 perpendiculum
422 2886 592 2970 excipiens,
625 2887 710 2970 eique
728 2885 845 2962 virtuti,
877 2885 954 2948 uude
971 2884 1103 2948 derivata
1120 2883 1169 2946 illa
1189 2893 1246 2962 est,

92 2986 258 3052 simillimos
280 2990 355 3052 letus
374 2988 491 3074 pariens
510 2986 716 3065 flodoardum,
747 2998 778 3052 ut
794 2986 892 3065 uiuat,
925 2986 1016 3072 ipsam
1036 2985 1157 3069 eiusque
1177 2983 1248 3047 libe-

91 3109 141 3152 ros
159 3089 317 3153 murrileste
335 3099 547 3173 repraesentat.
595 3087 718 3154 Praeter
733 3090 805 3152 haec
821 3089 1001 3152 corrditoreur
1019 3098 1157 3165 narrant,
1182 3107 1246 3150 cum

13 3207 16 3220 '
91 3211 250 3276 supremae
266 3186 414 3275 Ogdoadis
429 3191 614 3270 infinitatem,
637 3193 839 3255 aeternitatem
856 3213 890 3255 ao
905 3189 1044 3276 temporis
1059 3188 1173 3273 locique
1189 3189 1247 3252 cir·

92 3293 321 3378 cumscriptione
339 3303 488 3357 carentem
506 3293 702 3357 conditionem
720 3292 825 3357 imitari
843 3304 978 3378 cuperet,
1011 3312 1105 3376 neque
1124 3291 1198 3374 quod
1218 3291 1246 3352 iu

91 3394 141 3458 illo
167 3394 273 3460 stabile
295 3405 341 3458 est
362 3417 397 3464 ao
418 3395 625 3480 sempiternom
645 3405 746 3481 posset
765 3395 948 3478 exprimere,
982 3413 1017 3457 eo
1040 3394 1114 3477 quod
1136 3395 1246 3456 fructus

92 3509 174 3561 esset
191 3497 331 3582 penuriae
347 3519 381 3560 ac
397 3499 528 3562 delectus
541 3497 659 3581 aliquis,
682 3497 712 3560 iu
730 3507 917 3581 tempestates
933 3518 967 3560 ao
983 3507 1113 3580 tempora
1131 3506 1160 3559 et
1174 3494 1246 3558 mul·

91 3651 144 3699 rdtt.
159 3653 237 3713 princ.
263 3648 417 3704 damnosam
431 3653 654 3714 Pseudo-ortuense.
687 3653 807 3714 taterpres.

91 3715 343 3770 camedracontes.
720 3720 759 3770 to.
776 3717 820 3771 καὶ
835 3719 921 3769 odda'dt
935 3732 963 3768 ec
979 3718 1048 3768 codd.
1065 3719 1145 3766 Veneto
1162 3721 1183 3764 ει
1200 3717 1244 3765 Ve-

125 3787 164 3837 tt.
182 3783 373 3854 ιεεριερχόμειοι
389 3789 497 3849 rescripsi
510 3801 539 3837 ee
556 3789 601 3838 l’et.
614 3788 652 3837 la·
685 3791 732 3848 tte,
749 3793 770 3836 et
784 3789 829 3836 Vct.
841 3788 971 3848 later-prete.
1001 3787 1094 3836 Pseudo
1105 3787 1246 3847 -Orr'psam

90 3857 202 3916 tramete,
225 3857 356 3915 postutonte
372 3859 491 3905 sententio.
524 3856 652 3917 sptpncmt
686 3853 730 3908 καὶ
748 3850 865 3921 ὁμοίωμα
884 3853 1016 3906 τίκτουσαν
1033 3857 1083 3902 cett.

90 3922 142 3972 tttrrt
156 3936 235 3971 omues
247 3925 357 3984 praebeat
370 3939 401 3975 rra
418 3919 544 3990 ιεχόμενεε
552 3960 560 3988 ,
579 3925 651 3974 Pseu·
721 3921 759 3974 l'l.
776 3919 823 3988 τὴν
836 3917 969 3985 ἀπόρροιαι
982 3923 1049 3971 codd.
1062 3923 1135 3969 Venet.
1149 3921 1246 3983 fltedr'p.

91 3990 138 4038 do·
147 3993 259 4052 οήρειιει
277 3938 491 4058 ἐμπεριιχῑμενοι.
686 3986 752 4042 κατὰ
762 3991 858 4052 (repone
869 3987 953 4056 κάτῳ)
965 3985 1011 4052 τὴν
1025 3982 1158 4052 ἀπόρροιαι
1172 3989 1246 4068 Paqo-

128 4053 320 4112 1ἰ.δωδεκάδε
338 4060 652 4121 Pseudo-omptumett'et.
685 4061 847 4121 dottrr'penes.
879 4060 978 4120 Vutpcto
993 4059 1109 4118 scripturo
1124 4059 1155 4104 est
1168 4051 1245 4118 duop-

91 4125 214 4187 lrrtrrpres.
249 4125 396 4192 dudezela-qt
414 4128 541 4188 Eptpdoutt
558 4129 617 4177 turt.
687 4141 761 4191 porus.
784 4128 833 4178 Pro
844 4121 948 4190 δύναμιν
962 4125 1009 4174 l'et.
1017 4126 1131 4186 interpres
1139 4126 1193 4186 teptt
1203 4125 1247 4177 δυ·

125 4195 164 4244 ts.
184 4195 261 4258 κενῆς
273 4195 514 4256 Pseudo-ortuense.
540 4209 590 4244 ooo
606 4211 653 4260 sp·
686 4189 768 4258 νάμει.

92 4259 201 4324 parentis
214 4265 323 4312 concutit
335 4265 381 4312 Vct.
392 4263 521 4326 loterprm5
533 4264 594 4313 uude
602 4277 654 4314 our·
722 4265 761 4313 lo.
779 4253 884 4327 ἄμωμοι
903 4261 996 4314 Pseudo
1004 4287 1014 4298 ·
1023 4262 1140 4322 Origenes.

92 4322 245 4381 resanata}
263 4329 375 4396 φαεινῆς.
723 4327 761 4380 19.
779 4331 1021 4391 Pseudo-ormano:
1043 4327 1079 4387 ele
1096 4329 1169 4379 τοῦτο
1186 4324 1246 4396 χεό-

125 4393 166 4448 14.
182 4395 325 4464 μετρῆσὶιαι
338 4399 389 4448 cod.
401 4398 636 4462 Pseudo-Ortpeats.
687 4412 743 4455 uoce
756 4395 801 4448 καὶ
813 4392 924 4462 καιροὺς,
938 4391 979 4460 cip.
991 4413 1013 4447 τ.
1025 4413 1050 4447 ar.
1065 4391 1128 4462 πρὸς
1139 4391 1168 4448 τὸ
1184 4389 1246 4477 ειεξ-

127 4463 166 4513 15.
183 4459 301 4530 clodulei
314 4461 418 4532 δύναμιν
429 4468 657 4528 Pseudoortqeaes.
687 4481 735 4517 uror
746 4457 826 4528 αὐτῆς
838 4463 978 4516 τεθεῖσθαι.
996 4459 1135 4529 Γειᾶμενον
1148 4459 1192 4530 μὶν
1204 4479 1246 4516 ocu

93 4545 288 4600 unamquamque
305 4533 423 4586 virtutem
438 4539 507 4586 uertit
522 4535 592 4585 etlam
607 4536 654 4586 Vct.
688 4529 713 4585 dr
730 4532 767 4600 aqi
785 4529 878 4599 τελήῦει
894 4536 944 4583 cett.
