3008 4996
291 332 351 394 196
390 335 394 342 ’
711 336 831 388 sam
846 336 1014 388 εοιειιιυιι

292 455 350 541 Μή
367 481 426 539 μου
449 453 558 536 όίπτον,
586 451 671 520 ούπω
694 451 750 538 γάρ
773 451 942 534 ἀναβέβηκα
964 449 1040 535 πρός
1060 452 1112 518 τόν
1131 453 1256 534 πατίρα·
1284 454 1336 516 ἵνα
1355 455 1435 540 δείξῃ

292 557 347 642 τήν
360 554 478 644 σίγνείαν
492 554 634 640 άμέτοχον
646 556 790 638 σωμάτων
804 555 855 620 καί
869 551 975 640 όμιγῆ..
993 552 1076 618 ’Λλλό
1094 555 1144 618 καί
1158 557 1190 620 ἐν
1205 551 1280 642 όλλιμ
1296 552 1379 643 τόπρι
1393 556 1435 617 λέ-

292 685 338 746 γει
358 662 578 746 ιιιροθεσπίζον
593 655 627 722 τό
644 656 729 742 ίίγιον
743 663 869 738 πνεῦμα,
882 659 934 720 καί
945 653 994 720 διά
1008 653 1079 732 τούς
1095 658 1200 742 πρώην
1211 657 1260 722 καί
1280 656 1439 738 μετέπειτα,

184 765 440 847 μηπΜακαρία
463 769 562 844 στεῖρα
578 756 599 842 ἡ
614 756 767 841 ιίμίαντος,
796 757 861 841 ἥτις
875 755 929 822 ούκ
945 759 1019 842 έγνω
1041 760 1143 840 κοίτην
1166 761 1198 823 έν
1212 753 1440 844 παραπτώματι,

291 865 339 930 καί
360 861 513 946 εόνοῦχος,
544 860 579 938 ίίς
600 858 656 926 σόκ
677 857 831 946 εἰργάσατο
848 861 945 945 χερσὶν
966 856 1120 942 άνόμημα·
1141 862 1192 924 ίνα
1208 859 1373 946 παρακόψη
1389 859 1440 922 καί

271 963 329 1031 ιτιί
350 963 401 1031 διά
420 970 474 1030 τοῦ
495 964 598 1046 μύθου
619 959 717 1027 αύτών
739 963 770 1027 έν
790 963 889 1047 χερσίν
910 959 1173 1048 αῖσγρουργήματα.

155 1172 223 1240 Κεφ.
239 1169 276 1230 ti·
380 1164 467 1233 Πόσα
484 1166 518 1231 δὲ
533 1162 604 1230 όίλλα
621 1165 699 1229 ἔστιν
717 1166 809 1230 εἰπεῖν
815 1215 824 1244 ,
847 1161 888 1242 ώς
904 1172 959 1230 τοῦ
975 1161 1141 1230 ἀποστόλου
1158 1163 1307 1249 λέγοντος,
1335 1157 1375 1226 Ἡ
1389 1162 1443 1243 μὲν

294 1268 407 1355 ι’ίγαμος
431 1269 483 1333 καί
506 1263 525 1349 ἡ
548 1265 699 1350 παρθένος
718 1273 843 1355 μεριμνᾷ
860 1265 896 1331 τά
910 1273 964 1332 τοῦ
980 1270 1102 1350 κυρίου,
1123 1274 1189 1342 παῖς
1209 1263 1366 1351 όρέσειπιι
1388 1289 1443 1328 κυ-

293 1375 357 1460 ρίφ.
393 1376 488 1435 Τοῦτο
503 1369 537 1433 δέ
551 1389 626 1450 φησι
642 1369 734 1444 δεῖξαι
747 1367 801 1450 τόν
816 1365 931 1454 όγνείαν
945 1371 976 1433 έν
992 1365 1116 1455 άληθείγ
1132 1369 1166 1434 ἐκ
1180 1375 1234 1432 τοῦ
1250 1363 1337 1452 άγίον
1352 1363 1442 1430 πνεύ·

294 1497 385 1555 ματος
403 1466 628 1555 έπιτρεπόμενος
651 1465 688 1532 ού
705 1471 866 1555 παρέργως.
900 1467 1025 1535 Ἔπειτα
1049 1469 1082 1534 δέ
1105 1471 1173 1554 περὶ
1197 1475 1256 1534 τῶν
1274 1466 1327 1532 τόν
1345 1465 1444 1552 γάμον

295 1572 421 1658 ἐχόντων
435 1569 487 1636 τόν
501 1566 607 1652 σεμνόν
623 1570 711 1654 λέγει,
739 1576 842 1652 Τίμιος
855 1567 874 1636 ό
888 1569 982 1656 γάμος
999 1572 1050 1635 καί
1063 1567 1085 1653 ἦ
1100 1575 1184 1652 κοίτη
1201 1567 1352 1652 άμίαντος,
1368 1566 1445 1652 πόρ-

295 1699 366 1750 νους
378 1673 411 1738 δέ
427 1675 479 1738 καί
494 1667 612 1754 μοιχούς
628 1679 723 1756 κρινεῖ
734 1667 752 1735 ό
765 1670 848 1748 θεός.
889 1670 972 1736 Ἀλλά
987 1675 1037 1737 καί
1052 1669 1115 1737 κατ’
1133 1668 1231 1736 αότών
1244 1673 1351 1758 έκβοηῖ,
1373 1668 1445 1756 γρά·

295 1801 364 1858 φων
377 1772 527 1857 Ῥωμαίοις
539 1770 574 1837 τό
592 1770 695 1856 αἰσχρά
708 1770 941 1853 όποκαλόπτων,
962 1781 1022 1840 τών
1041 1773 1092 1850 τάς
1109 1777 1311 1857 κακοπραγίας
1328 1774 1446 1857 έργαζο-

296 1880 409 1961 μόνων,
429 1877 529 1961 λέγων,
551 1877 597 1938 Αἵ
608 1898 639 1938 τε
656 1872 711 1960 γάρ
727 1873 844 1958 θήλειαι
859 1872 957 1940 αὐτῶν
971 1873 1146 1960 μετήλλαξαν
1159 1873 1213 1956 τόν
1230 1871 1362 1956 φυσικόν
1374 1881 1446 1957 χρῆ·

297 2001 345 2046 σιν
362 1981 404 2054 είς
417 1975 472 2060 κήν
489 1973 571 2060 παρά
590 1977 694 2057 φύσιν·
722 1977 853 2062 καὶπερὶ
873 1983 933 2042 τών
949 1975 1082 2062 άρρίνων
1097 1975 1159 2054 ότι,
1180 1973 1320 2061 ’Ἁρρενες
1339 1977 1372 2040 έν
1393 1973 1447 2060 όρ·

294 2101 360 2166 ρεσι
376 2076 431 2162 τόν
451 2074 668 2160 αίσγημοσύνην
689 2081 937 2164 κατεργαζόμενοι.
979 2076 1070 2142 Ἀλλά
1092 2079 1142 2142 καί
1160 2078 1192 2141 έν
1208 2083 1245 2166 τῇ
1262 2075 1338 2160 πρός
1358 2075 1449 2158 Τιμό-

297 2191 373 2246 θεον
387 2182 522 2268 ἐπιστολῇ
542 2179 609 2263 περί
626 2175 740 2244 τούτων
754 2181 829 2266 λέγει
837 2179 903 2258 ότι,
930 2177 980 2244 ’Em
997 2182 1130 2263 ἐσχάταις
1150 2175 1273 2264 ἡμέραις
1292 2176 1448 2260 ἐνστήσον-

299 2307 348 2347 ται
362 2282 462 2366 καιροί
478 2284 610 2364 χαλεποί·
640 2283 756 2346 έσονται
771 2280 826 2366 γάρ
843 2285 875 2347 οί
891 2279 1050 2368 ίίνθρωποι
1067 2279 1224 2364 φιλήδονοι
1239 2279 1382 2364 μᾶλλονῆ
1399 2307 1451 2361 φι-

299 2383 409 2451 λόδεοι.
452 2383 514 2447 Καί
529 2379 631 2460 πόλιν,
661 2385 844 2448 Κωλυόντων
867 2392 986 2469 γαμεῖν,
1017 2381 1176 2466 άπέχεσθαι
1195 2380 1378 2466 βρωμάτων,
1401 2408 1449 2446 κε-

300 2485 558 2570 καυνηριασμένων
575 2481 630 2565 τήν
645 2487 824 2566 συνείδησιν·
854 2483 900 2550 ότι
921 2483 955 2550 τό
969 2486 1025 2568 μέν
1039 2493 1143 2570 γαμεῖν
1161 2483 1232 2568 μετά
1250 2483 1452 2568 σωφροσύνης

300 2589 352 2652 καί
368 2595 550 2673 τεκνογονεῖν
565 2584 725 2665 κωλύουσι,
753 2583 905 2668 καιόμενοι
928 2588 961 2651 δέ
978 2589 1032 2651 είσι
1053 2593 1088 2674 τῇ
1106 2584 1269 2669 συνειδήσει
1293 2584 1452 2671 λαγνεόον-

300 2713 348 2764 τες
364 2688 415 2771 μέν
429 2691 480 2752 καί
496 2687 700 2773 φθειρόμενοι,
723 2685 884 2763 κωλύοντες
896 2688 928 2752 δέ
940 2697 1132 2773 τεκνογονεῖν.
1161 2689 1222 2752 Καί
1236 2685 1357 2773 γάρκαὶ
1371 2685 1451 2768 αότὴ

301 2788 322 2871 τί
338 2786 405 2874 παρ’
420 2786 522 2866 αύτοῖς
533 2791 672 2874 λεγομένη
689 2793 782 2853 θυσία
800 2787 994 2874 βορβορώδης
1008 2815 1052 2865 τις
1067 2781 1142 2855 οόσα
1157 2788 1216 2873 ἤδη
1235 2791 1286 2854 καὶ
1305 2786 1365 2854 άπό
1388 2797 1451 2854 τοῖν

303 2889 449 2958 όνέκαθεν
465 2889 515 2956 διά
536 2898 591 2956 τοῦ
605 2890 762 2975 προφήτου
778 2889 986 2955 ύποδείκνυται
999 2888 1098 2972 όφεως
1114 2885 1189 2956 οόσα
1207 2889 1294 2977 σάρξ,
1315 2892 1367 2955 καί
1382 2888 1451 2972 ον’γλ

302 3000 356 3058 τοῦ
371 2997 493 3079 κυρίου,
515 2991 556 3074 μό
575 2993 703 3077 γένοιτο,
724 2994 860 3078 λέγοντος
876 2989 971 3068 οίίτως
984 2991 1045 3072 ότι,
1072 2991 1120 3056 Σό
1137 2995 1317 3077 συνέτριψας
1334 2991 1388 3068 τάς
1405 3017 1456 3057 κε-

304 3092 400 3175 φαλάς
414 3101 468 3160 τοῦ
483 3091 658 3178 δράκοντος,
686 3096 736 3160 καί
760 3097 873 3170 έδωκας
895 3091 986 3159 αύτόν
1008 3099 1112 3180 βρῶμα
1129 3103 1212 3170 λαοῖς
1227 3104 1289 3170 τοῖς
1304 3097 1454 3176 Αἰθίοψι.

306 3202 416 3281 Βρσῖμω
437 3193 553 3281 γάρτίς
575 3193 694 3278 άληθῶς
715 3195 814 3276 όφεως
835 3193 856 3277 ἡ
876 3194 989 3262 τούτων
1014 3194 1129 3279 μυσαρά
1144 3201 1307 3281 θρησκεία,
1329 3198 1382 3261 καὶ
1396 3199 1458 3260 At-

304 3302 412 3372 θίοπες
431 3299 663 3380 μεμελανωμένοι
686 3304 720 3386 τῇ
745 3295 873 3385 άμαρτίγ
894 3301 926 3363 οἱ
948 3297 1056 3379 ταύτην
1080 3297 1135 3380 τὴν
1161 3297 1296 3380 1τελετὴν
1315 3306 1370 3364 τοῦ
1397 3305 1460 3363 νῦν

307 3399 360 3480 μίν
372 3401 511 3481 δαίμονος
526 3398 612 3480 Διός,
634 3401 723 3464 πάλαι
738 3399 770 3462 δὲ
784 3397 905 3483 γόητος,
926 3408 980 3464 τοῦ
995 3397 1075 3484 παρά
1090 3420 1148 3464 τισι
1165 3409 1241 3466 θεοῦ
1257 3399 1352 3482 μάτην
1369 3425 1458 3465 νενο·

307 3500 464 3582 μισμίνσυ,
485 3507 639 3577 τελοῦντες.
679 3499 729 3565 Ἐκ
750 3499 806 3586 γάρ
827 3497 1006 3583 Ἑλληνικῶν
1028 3500 1136 3584 μόθων
1162 3509 1255 3567 πᾶσαι
1276 3505 1310 3566 αί
1327 3503 1461 3586 αἱρέσεις

303 3599 467 3678 συνάξασαι
488 3604 605 3679 έανταῖς
629 3600 683 3684 τὴν
707 3602 821 3684 πλάνην
845 3603 1018 3684 κατέβαλον,
1047 3603 1278 3686 μεταποιήσασαι
1300 3607 1342 3679 είς
1365 3601 1465 3684 όλλην

309 3700 442 3768 διάνοιαν
462 3707 585 3788 χείρονα.
630 3705 867 3789 Παρειςφέρουσι
882 3701 937 3790 γάρ
954 3707 986 3768 οῖ
1001 3707 1122 3788 ποιηταί
1137 3705 1188 3770 τόν
1204 3711 1263 3772 Δία
1279 3705 1334 3789 την
1349 3712 1464 3788 Μἠτιν

310 3805 460 3890 θυγατέρα
474 3807 580 3870 ἑαυτοῦ
595 3804 784 3870 καταπιόντα.
829 3807 946 3891 Βρέφος
963 3806 996 3870 δέ
1013 3803 1069 3871 οόκ
1085 3805 1122 3872 όν
1136 3811 1290 3886 καταπίοι,
1313 3805 1353 3883 τός
1369 3810 1423 3872 καῖ
1444 3805 1466 3872 ό

185 3939 237 3985 μς.
250 3927 283 3972 ιο
311 3906 393 3992 δίγιος
407 3904 530 3990 Κλήμης
543 3913 707 3992 καταγελῶν
719 3914 772 3991 τῆς
782 3914 841 3972 τιῖν
857 3915 938 3972 θεοῖν
954 3915 1011 3973 τών
1024 3904 1176 3990 Ἑλλήνων
1194 3911 1401 3994 αἰσχρουργίας
1418 3907 1466 3973 εἷ-

312 4033 381 4088 πεν,
409 4006 454 4073 ότι
469 4006 524 4091 τήν
540 4015 642 4091 Μῖγτιν
664 4007 815 4075 καταπιών
834 4005 899 4092 οόχλ
917 4011 1029 4096 βρέφος
1043 4008 1170 4093 ἠδύνατο
1192 4019 1361 4090 καταπιεῖν,
1383 4009 1468 4076 α’λλιί

312 4109 364 4192 τόν
385 4107 476 4196 γονὴν
496 4110 549 4194 τὴν
567 4113 652 4176 ἰδίαν.

349 4365 407 4416 Gn.
422 4367 479 4417 XV.
498 4397 531 4406 -
557 4371 578 4419 1.
599 4371 672 4432 λἰιίρο
688 4369 867 4434 προθεσπίζων.
938 4370 995 4421 Cn.
1012 4372 1080 4420 xvi.
1103 4399 1136 4409 -
1171 4374 1194 4420 1.
1221 4373 1278 4422 vad.
1294 4371 1389 4434 λλεδίς.
1404 4387 1474 4422 cum

899 4439 953 4490 ιδίλ.
967 4441 1043 4502 princ.
1061 4435 1186 4504 τελευτήν.
