3008 4996
277 327 335 390 180
698 335 818 386 morl
835 332 1003 386 ΕΡΙΡΗΑΝΙΙ

242 460 262 482 ”
275 453 350 521 κατά
366 451 436 529 τοδς
451 450 566 536 μαλακά
583 459 764 534 φοροῦνταςς
796 448 847 534 οόχ
865 449 972 525 οὕτως·
1001 445 1039 514 οό
1056 447 1112 534 γάρ
1128 449 1205 515 ἐστιν
1220 445 1357 530 Ἰωάννης
1370 445 1423 512 κά-

276 565 368 638 λαμος
388 551 578 637 σαλευόμενος
595 551 725 640 γνοίμαις
743 550 929 638 άνθροίπιον,
962 547 1003 628 οός
1019 548 1197 634 δονοόμενος
1215 549 1346 632 κάλαμος
1361 545 1423 614 όπό

278 656 402 738 έκάστης
422 652 614 741 1ιίνθροόπων
630 651 814 738 όποκρίσεονς
833 655 884 718 καί
901 650 1024 735 άπάτης.
1066 649 1187 736 Ἐπειδὴ
1203 651 1235 717 δέ
1252 649 1348 730 είπεν,
1374 648 1425 716 Ἐν

278 767 426 846 γεννητοῖς
441 764 589 842 γυναικῶν
610 753 665 822 οόκ
687 759 746 822 ἐστι
762 760 864 838 μείζων
878 751 1032 833 Ἰωάννου,
1061 757 1112 819 ίνα
1132 753 1174 836 μή
1192 777 1269 828 τινες
1282 757 1426 834 νομίσωσι

168 901 219 949 μς.
232 887 265 930 ετ.
280 861 330 926 καλ
350 857 442 925 αότοῦ
461 865 514 924 τοῦ
535 863 668 943 σωτῆρος
687 862 803 940 μείζονα
827 852 901 920 εέναι
920 853 972 920 τόν
985 853 1138 938 Ἰωάννην,
1168 853 1215 921 ότι
1231 856 1281 920 καί
1297 850 1386 930 αότός
1407 851 1425 918 6

278 957 376 1046 σωτὴρ
394 957 453 1024 όπδ
472 957 611 1044 γυναικός
628 956 789 1044 ἐγεννήθη,
817 965 870 1040 τῆς
886 954 1086 1042 άειπαρθένου
1103 961 1241 1042 Μαρίας,
1269 953 1320 1021 διά
1337 953 1427 1020 πνεό-

278 1088 371 1145 ματος
393 1059 495 1147 άγίου,
525 1057 754 1143 ἀσφαλιζόμενος
774 1055 851 1142 ἡμᾶς
872 1061 930 1140 ἐφη
954 1057 1015 1138 ὅτι,
1044 1056 1078 1124 ‘0
1101 1056 1274 1143 μικρότερος
1294 1054 1425 1135 ἀύτοῦ,

163 1177 164 1180 ’
278 1165 407 1230 τουτέστι
422 1171 463 1252 τῷ
477 1161 573 1249 χρόνῳ
587 1168 640 1244 τῆς
655 1159 800 1242 ἐνσόρκσυ
815 1157 907 1224 αότοῦ
922 1165 1100 1246 παρουσίας,
1123 1163 1225 1243 μείζων
1240 1156 1333 1224 αότοῦ
1347 1160 1427 1224 ἐστιν

280 1269 313 1332 ἐν
333 1272 370 1354 τῇ
390 1269 520 1352 βασιλειμ
541 1288 601 1328 των
622 1288 769 1347 ουρανοιν·
800 1258 901 1343 ἐπειδὴ
918 1259 973 1347 γάρ
990 1260 1062 1343 μετά
1078 1260 1223 1344 ἑξάμηνον
1241 1257 1387 1345 ἐγεννήθη
1410 1255 1428 1322 6

278 1364 375 1452 σωτὴρ
392 1373 445 1448 τῆς
459 1362 598 1431 Ἰωάννου
614 1363 791 1449 γεννήσεως,
820 1361 954 1445 δηλονότι
972 1369 1076 1446 μείζων
1094 1360 1186 1430 αότοδ
1207 1360 1256 1429 όόν.
1293 1353 1349 1426 Ἠν
1368 1359 1428 1445 γάρ

280 1467 341 1548 όελ,
363 1469 415 1534 καί
428 1469 496 1532 ἐστι.
544 1470 607 1530 Τίνι
622 1466 654 1532 δέ
668 1472 754 1530 τοῦτο
772 1463 809 1530 οό
823 1463 913 1547 δῆλόν
928 1467 1020 1543 ἐστινς
1046 1456 1144 1550 8Ἀρα
1159 1472 1231 1550 γοῦν
1246 1467 1374 1546 ματαίως
1391 1461 1428 1527 τά

280 1568 377 1636 πάντα
397 1565 467 1653 παρ’
488 1564 589 1644 αότοῖς
608 1566 829 1650 πεποιητευται,
858 1564 918 1633 άπό
935 1565 1061 1652 άγαθοίν
1076 1569 1118 1643 είς
1136 1574 1236 1648 φαῦλα
1253 1567 1428 1649 μεταβεβλη-

278 1673 361 1755 μένα.

150 1885 219 1954 Κτρ.
235 1877 269 1950 η’.
367 1875 429 1940 Καί
443 1872 480 1938 τά
497 1873 551 1956 μέν
566 1877 663 1956 βιβλία
685 1870 784 1938 αότοῖν
802 1870 902 1937 πολλά.
943 1869 1115 1958 Ἐρωτήσεις
1135 1870 1192 1957 γάρ
1210 1897 1290 1947 τινας
1307 1873 1434 1954 Μαρίας

282 1980 461 2054 ἐκτίθενται,
482 1973 563 2040 ἄλλοι
582 1977 614 2040 δέ
628 1977 671 2050 είς
688 1972 740 2040 τόν
759 1975 970 2059 προειρημένον
986 1971 1183 2056 Ἰαλδαβαολθ·
1213 1975 1256 2049 είς
1277 1970 1373 2053 ὄνομα
1399 1971 1431 2036 δὲ

283 2085 336 2145 τοῦ
354 2075 426 2164 Σήθ
444 2074 536 2142 πολλά
555 2079 654 2159 βιβλία
673 2073 873 2140 όποτίθενται.
915 2072 1131 2157 Ἀποκαλόψεις
1151 2075 1183 2140 δέ
1203 2082 1257 2142 τοῦ
1271 2070 1363 2154 Ἀδάμ
1382 2071 1434 2136 άλ-

282 2187 335 2256 λας
348 2181 497 2265 λέγουσιν,
525 2175 676 2263 εόαγγέλια
692 2177 724 2242 δέ
741 2177 823 2261 ἐτερα
843 2179 884 2253 είς
901 2174 997 2258 ὄνομα
1019 2183 1078 2242 τόν
1097 2183 1241 2259 μαθητῶν
1258 2171 1433 2260 συγγράψα-

284 2290 358 2347 σθαι
380 2279 604 2362 τετολμήκασιν,
635 2275 725 2344 αότόν
747 2302 778 2343 τε
799 2276 854 2343 τόν
875 2284 994 2362 σωτῆρα
1017 2275 1102 2360 η’μῶν
1122 2279 1173 2343 καί
1192 2276 1296 2363 κόριον
1315 2275 1434 2359 Ἰησοῦν

286 2379 416 2468 Χριστόν
439 2378 494 2447 οόκ
517 2379 702 2463 αἰσχύνονται
723 2381 830 2464 λέγειν,
858 2377 905 2444 ότι
920 2375 1011 2455 αότδς
1033 2377 1206 2460 άπεκάλυψε
1224 2377 1278 2462 τὴν
1296 2380 1435 2461 αίσγουρ-

284 2487 350 2569 γίαν
364 2481 483 2566 ταότην.
523 2479 573 2547 Ἐν
590 2479 645 2568 γάρ
667 2489 731 2557 ταῖς
743 2477 916 2566 Ἐρατήσεσι
932 2485 1055 2565 Μαρίας
1070 2482 1264 2562 καλουμένας
1276 2477 1436 2565 Μεγάλαις

287 2585 353 2661 (είσλ
380 2583 435 2670 γάρ
459 2585 511 2649 καλ
536 2584 639 2667 μικραί
666 2579 768 2658 αότοῖς
790 2583 1000 2664 πεπλασμένον)
1026 2579 1215 2648 ὑποτίθενται
1238 2578 1331 2646 αότδν
1357 2578 1437 2668 αὐτῇ

286 2683 520 2764 άποκαλόπτειν,
548 2682 756 2768 παραλαβόντα
775 2679 870 2766 αότήν
888 2686 929 2759 είς
946 2681 979 2748 τό
996 2680 1082 2767 ὅρος,
1112 2684 1164 2749 καί
1186 2681 1359 2766 εὐξάμενον,
1382 2683 1439 2747 καί

286 2786 449 2871 ἐκβαλόντα
466 2788 499 2852 ἐκ
516 2789 568 2866 τῆς
588 2791 715 2870 πλευρᾶς
732 2780 825 2850 αότοῦ
840 2793 982 2870 γυναῖκα,
1003 2787 1055 2850 καί
1071 2781 1234 2870 άρξάμενον
1249 2781 1325 2872 αὐτῇ
1347 2785 1436 2868 ἐγκα-

285 2898 500 2974 ταμίγνυσθαι,
529 2888 581 2952 καί
604 2885 699 2962 οὕτως
722 2889 817 2969 δῆθεν
842 2884 896 2968 τήν
918 2883 1085 2971 άπόρροιαν
1111 2883 1204 2952 αότοῦ
1232 2884 1439 2968 μεταλαβόντα

286 2994 380 3067 δείξαι
402 2989 448 3056 δτι
467 2992 514 3054 δεῖ
525 2985 620 3063 οὕτως
635 2995 732 3054 ποιεῖν
747 2991 798 3052 ’ίνα
817 2985 962 3070 ζήσωμεν,
991 2990 1041 3054 καί
1066 2985 1107 3064 οἷς
1133 2994 1187 3070 τῆς
1201 2989 1325 3072 Μαρίας
1346 3011 1440 3072 ταρα-

287 3096 408 3176 χθείσης
423 3092 476 3156 καί
490 3087 636 3171 πεσοόσης
651 3089 750 3171 χαμαί,
764 3083 854 3154 αότόν
867 3085 955 3154 πάλιν
970 3087 1063 3172 αότήν
1077 3091 1226 3175 ἐγείραντα
1241 3091 1335 3153 εἰπεῖν
1347 3085 1442 3177 αὐτῇ,

286 3193 355 3260 Ἵνα
368 3197 397 3257 τί
418 3194 570 3266 ἐδίστασας
585 3187 763 3276 α’λιγόπιστες
796 3193 857 3254 Καί
872 3213 964 3271 φασιν
984 3189 1030 3256 ὅτι
1053 3191 1105 3255 καί
1121 3189 1209 3256 τοῦτό
1228 3193 1288 3256 ἐστι
1301 3187 1336 3255 τό
1358 3191 1442 3276 τέρη-

288 3297 377 3378 μένον
393 3296 425 3359 ἐν
444 3299 487 3382 τρῑ
503 3289 658 3380 εάαγγελίμ
676 3290 737 3371 ότι,
768 3293 812 3356 El
831 3288 867 3355 τά
884 3293 996 3376 ἐπίγεια
1012 3287 1097 3356 εέπον
1111 3288 1197 3374 όμῖν,
1226 3292 1278 3357 καὶ
1293 3287 1352 3356 οόκ
1370 3292 1439 3356 ἐπι-

287 3392 438 3474 στεόσατε,
468 3391 504 3459 τά
527 3391 690 3479 ἐπουράνια
708 3399 773 3469 παῖς
794 3390 993 3471 ιιιιστεόσετες
1022 3395 1074 3458 καί
1092 3390 1142 3471 τδ,
1164 3391 1258 3458 Ὅταν
1279 3395 1361 3475 ίδηιε
1382 3389 1443 3458 τόν

288 3493 356 3561 υἱόν
372 3503 425 3562 τοῦ
442 3493 608 3582 άνθροίπου
625 3491 818 3578 α’νερηόμενον
836 3493 916 3559 δπου
934 3487 972 3576 ἦν
992 3492 1025 3560 τό
1044 3493 1201 3580 πρότερον,
1230 3495 1360 3558 τουτέστι
1381 3492 1442 3576 την

288 3595 453 3681 άπόρροιαν
474 3597 769 3680 μεταλαμβανομέυην
789 3594 864 3662 όθεν
884 3598 936 3661 καί
957 3598 1074 3680 ἐξῆλθε·
1103 3597 1155 3661 καί
1176 3593 1209 3662 τό
1227 3597 1335 3674 εέπεῖν,
1363 3592 1444 3660 Ἐάν

288 3696 330 3781 μή
347 3696 460 3782 φάγητέ
475 3724 534 3782 μου
549 3695 604 3780 τήν
618 3695 728 3779 σάρκα,
749 3699 801 3762 καί
817 3699 903 3779 πίητέ
915 3723 974 3780 μου
988 3697 1020 3765 τό
1037 3695 1127 3781 αδμα,
1147 3698 1200 3763 καί
1214 3703 1275 3763 τοῖν
1290 3703 1444 3779 μαθητῶν

287 3801 511 3884 ταρασσομένων
533 3801 584 3864 καλ
598 3795 755 3883 λεγόντων,
788 3802 839 3874 Τίς
855 3795 977 3864 δόναται
999 3807 1086 3865 τοῦτο
1110 3795 1250 3876 άκοῦσαις
1279 3799 1372 3879 φασίν
1397 3797 1444 3875 σός

288 3901 424 3985 περὶτῆς
440 3899 628 3986 αίσγρότητος
643 3890 681 3981 ἦν
698 3896 716 3965 ό
731 3896 832 3984 λόγος,
855 3897 902 3967 διό
919 3902 971 3966 καί
989 3899 1193 3984 ἐταράχθησαν
1199 3950 1209 3979 ,
1230 3901 1282 3964 καί
1296 3897 1447 3982 άπῆλθον

288 4005 332 4077 είς
348 3999 386 4066 τά
405 3998 508 4068 όπίσω.
555 3997 648 4066 Οὔπω
667 3998 723 4085 γάρ
746 3993 836 4083 ἦσαν,
858 4003 946 4082 φασί,
976 4003 1009 4067 ἐν
1030 4000 1200 4086 πληραόμαιι
1221 4003 1444 4085 ἐστερεωμένοι,

290 4103 351 4166 Καί
369 4099 402 4167 τό
419 4105 513 4168 εἰπεῖν
526 4099 579 4168 τόν
597 4103 711 4188 Δαβίδ,
732 4099 837 4167 Ἔσται
853 4100 894 4178 τίς
908 4101 941 4168 τό
960 4099 1049 4180 ξόλον
1064 4099 1097 4168 τό
1114 4104 1334 4186 πεφυτευμένον
1353 4102 1449 4190 παρά

320 4321 492 4375 cmm*
508 4325 531 4378 ί.
547 4319 771 4391 α’τθριίπαυάξίατ
784 4320 845 4378 διιο-
877 4321 943 4378 ἐσττν
966 4322 993 4378 δν
1015 4325 1049 4393 τῇ
1067 4323 1182 4395 βασιλείᾳ
1198 4327 1250 4380 τῶν
1267 4321 1380 4393 ου’ρανιλτ
1405 4329 1453 4379 εδ.
1500 4315 1501 4354 ³

289 4387 398 4458 κρίστως
415 4393 466 4443 eoa.
484 4393 559 4442 Vane.
876 4393 967 4455 Ριλιια,
978 4407 1009 4444 ιτ
1021 4395 1203 4444 comestam.
1231 4396 1287 4446 σοδ
1303 4395 1409 4458 Μαδις.
1426 4403 1452 4445 τε

313 4455 347 4540 ‚¹²⁶
364 4451 450 4538 ηδταγῖ,
461 4455 577 4539 τουτέστι
592 4457 630 4526 τῷ
645 4454 728 4528 χρόνῳ
743 4458 792 4524 τῆς
806 4455 844 4511 έν·
877 4457 1145 4523 mmmmm&
1177 4459 1317 4530 ζβασιλιίᾳ
1331 4457 1450 4515 τιῖταιί-
1500 4477 1501 4524 ι

289 4537 385 4587 ααςκον
397 4539 473 4578 ανταο
488 4523 642 4591 παρουσίας,
659 4523 752 4592 μείζων
767 4520 845 4578 αδτοΐι
877 4525 956 4590 μανῶν
973 4526 1065 4594 μτίζαν
1083 4477 1245 4596 mque,
1263 4526 1381 4581 τουτέστι
1404 4531 1453 4600 τῷ
