3006 4990
259 294 317 356 170
677 303 798 357 muer!
816 305 982 358 mrum

255 421 382 505 βαθείαν
394 427 525 504 γλοῖσσαν
539 417 744 504 έμμηνεόιται,
765 418 836 486 άλλά
851 422 903 487 καί
918 427 1056 510 Συριακῇ
1071 422 1219 510 διαλέκτμ.
1264 417 1403 488 *Ἦσαόθ

253 519 311 606 γάρ
323 520 357 586 τό
369 528 430 606 πῦρ
444 520 525 606 παρά
535 518 681 606 Ἑβραίοις
692 529 820 588 καλεῖται
836 521 933 588 ὕκατά
948 519 1002 605 τήν
1015 526 1142 605 βαθείαν
1155 530 1295 608 γλῶσσαν.
1326 525 1401 588 Τοιί-

254 647 308 688 του
330 621 415 708 χάριν
439 619 539 698 οότοῖς
560 623 728 705 συμβέβηκε
749 622 824 688 κατά
846 623 968 710 άγνοιαν
987 626 1037 689 καί
1061 623 1196 710 άπειρίαν
1216 631 1259 713 τῷ
1280 623 1402 706 δνόματι

254 721 349 812 τοότρι
365 732 533 810 κεχρῆσθαι
580 722 656 790 Οότε
674 723 730 811 γάρ
748 727 878 810 οΠόρρα
893 722 914 808 ή
928 723 1153 812 παρ’Ἒλλησιν,
1176 723 1243 792 οὔτε
1261 723 1404 810 Νωρίαή

253 822 335 908 παρά
348 823 464 902 τοότοις
476 828 675 908 μυθευομένη,
692 823 762 890 άλλά
778 825 961 912 7Ιίαρθενοίς
971 833 1014 916 τῷ
1029 834 1100 894 Νοῑι
1113 829 1213 913 γέγονε
1227 831 1312 913 γυνή’.
1341 829 1403 894 Καὶ

253 930 286 992 οί
299 925 438 1009 Ἓλληνες
463 927 519 1013 γάρ
541 950 614 1008 φασι
640 926 694 1009 τήν
715 933 921 1004 Δευκαλίωνος
949 938 1072 1014 γυναῖκα
1094 929 1222 1016 Πόρραν
1242 938 1402 996 καλεῖσθαι.

252 1025 329 1094 Είτα
349 1027 402 1110 τήν
425 1031 520 1094 αίτίαν
535 1027 726 1094 άποτίθενται
740 1022 824 1096 οὗτοι
842 1033 873 1096 οί
889 1028 927 1095 τά
941 1037 995 1096 τοῦ
1014 1035 1206 1106 Φιλιστίωνος
1223 1028 1295 1114 ήμῖν
1311 1025 1403 1108 αὖθις

144 1157 195 1202 τις.
206 1146 239 1191 ⁸³.
253 1128 497 1216 προςφερόμενοι,
518 1129 565 1196 δτι
579 1128 719 1206 πολλάκις
733 1133 922 1220 θβουλομένη
938 1130 1010 1213 μετά
1027 1139 1082 1198 τοῦ
1099 1139 1169 1198 Νοῐι
1185 1135 1218 1198 ίν
1232 1140 1269 1222 τῇ
1283 1136 1401 1221 κιβωτῷ

251 1233 389 1318 γενέσθαι
404 1229 442 1298 οό
458 1241 663 1316 συνεχωρεῖτο,
685 1239 739 1298 τοῦ
757 1230 912 1318 άρχοντος,
939 1235 1052 1314 οφασλ,
1073 1240 1127 1300 τοῦ
1146 1232 1199 1300 τόν
1212 1231 1326 1317 κόσμον
1340 1239 1403 1300 κτί-

252 1354 357 1410 σαντος
372 1335 553 1416 βουλομένου
570 1331 662 1416 αότήν
675 1331 816 1400 ἀπολέσαι
829 1333 885 1399 τόν
899 1344 961 1410 τοῖς
976 1333 1072 1410 άλλοις
1086 1333 1197 1401 άπασιν
1211 1338 1243 1402 ἐν
1256 1341 1297 1424 τῷ
1312 1361 1401 1402 κατα-

251 1439 380 1524 κλνσμρῖ.
423 1433 527 1518 Αόιήν
543 1437 576 1500 δέ
594 1457 686 1516 φασιν
699 1434 918 1514 ἐπικαθιζάνειν
934 1439 965 1502 ἐν
979 1443 1016 1526 τῇ
1029 1435 1163 1522 λάρνακι,
1183 1438 1234 1502 καί
1249 1439 1401 1523 ἐμπιπρᾶν

251 1533 354 1619 αότήν,
377 1535 430 1620 οόχ
444 1536 534 1614 άπαξ,
557 1535 627 1603 οόδλ
642 1540 699 1616 δλς,
721 1535 791 1602 άλλά
805 1537 954 1616 πολλάκις,
974 1541 1025 1604 καλ
1039 1545 1166 1622 πρῶτον,
1188 1540 1240 1602 καλ
1254 1537 1403 1624 δεύτερον,

251 1639 303 1705 καλ
323 1642 429 1724 τρίταν.
463 1637 561 1704 Ὅθεν
581 1639 618 1722 δή
643 1641 686 1715 είς
705 1641 756 1720 ἐτη
774 1637 867 1704 πολλά
885 1639 1019 1721 ἐλήλακεν
1040 1637 1061 1722 ή
1076 1647 1130 1722 τῆς
1148 1636 1240 1706 αότοό
1258 1647 1312 1706 τοῦ
1329 1647 1403 1708 Νῶε

251 1737 397 1825 λάρνακος
414 1739 595 1822 κατασκευή,
626 1740 677 1805 διά
691 1739 724 1805 τό
744 1739 883 1816 πολλάκις
900 1739 992 1823 αάτήν
1008 1739 1058 1807 ὁπ’
1074 1737 1166 1823 αότής
1181 1743 1401 1826 ἐμπεπρῆσθαι

246 1833 303 1906 Ἦν
318 1839 390 1926 γάρ,
416 1844 524 1922 φασίν,
552 1839 571 1907 δ
588 1849 658 1907 Νῶε
673 1841 854 1923 πειθόμενος
867 1849 907 1930 τῷ
924 1840 1057 1927 άρχοντι,
1082 1839 1149 1926 ήδδ
1167 1845 1273 1923 Νωρία
1291 1840 1404 1908 άπεκά-

252 1951 329 2023 λυφε
339 1941 392 2018 τάς
402 1941 463 2008 άνω
475 1941 614 2024 δυνάμεις
624 1946 675 2011 καὶ
685 1942 739 2025 τήν
751 1941 810 2009 άπδ
823 1951 881 2008 τῶν
891 1943 1047 2028 δυνάμεων
1057 1941 1199 2028 Βαρβηλοδ
1211 1941 1264 2026 τήν
1275 1941 1402 2008 όπεναν-

252 2048 316 2108 τίαν
332 2051 373 2132 τῷ
389 2042 521 2126 άρχοντι,
543 2042 584 2120 άς
599 2046 651 2110 καλ
665 2048 698 2109 αι’
710 2043 790 2112 άλλαι
808 2044 962 2127 δυνάμεις,
983 2047 1034 2109 καλ
1049 2041 1225 2124 όπέφαινεν,
1248 2043 1294 2110 δτι
1313 2050 1407 2110 10δεῖ

252 2143 288 2210 τά
302 2147 467 2227 συληθέντα
482 2143 541 2210 άπδ
556 2153 609 2227 τῆς
622 2144 740 2212 άνωθεν
752 2144 861 2230 μητρός
874 2143 925 2211 διά
938 2151 992 2212 τοῦ
1006 2145 1147 2231 άρχοντος
1159 2154 1214 2212 τοῦ
1226 2145 1277 2212 τδν
1289 2146 1403 2229 κόσμον

252 2245 451 2329 πεποιηκότος
470 2248 521 2312 καλ
542 2253 601 2312 τῶν
622 2245 714 2312 άλλων
733 2255 794 2314 τοῖν
814 2246 869 2314 τόν
890 2246 969 2336 αόιῷ
991 2255 1071 2314 θεῶν
1092 2272 1122 2314 τε
1139 2249 1191 2314 καλ
1206 2245 1334 2334 άγγέλων
1349 2251 1402 2313 καί

252 2346 402 2429 δαιμόνων
418 2349 560 2434 συλλέγειν
575 2345 635 2414 άπδ
652 2357 706 2432 τῆς
720 2352 752 2416 ἐν
766 2359 829 2425 τοῖς
844 2347 959 2432 σάμασι
975 2347 1143 2432 δυνάμεως,
1171 2347 1222 2415 διά
1239 2357 1294 2432 τῆς
1308 2347 1402 2435 άπορ-

252 2453 336 2532 ροίας
356 2446 488 2535 άρρένιον
507 2475 539 2516 τε
558 2453 610 2516 καὶ
631 2458 768 2533 θηλειῶν.

116 2567 182 2636 Κεφ.
201 2567 233 2640 β’,
277 2565 279 2568 ’
337 2553 398 2616 Καί
420 2549 521 2627 άπλαῑς
543 2559 694 2636 περικακοῑ
714 2551 769 2636 τήν
791 2559 889 2618 πᾶσαν
908 2551 1022 2619 τοότων
1043 2560 1098 2620 τοῦ
1120 2549 1246 2628 σκότους
1265 2550 1402 2639 πήρωσιν

251 2648 463 2718 όποδεικνόων.
511 2651 633 2720 ΙΠολδν
656 2652 711 2738 γάρ
735 2653 842 2736 χρόνον
866 2651 1046 2736 άναλιόσαιμι
1067 2652 1120 2733 άν,
1148 2655 1177 2718 εί
1196 2655 1329 2720 ἐνταῦθα
1348 2651 1403 2735 τήν

251 2754 319 2838 περὶ
335 2751 448 2819 τοότων
464 2756 620 2838 γενομένην
637 2754 773 2832 σόνταξιν
789 2754 919 2838 ἐθελήσω
935 2763 1157 2842 λεπτολογῆσαι,
1179 2752 1216 2820 τά
1233 2753 1330 2820 άτοπα
1348 2753 1401 2820 αό-

252 2861 310 2920 τδν
331 2862 384 2938 τῆς
400 2855 603 2938 ψευδωνύμου
621 2857 757 2941 γνώσεως
773 2856 937 2942 διδάγματα
956 2854 1026 2923 καθ’
1043 2855 1168 2939 ἑκάστην
1183 2853 1400 2942 όφηγοόμενος.

243 2954 345 3022 ”Aaou
367 2958 399 3022 δδ
420 2959 450 3034 ἐξ
467 2954 565 3022 αὐτοῖν
580 2957 732 3042 διαφόρως
746 2958 834 3024 πάλιν
849 2957 1086 3044 ἐπεντριβόμενοι
1101 2957 1154 3034 τάς
1169 2983 1201 3023 τε
1215 2956 1304 3040 δήεις
1323 2955 1399 3024 εόν·

252 3055 387 3142 θριόποιν
402 3057 559 3144 κροόοντις
570 3060 621 3123 καί
634 3059 876 3144 περικρουόμενοι
892 3064 1072 3144 Βαρκαββᾶν
1086 3085 1151 3126 τινα
1166 3058 1326 3145 προφήτην
1343 3085 1401 3126 πα·

251 3157 447 3246 ρειςάγονσιν,
470 3159 552 3237 άξιον
566 3166 620 3225 τοῦ
634 3158 731 3226 αὐτῶν
745 3158 897 3244 ὀνόματος.
937 3165 1045 3244 Καββᾶ
1058 3159 1114 3246 γάρ
1128 3159 1315 3247 ἐρμηνεόεται
1328 3186 1402 3244 πορ-

250 3265 315 3328 νεία
328 3260 404 3326 κατά
419 3259 472 3344 τήν
486 3259 640 3346 Συριακήν
655 3261 814 3341 διάλεκτον,
836 3267 1015 3343 φονοκτονία
1031 3263 1062 3328 δέ
1075 3261 1149 3328 κατά
1162 3261 1217 3346 τήν
1229 3257 1400 3347 Ἑβραϊκήν.

254 3364 315 3428 Καί
331 3360 420 3428 πάλιν
436 3362 623 3448 ἑρμηνεύεται
637 3363 757 3450 τετάρτη
772 3373 861 3449 μοῖρα
878 3367 931 3430 τοῦ
946 3367 1062 3448 μέτρου.
1106 3362 1222 3447 Χλεόης
1237 3363 1270 3430 δλ
1289 3365 1339 3428 καί
1355 3365 1400 3448 ρέ-

251 3472 345 3540 λωτος
362 3463 396 3530 τδ
417 3472 566 3544 τοιοῦτον,
596 3472 705 3548 μᾶλλον
725 3467 757 3531 δέ
774 3474 961 3549 σχετλιασμοῦ
977 3463 1061 3543 άξιον
1077 3465 1158 3554 παρά
1173 3474 1236 3542 τοῖς
1255 3461 1289 3531 τδ
1306 3462 1400 3546 ὄνομα

251 3573 339 3632 τοῦτο
354 3568 556 3649 ἐπισταμένοις
568 3565 643 3632 κατά
660 3563 712 3642 τάς
729 3570 805 3643 ίδίας
821 3566 957 3652 γλώσσας.
1004 3570 1134 3653 Φέρουσι
1148 3568 1181 3632 δέ
1194 3564 1266 3650 ήμῖν
1284 3567 1318 3632 ἐκ
1333 3561 1399 3630 τιό·

251 3693 306 3734 τον
317 3674 371 3734 τοῦ
384 3666 633 3750 θαυμασιωτάτου
645 3667 804 3752 προφήτου
818 3668 955 3755 διήγησιν
967 3667 1097 3755 αίαχρδν,
1112 3667 1195 3744 ὅπως
1205 3671 1400 3753 φθοριμαίοις

252 3767 367 3851 στόμασι
387 3767 544 3852 πλησιάσαι
563 3775 748 3852 πεισθῶμεν,
778 3773 829 3835 ιιαλ
848 3778 902 3854 τής
926 3769 1067 3838 ’άνωθεν
1088 3774 1204 3846 ἐλπίδος
1222 3772 1398 3850 ἐκπέσωμεν,

252 3867 309 3936 οόκ
323 3869 526 3955 αἰσχυνόμενοι
543 3869 644 3948 αάτοῖς
658 3881 720 3948 τοῖς
734 3871 846 3958 βήμασι
860 3871 896 3937 τά
911 3879 964 3955 τῆς
980 3877 1118 3958 πορνείας
1131 3876 1300 3958 διηγεῖσθαι
1319 3876 1397 3933 4ιτα-

250 3969 421 4058 λινερωτικά
435 3979 490 4055 τῆς
505 3971 660 4058 Κύπριδος
675 3973 883 4058 ποιητεόματα.
916 3973 1018 4041 Ἀλλοι
1031 3975 1063 4040 δέ
1077 3977 1107 4052 έξ
1124 3972 1223 4040 αὐτῶν
1236 3971 1323 4038 πάλιν
1337 3973 1399 4038 έπέ-

283 4158 308 4212 4.
325 4157 397 4227 ήοάθ
412 4163 464 4213 ωδ.
482 4164 554 4214 Vuae.
873 4164 899 4215 8.
919 4167 991 4228 λὐλρο
1008 4164 1153 4280 βουλομένη.

285 4229 308 4278 5.
326 4225 391 4281 κατά
414 4231 465 4279 cod.
484 4232 557 4281 λὀιλο.
592 4225 621 4282 τό
638 4227 703 4283 κατὰ
726 4233 810 4294 reliqui
875 4229 901 4282 9.
918 4233 983 4297 φησὶ
999 4233 1067 4282 codd.
1103 4235 1166 4294 αλια,
1185 4233 1281 4297 Rhodia.

250 4297 320 4358 λίθτλ,
337 4302 387 4344 ιοοι
402 4300 483 4358 ιιττρλί
499 4312 571 4359 quam
588 4299 652 4348 ιδλιλ.
878 4300 916 4351 10.
931 4303 1088 4360 ὄιῖτιιιτιμιί
1098 4315 1143 4361 pru
1154 4297 1197 4366 δή,
1211 4305 1274 4364 quoa
1286 4301 1338 4350 λλοτί
1346 4300 1397 4348 vul·

285 4360 310 4412 6.
327 4360 407 4426 πυρραὶ
423 4365 474 4414 eod.
493 4366 565 4416 ναίει.
842 4382 872 4430 ρο
885 4369 1008 4428 μτοισιιιι,
1028 4369 1135 4418 θοταατίλ
1149 4373 1169 4418 τί
1183 4371 1275 4420 Ρειαυίι·
1291 4367 1399 4420 mendo·

285 4425 309 4479 7.
327 4425 462 4492 Βαρθτιιδς
475 4433 526 4479 cod.
537 4433 610 4481 vatic.
625 4436 645 4480 et
660 4433 714 4480 εδει.
725 4435 808 4482 Ριιαυ.
842 4439 925 4484 tionem
942 4439 1043 4488 ειταλιιι.

251 4492 370 4562 βαρθένος
387 4497 438 4544 cod.
453 4498 549 4559 Βίιιδλρ.
563 4505 585 4548 ιλ
598 4499 652 4548 edit.
664 4501 739 4560 μετἰιο.
