2994 5024
344 321 480 376 remeia
497 322 559 376 ms.
575 324 594 375 r.
610 323 691 376 rom.
705 323 749 376 111.
766 323 863 374 aare.
877 323 961 374 xeo.
1171 315 1232 380 585

165 440 222 506 ill.
256 444 404 523 Tesa'ficor
427 463 559 517 reanum,
593 449 721 526 quoniam
748 447 828 506 bomo
853 449 1035 508 circumtusus
1057 449 1166 510 debitor
1189 461 1232 510 est
1245 463 1356 518 amens.

82 549 230 606 uniuersae
252 548 324 625 legis
345 548 507 625 implendae.

165 644 222 711 lv.
254 645 313 711 Pro
336 648 466 731 eoquod
490 659 552 727 est,
585 654 726 713 Modicum
739 651 911 732 fermentum
932 662 1016 713 totam
1035 673 1153 714 massam
1170 675 1232 714 cor·
1248 669 1335 712 imao

79 755 201 830 rumpit,
226 749 394 834 rescripsit,
415 755 580 814 Adulterat.

166 850 206 916 V.
239 857 417 916 Omniseaim
431 856 479 916 leo
496 856 573 915 nobes
587 857 727 935 impietur.
768 859 1048 935 Diligesprooamum
1065 867 1141 918 tuum
1157 861 1346 919 secretiorem.

79 960 209 1036 teipsum.

169 1055 222 1120 Vl.
254 1060 407 1141 Manifesta
428 1071 494 1120 sunt
516 1071 608 1120 autem
633 1081 717 1139 opero
740 1065 849 1133 carna's,
887 1082 958 1141 quae
978 1073 1047 1124 sunt
1058 1064 1228 1144 fornicatio,
1246 1078 1302 1122 loto.
1317 1082 1349 1126 tt.

79 1163 269 1233 immunditia,
303 1163 434 1235 dimetria,
468 1165 604 1222 adadorum
624 1167 761 1235 seruitus,
791 1165 940 1243 veneficia,
965 1168 1142 1238 antiat‘citioe,
1167 1187 1233 1226 con—

79 1267 227 1336 tentiones,
251 1267 463 1338 aemulationes,
490 1269 566 1337 arne,
591 1269 688 1338 ricem,
712 1268 913 1337 dissensiones,
938 1277 1045 1340 sectae,
1070 1268 1229 1341 homicidia,

79 1367 241 1439 ebrietates,
267 1372 493 1440 comessationes,
519 1389 590 1447 quoe
603 1371 736 1446 praediea
752 1369 828 1428 uobis
843 1373 918 1430 siem
930 1371 1078 1448 praedici,
1103 1374 1232 1449 quomam

78 1474 131 1547 qui
152 1471 222 1530 talia
243 1481 347 1548 agunt,
372 1491 489 1550 regnum
511 1474 559 1532 dei
576 1491 631 1532 aaa
649 1471 842 1550 possidebam.

169 1567 237 1633 Vll.
269 1575 327 1649 Qui
338 1583 429 1632 autem
448 1574 560 1634 Cbristi
572 1593 684 1634 carnem
700 1574 908 1650 conopionem!
921 1593 982 1634 oum
1000 1576 1075 1634 uitiis
1092 1585 1232 1634 etconcu·
1247 1590 1304 1634 titt.
1316 1594 1348 1637 at.

75 1677 236 1752 piscentiis.

169 1771 253 1838 thl.
286 1779 382 1856 Neque
402 1782 473 1839 enam
496 1782 547 1858 qui
565 1781 821 1851 circumciduntur,
847 1781 935 1857 legem
957 1781 1127 1840 custodiunt.
1248 1797 1373 1854 capum.

125 1980 171 2029 nt)
192 1979 391 2032 constitutos
411 1983 445 2046 t,
463 1981 554 2044 Quia
573 1983 634 2033 EST
652 1983 741 2034 APUD
758 1981 957 2032 MARCIONEM
977 1982 1023 2032 UT
1042 1983 1084 2033 ΕΤ
1102 1983 1190 2034 APUD

601 2066 663 2116 Nos
682 2069 713 2117 ΙΙ.

168 2183 191 2246 Ι.
227 2191 369 2266 Scriptum
387 2193 532 2261 estensem,
557 2191 674 2250 Perdam
689 2192 853 2268 sapientiam
871 2191 1043 2267 sapientum,
1067 2199 1096 2249 et
1108 2190 1232 2267 pruden-
1245 2203 1346 2256 ranei,
1357 2204 1386 2246 ia.

80 2295 148 2350 mam
170 2293 348 2369 prudentiam
370 2291 534 2369 reprobabo.

168 2388 208 2453 ll.
244 2395 294 2464 lit,
326 2395 550 2471 quemadmodum
575 2399 709 2472 scriptum
737 2405 795 2465 est,
830 2398 881 2474 qui
899 2396 1045 2472 glorietur
1067 2397 1096 2452 in
1122 2395 1232 2453 domino
1245 2407 1301 2450 teia.
1316 2409 1348 2452 st.

76 2499 233 2573 gloriemur.
317 2569 319 2573 Ι

171 2592 213 2658 ΙΙΙ
220 2643 227 2656 .
261 2601 420 2676 Principum
442 2601 525 2658 bueus
546 2601 650 2670 seculi,
676 2603 727 2678 qai
745 2610 926 2659 eoacuanacr.
1249 2614 1361 2670 canan.

166 2696 223 2761 IV.
257 2701 398 2778 Scriptum
410 2709 454 2759 est
464 2703 552 2760 enim:
573 2701 805 2779 Comprehendom
818 2704 957 2780 sapt'entes
970 2705 1116 2762 mastatio
1129 2723 1232 2764 eorum.
1249 2717 1304 2772 cap.
1312 2718 1333 2772 a,
1341 2717 1373 2760 le.

78 2802 119 2866 ΕΙ
142 2801 267 2864 iterumr
290 2805 422 2862 Dominus
444 2807 521 2863 nouit
541 2805 724 2880 cogitationes
746 2805 899 2876 bominum,
924 2807 990 2883 quia
1013 2823 1100 2865 vanae
1122 2815 1197 2864 sunt.

168 3003 208 3067 V.
241 3010 350 3068 Etenim
373 3010 480 3068 Pascba
501 3019 626 3068 nostrum
649 3011 806 3068 immolatus
827 3020 869 3068 est
891 3011 1030 3069 Cbrastus.
1248 3025 1354 3080 cap-m

171 3105 224 3171 Vl.
259 3112 381 3171 Nescitis
407 3114 482 3190 quod
508 3115 559 3190 qni
581 3112 715 3170 adhaeret
743 3114 898 3182 meretrici,
935 3131 1019 3172 unum
1046 3131 1148 3190 corpus
1177 3122 1228 3170 eet.
1248 3129 1373 3183 canone.

81 3216 180 3272 Erunt
199 3215 287 3284 enim,
312 3216 418 3293 inspuit,
442 3215 497 3273 duo
520 3217 548 3272 in
570 3233 682 3274 carnem
705 3233 797 3274 imam.

171 3310 239 3375 vit.
269 3309 401 3377 Mutatus
424 3325 469 3376 est
492 3314 584 3377 loeus.
629 3311 706 3378 Nam
730 3335 782 3398 pro
805 3334 841 3376 eo
860 3313 934 3397 quob
952 3324 1015 3392 est,
1049 3318 1088 3375 Et
1102 3317 1150 3376 lec
1166 3317 1234 3376 baec
1249 3333 1362 3389 capue.

79 3439 137 3478 non
160 3418 248 3488 droit,
276 3415 448 3492 hebetius,
474 3420 540 3478 Etsi
559 3420 606 3478 teo
628 3421 737 3496 Moysis
758 3420 827 3477 baec
849 3438 904 3478 non
927 3420 1006 3477 dicit.

170 3514 254 3579 Vlli.
287 3521 430 3599 Numquid
450 3523 483 3580 de
505 3519 590 3580 baites
611 3539 680 3582 cura
703 3532 747 3580 cst
765 3523 838 3580 deo?
1249 3529 1337 3576 miae

170 3617 227 3684 IX.
258 3623 332 3682 Nolo
348 3625 419 3682 enain
437 3642 485 3682 cos
501 3626 651 3700 ignorare,
668 3625 799 3704 fratres,
824 3625 952 3702 quoniam
964 3633 1063 3700 patres
1076 3627 1171 3682 nostri
1184 3623 1236 3684 sab
1250 3632 1345 3689 cente,
1357 3636 1376 3678 1·

80 3727 157 3788 nube
168 3725 302 3804 sumunt,
326 3734 355 3784 et
368 3745 461 3784 ornnes
476 3745 553 3785 creare
570 3728 759 3798 tronn'erant,
789 3737 818 3786 et
834 3745 926 3786 ornnes
941 3727 1054 3786 eandem
1070 3745 1160 3785 escam
1177 3730 1235 3805 spi-

81 3829 196 3890 ritalem
211 3828 456 3888 manducaverunt.
503 3827 640 3888 bibebant
653 3832 725 3889 cnam
740 3831 774 3887 de
787 3829 914 3907 spiritali
927 3838 1110 3906 consequente
1127 3848 1174 3888 eos
1186 3848 1235 3907 pe·

83 3943 149 4004 trae
177 3939 260 4007 petra
276 3939 367 3989 antem
386 3940 449 3990 erat
468 3933 608 3990 Cbristus.
655 3934 713 3990 Sed
728 3951 783 3990 non
802 3933 831 3990 in
844 3931 975 4009 pluribus
995 3950 1088 3990 earnm
1110 3929 1237 4008 benepla-

82 4037 171 4094 eitum
189 4043 234 4092 est
250 4034 310 4092 deo.
356 4035 433 4093 Haec
452 4043 543 4092 autem
561 4037 590 4092 in
599 4034 704 4111 figura
714 4034 798 4115 sacto
816 4043 882 4093 sunt
898 4036 1004 4104 nostri,
1031 4044 1062 4092 ut
1076 4053 1131 4093 non
1148 4036 1234 4094 sunus

82 4137 309 4214 concupiscentes
330 4137 482 4209 malorum,
513 4139 590 4196 sieut
609 4136 657 4196 tta·
666 4137 799 4215 sumunt.
843 4137 940 4214 Neque
956 4137 1093 4196 adadorum
1113 4139 1235 4196 caltores

82 4237 261 4317 efficiamini,
289 4241 364 4297 sicut
378 4241 488 4317 quedam
508 4241 643 4317 corpses,
674 4239 899 4315 quemadmodum
916 4241 1124 4316 scriptumest:
1157 4241 1236 4300 Sedit

79 4341 205 4420 populus
221 4341 388 4399 manducare
405 4350 435 4398 et
447 4341 554 4412 bibere,
586 4351 615 4400 et
630 4349 819 4400 surrexerunt
835 4341 940 4398 tudere.
988 4341 1085 4419 Neque
1102 4351 1236 4400 tentemus

84 4490 188 4542 tertiam
205 4488 252 4544 ra':
271 4501 296 4540 et
311 4490 348 4540 sic
365 4491 389 4540 in
407 4490 533 4557 reliquisr‘
712 4487 752 4541 40.
767 4489 814 4558 μὴ,
827 4495 890 4555 quob
900 4494 1045 4542 desideratur
1055 4496 1080 4542 in
1092 4495 1145 4544 edit.
1152 4497 1236 4557 princ,

121 4558 162 4612 ³9.
183 4563 254 4623 runo
270 4558 487 4626 Μετηλλαγμένος.
679 4563 789 4612 Patauiua
805 4575 834 4612 ea
849 4563 901 4612 cab.
923 4563 993 4612 Vatia.
1009 4565 1115 4614 restitut.
