3006 4990
325 323 460 376 rinnau
478 323 555 376 son.
568 325 737 376 nemesus
755 325 817 376 crs.
832 327 853 376 1.
869 327 949 378 ron.
964 327 982 377 ι.
1177 313 1224 405 bt

90 455 196 508 rurant.
240 442 409 526 Quinetiam
433 443 493 505 isto
512 451 542 504 et
561 442 755 507 astronomiae
776 443 927 529 plurimum
945 443 1120 508 tribuebant.
1164 443 1224 507 Ar·

88 557 217 629 gameno
234 557 282 609 est
298 547 372 628 quot
391 541 507 606 Groeca
521 547 617 608 omnia
632 545 773 608 uocabula
785 543 962 640 vanissimae
977 546 1055 610 iiiios
1070 545 1141 608 artis
1156 557 1224 630 pro-

90 647 145 730 pria
164 647 281 710 totidem
298 647 388 711 abiis
406 643 560 708 Hebraicis
579 659 646 709 snit
661 646 771 711 renutu
786 647 919 710 vocibus.
964 643 1101 729 Exempli
1119 667 1223 710 caussa
1291 687 1293 692 -

90 745 136 811 sot
156 747 278 812 flamma
298 759 330 811 et
346 745 451 810 Semes
476 748 512 810 ab
533 745 570 809 iis
591 748 763 831 appellatur,
786 745 873 812 Luna
892 745 976 812 beree
996 759 1026 811 ot
1042 747 1221 827 Hubbebannq

89 851 157 912 unde
172 862 201 912 et
217 847 308 913 bione
326 861 459 912 vocatur.
503 845 582 912 Nnnr
603 846 685 912 beree
703 850 828 926 mensis,
852 859 882 912 et
897 847 984 912 Luna
998 847 1089 914 Mene
1105 850 1221 928 dicitnr,

88 973 117 1014 ac
132 953 249 1036 munde
266 963 299 1015 ιι
315 951 390 1035 apud
408 949 543 1016 Graecos
560 971 577 1011 a
594 971 693 1014 mense
712 951 837 1014 nominis
855 951 1076 1036 appeliationem
1095 953 1220 1014 derivat.

90 1051 224 1137 Sequitur
240 1050 343 1131 Mars,
373 1073 456 1136 quem
479 1048 597 1117 Coebab
621 1047 723 1116 Ocmoi
748 1052 916 1130 nominant3
948 1049 1127 1116 Mercurium
1150 1073 1223 1116 rere

90 1153 201 1218 Coebab
217 1151 370 1233 0cbmod,
393 1151 493 1216 bouem
513 1149 632 1216 Goobab
649 1150 737 1231 Saul,
762 1151 907 1218 Venerem
925 1150 1032 1232 Serus,
1055 1154 1104 1218 rel
1119 1152 1221 1230 Lued;

90 1255 229 1320 Saturnus
252 1256 376 1340 denique
404 1251 524 1318 Coebab
547 1251 657 1318 Sabetb
680 1264 812 1319 vocatur.
857 1252 935 1318 Sunt
956 1265 986 1318 et
1007 1256 1121 1319 iliorum
1148 1256 1222 1318 aiino

89 1359 336 1433 nomenclaturae,
360 1377 432 1439 quus
453 1367 590 1418 accurate
610 1355 762 1440 concipere
783 1357 900 1421 minime
918 1357 1072 1442 potuimus.
1116 1353 1223 1440 Neque

88 1458 119 1520 iis
138 1459 270 1522 contenti
292 1458 379 1522 etium
398 1457 537 1521 coelestia
553 1456 601 1520 itta
618 1457 720 1538 signa,
744 1479 816 1541 quae
831 1457 1037 1543 quadrifarium
1055 1478 1157 1522 errore
1172 1481 1224 1522 vn·

89 1560 202 1622 nissimo
224 1581 277 1644 pro
295 1559 504 1622 elementorum
523 1579 645 1624 nunrero
663 1558 872 1624 distribuuntur
893 1559 1002 1642 (Zodia
1021 1560 1109 1642 subpo
1130 1562 1224 1623 nomi·

89 1665 181 1740 nant),
206 1661 345 1744 aquibus
366 1660 521 1744 impietatis
540 1660 569 1722 in
586 1661 720 1724 mnndum
740 1671 893 1746 propagata
913 1662 1130 1738 messenius,
1153 1663 1222 1738 ista,

88 1761 216 1846 inquam,
240 1762 281 1825 itti
301 1760 443 1824 Hebraice
462 1762 503 1825 itu
520 1761 724 1824 reddideruntc
749 1759 851 1842 Teisa,
875 1759 946 1840 Sor,
971 1760 1106 1840 Tomim,
1131 1759 1222 1826 Sara·

88 1877 156 1942 tam,
179 1865 250 1941 Ari,
275 1860 410 1940 Setbuia,
432 1861 593 1940 Murenae,
616 1862 728 1939 Acrab,
752 1859 857 1941 lineet,
883 1861 974 1942 Gadi,
996 1861 1120 1942 Deimii,
1145 1861 1223 1948 Deg-

88 1967 151 2048 p'm.
197 1963 286 2028 bluuc
307 1963 336 2026 in
361 1965 477 2027 modum
497 1962 649 2028 Pharisaei
666 1962 843 2030 Graecorum
861 1965 986 2048 uestigio
1006 1963 1152 2048 persecuti
1175 1987 1223 2027 es·

89 2067 145 2130 ie·
168 2067 207 2131 ab
231 2067 277 2130 bis
302 2076 441 2152 usurpata
463 2065 605 2130 uocabnia
621 2063 778 2130 Hebraicis
799 2066 915 2130 vocibus
936 2065 1120 2151 interpretati
1141 2077 1219 2130 sont.

88 2166 158 2232 Nam
175 2169 269 2232 Aries
284 2167 310 2230 is
326 2176 372 2230 est
390 2187 475 2251 quem
490 2164 584 2230 Teisa
602 2179 778 2250 nuncupant,
801 2163 913 2232 'lburrm
929 2163 1000 2245 Sor,
1024 2163 1141 2230 Gemini
1160 2167 1222 2231 Το-

89 2270 167 2350 nin,
200 2266 318 2334 Carnem
340 2267 467 2346 Sarata,
498 2265 563 2332 Len
584 2266 657 2344 Ari,
688 2265 781 2351 Virgo
802 2265 941 2346 Betbuie,
971 2265 1063 2331 Libra
1080 2265 1222 2346 Mozune,

88 2367 224 2458 Scorpius
245 2370 364 2448 Acrub,
388 2367 564 2454 Sagittarius
582 2367 693 2448 iieset,
722 2365 916 2454 Capricornus
939 2369 1052 2449 Gobdi,
1075 2369 1223 2453 Aquarius

88 2469 164 2554 bati,
189 2471 293 2535 Pisces
313 2469 436 2556 Deggim
458 2473 649 2556 appellantur.

164 2571 224 2639 Sed
244 2573 318 2638 baec
338 2573 436 2636 omnia
456 2592 636 2657 nequaquam
659 2573 695 2636 ad
712 2573 853 2636 tectorum
874 2573 1028 2658 perniciem
1047 2593 1223 2636 commemo·
1241 2581 1300 2648 cip.
1314 2583 1356 2634 ιιι.

87 2693 147 2736 rare
162 2675 346 2751 studuimus,
372 2694 466 2758 neque
483 2674 518 2736 ad
537 2695 637 2737 eornm
656 2670 813 2763 venitatem
831 2674 1086 2737 commendandam
1102 2675 1150 2758 qni
1163 2686 1225 2738 sto·

88 2775 165 2840 biam
186 2789 217 2840 et
235 2777 363 2862 ineptam
386 2776 584 2840 astronomiae
603 2775 755 2839 scientiam
777 2775 807 2838 iu
829 2775 973 2840 bominum
992 2775 1080 2840 vitum
1101 2775 1224 2840 inuexe-

88 2891 161 2940 runt.
207 2875 289 2944 Satis
308 2879 385 2941 iiiam
403 2879 448 2942 uis
469 2877 529 2962 ipse
546 2877 679 2942 remotis
703 2887 869 2962 expugnat,
893 2888 921 2940 et
944 2878 1007 2941 eius
1027 2897 1158 2940 errorem
1179 2879 1224 2940 iu-

88 2981 336 3063 coostantiamque
355 2979 498 3062 coarguit.
543 2980 589 3042 Ac
610 3001 675 3042 cum
697 2999 751 3042 nos
770 2979 842 3042 aiias
861 2977 988 3063 pluribus
1009 2978 1152 3044 utirersus
1172 2999 1224 3042 eos

88 3081 310 3163 disputavimus,
334 3081 381 3164 qui
398 3081 579 3144 nativitatem
600 3101 634 3144 uc
657 3081 746 3144 iatum
766 3079 970 3158 obstruebant,
994 3089 1053 3143 tum
1074 3081 1105 3144 in
1127 3082 1224 3165 operis

88 3179 166 3248 buius
190 3183 316 3246 exordio
340 3183 462 3246 cundem
487 3202 618 3245 errorem
639 3181 720 3245 brevi
737 3181 964 3266 reprehensione
986 3182 1222 3266 perstrinximus.

89 3279 143 3346 Sed
165 3305 206 3348 ne
224 3285 289 3368 quis
310 3304 362 3368 per
384 3283 556 3348 calumniam
579 3283 729 3346 incessere
752 3303 805 3346 nos
829 3284 989 3368 quempiam
1014 3294 1145 3366 putaret,
1170 3301 1224 3346 nec

89 3405 159 3466 quse
175 3395 259 3448 certo
279 3407 297 3448 a
314 3385 398 3450 onbis
419 3395 539 3470 accepta
560 3385 770 3470 explorataque
789 3395 889 3448 esseut
908 3385 937 3448 in
959 3385 1083 3448 medium
1104 3385 1223 3461 afferre,

89 3487 254 3550 nominatim
274 3487 322 3552 itti
345 3487 544 3572 percensenda
561 3486 708 3550 duximus.
753 3485 810 3550 Est
825 3485 894 3550 ittnt
910 3506 982 3550 vero
1003 3496 1154 3550 extremae
1175 3505 1225 3548 cu·

89 3586 195 3650 iustam
212 3589 388 3673 imperitiae,
412 3609 448 3651 ne
464 3589 556 3652 dicam
574 3588 730 3666 amentiae,
754 3609 817 3652 curn
836 3589 1081 3653 resurrectionem
1097 3597 1226 3650 mortuo·

90 3706 148 3750 runi
165 3709 233 3754 esse
251 3692 379 3767 iuuare,
403 3709 439 3752 ac
455 3689 644 3754 iustissimum
657 3690 692 3753 tie
709 3689 848 3775 cuiusque
866 3690 950 3754 iactis
966 3688 1102 3753 indicium
1117 3688 1227 3752 eonsti-

90 3797 195 3869 tutmn,
220 3791 312 3854 iatum
326 3791 513 3856 nibilominus
530 3811 599 3855 esse
614 3791 702 3856 ulium
717 3811 864 3856 erarem.
909 3789 970 3875 Qui
990 3790 1069 3854 caim
1091 3789 1149 3854 dnn
1169 3789 1227 3852 istu

119 3922 156 3974 tc.
174 3917 326 3993 rimbspecbai
343 3927 393 3976 scd.
409 3928 485 3977 Vocet.
704 3925 745 3978 26.
763 3923 866 3993 σαράτιι
881 3927 933 3978 nott.
948 3927 1024 3978 Vener.

121 3988 157 4042 tu.
174 3996 211 4044 na
225 4009 305 4044 cnm
319 3997 388 4057 uns,
411 3999 506 4057 mccc
524 3997 579 4046 cccc
595 3998 639 4046 rc·
704 3993 745 4047 ιι.
762 3987 820 4059 ἄρτι
834 3997 885 4048 con
900 3997 999 4058 unua.
1014 4001 1037 4046 c
1050 3995 1106 4045 cess
1119 3995 1195 4054 punc

89 4065 147 4118 tau,
164 4063 189 4110 tu
204 4075 252 4123 quc
269 4058 392 4126 bimtnnri.
704 4059 746 4112 bu.
763 4056 870 4180 &maiis
889 4066 940 4114 ccc.
966 4064 1041 4112 ιἰιιιι.
1088 4051 1151 4125 ἄκρα
1174 4063 1225 4111 cod.

117 4128 156 4177 uu
174 4123 276 4196 ἀκραάβ
293 4132 343 4179 cod.
362 4131 437 4180 Vsust.
673 4129 768 4193 umere.
786 4135 835 4180 ete
857 4134 879 4181 '.
894 4133 969 4192 punc.

118 4193 158 4246 ¹21.
174 4195 219 4246 unt
236 4194 280 4248 σὶτ
297 4199 348 4247 uod.
365 4199 442 4248 Venti.
705 4199 748 4247 29.
766 4197 838 4252 bobii
851 4201 903 4249 oud.
922 4200 998 4249 veus
1310 4249 1313 4256 ,

118 4259 158 4312 22
175 4261 269 4328 eoepit
290 4266 344 4314 edic
369 4271 442 4326 ιιι-ιιι.
489 4265 561 4321 ecttt
587 4270 638 4317 cod.
708 4263 765 4315 Cur.
781 4267 824 4314 nt.
840 4292 874 4303 -
911 4267 932 4316 t.
951 4265 1023 4326 tutuo
1040 4255 1155 4330 ἤλικται,
1170 4279 1228 4328 quo-

90 4331 161 4380 vase
195 4329 271 4384 uuest
285 4333 337 4382 cod.
353 4333 451 4397 Rbeds'p.
674 4333 742 4383 nuno
757 4335 828 4382 etiem
843 4335 894 4383 cod.
910 4335 1007 4395 ttbefflq.

117 4395 158 4448 23.
174 4402 245 4463 διγγῖ
279 4402 332 4450 eod.
347 4401 422 4450 Vocet.
706 4401 730 4450 2.
749 4402 812 4452 Libri
826 4403 884 4450 editt
899 4403 983 4450 babent
999 4398 1159 4466 ιιμαρμιιηι,
1177 4403 1227 4449 ubt-

117 4463 157 4514 us.
174 4469 232 4518 cu
267 4469 318 4516 ωιι
334 4469 409 4518 racc.
674 4481 725 4532 qm.

117 4527 159 4584 25.
177 4527 226 4600 erip
244 4536 295 4585 cod.
314 4537 388 4586 Venti.
