3006 4990
308 290 442 344 eunoun
463 289 540 342 nov.
554 289 722 342 naeuusrs
740 290 802 342 mo.
816 291 836 342 1.
853 287 932 340 rom.
946 290 978 340 n.
1155 279 1214 342 125

155 407 250 494 Igitur
274 430 315 474 ea
330 409 381 474 illa
401 409 543 474 malorum
565 410 737 474 daemonum
759 411 874 478 iosaoia
897 434 932 477 ac
956 408 1077 494 magicis
1103 410 1214 474 artibus
1234 421 1295 490 cop.
1313 423 1345 472 tt.

67 513 303 577 consceleratum
327 511 454 576 animum
484 533 609 595 gerens,
641 523 728 596 atquc
749 512 862 576 illorum
894 513 1059 598 praestigiis
1082 512 1212 591 delusus,
1342 594 1347 603 .

67 637 140 679 cum
157 613 226 678 oiltil
240 613 361 678 haberet
378 613 537 699 promptius
554 633 637 698 quam
653 623 685 676 ut
700 615 847 698 nequitiae
861 635 933 680 suae
948 613 1214 699 veneficiorumque

67 715 227 781 barbarum
243 716 386 800 quoddam
402 735 436 778 ac
454 716 515 779 suis
529 713 587 778 illis
603 715 771 778 auctoribus
787 717 975 782 daemonibus
986 717 1104 800 dignum
1120 717 1214 803 speci-

66 838 145 882 men
161 817 324 896 exhiberet,
347 816 377 880 in
395 827 527 902 apertum
545 815 692 902 prorupit,
715 837 750 880 ao
763 817 817 881 sub
833 814 993 882 Christiani
1010 817 1136 882 nominis
1148 839 1215 906 spe·

65 921 138 997 cie,
162 928 295 1002 tauquam
310 929 428 982 veratro
451 919 509 982 mel
529 918 711 998 admiscens,
742 919 785 982 sic
803 918 881 984 illius
902 919 1103 1005 appellationis
1118 921 1215 1005 splen-

65 1020 138 1084 dori
160 1018 244 1083 letale
263 1039 410 1084 venenum
427 1019 548 1098 inludit,
578 1019 665 1103 idque
681 1021 718 1084 iis
736 1020 840 1085 obtulit
857 1041 929 1104 quos
947 1020 1145 1086 fraudulenter
1166 1043 1214 1086 ca-

64 1132 170 1206 ptatus
192 1131 221 1184 et
243 1119 360 1206 impium
383 1121 459 1185 luno
485 1121 515 1184 io
540 1142 671 1186 errorem
694 1132 856 1206 pertractos
879 1122 909 1186 iu
934 1121 1055 1186 exitium
1078 1124 1212 1189 adduxit.

66 1219 207 1305 Cumque
224 1221 253 1284 io
269 1219 416 1286 Venerem
434 1233 536 1286 natura
554 1223 711 1306 proclivior
726 1233 824 1302 esset,
852 1245 953 1287 eorum
971 1243 1045 1307 quae
1062 1226 1215 1306 profiteba-

65 1337 118 1388 tur
141 1324 301 1408 dogmatum
327 1324 503 1388 verecundia
526 1336 686 1387 commotus
712 1325 905 1409 oequissimus
931 1325 1097 1411 opinionum
1122 1348 1214 1410 nugas

65 1426 221 1510 discipulis
237 1425 298 1488 suis
314 1426 455 1509 impostor
470 1427 627 1510 persuasit.
671 1424 790 1489 Etenim
813 1447 917 1510 vagam
940 1428 1079 1510 quandam
1096 1428 1214 1492 mulier·

66 1529 166 1592 culam
193 1529 307 1591 nomine
324 1525 465 1590 llelenaro
489 1537 607 1604 nactos,
639 1527 730 1610 patria
750 1527 891 1612 Tyriam,
923 1527 978 1592 sibi
1000 1549 1064 1592 eam
1086 1529 1212 1614 copulat,

65 1649 195 1714 quacum
214 1629 306 1712 pelam
323 1628 429 1692 oollam
444 1628 551 1692 habere
569 1647 602 1691 se
619 1629 857 1692 consuetudinem
873 1629 1012 1694 simulans
1030 1630 1116 1695 humo
1131 1633 1215 1696 valer

66 1733 148 1796 elam
165 1729 243 1792 omui
257 1751 290 1793 se
303 1728 333 1792 io
350 1729 498 1794 libidinum
515 1749 625 1814 genere
643 1729 810 1807 volutabat,
834 1741 921 1814 atque
936 1730 1022 1794 etiam
1040 1731 1159 1796 ridicula
1177 1734 1212 1798 de

66 1855 100 1896 ea
129 1851 164 1894 re
189 1831 284 1894 labolo
306 1831 462 1915 discipulos
482 1829 619 1917 aspersit.
665 1828 705 1895 Se
727 1830 804 1896 enim
823 1852 964 1895 summam
986 1853 1052 1896 esse
1071 1833 1117 1897 dei
1140 1833 1211 1915 vim,

67 1945 201 1998 scortum
218 1953 289 1998 vero
304 1953 388 1996 suom
403 1932 535 2017 spiritum
552 1953 619 1998 esse
637 1945 769 1996 sanctum
786 1935 929 1996 affirmare
944 1955 1033 1998 ausus
1051 1946 1107 2014 est,
1130 1937 1213 2000 cuius

67 2035 166 2119 gratia
185 2035 221 2098 de
234 2035 317 2098 coelo
334 2035 535 2098 descenderat.
572 2031 631 2098 Sed
651 2035 681 2098 iu
700 2055 873 2118 unoquoque
892 2035 974 2098 coelo
991 2037 1136 2122 propriam
1152 2037 1213 2100 aie·

68 2137 117 2200 liat
135 2136 200 2200 eius
217 2136 290 2199 coeli
309 2137 430 2200 sormam
448 2136 544 2214 indui,
570 2157 626 2220 quo
642 2157 723 2200 meos
738 2137 858 2220 angelos
874 2136 965 2201 latere
981 2157 1108 2220 possem,
1133 2139 1213 2204 etad

68 2260 166 2302 meam
187 2237 264 2302 illam
289 2236 509 2322 intelligentiam
533 2239 759 2316 descenderem,
797 2239 851 2302 hoc
876 2249 922 2302 est
945 2236 1087 2302 lleleoam
1113 2239 1210 2319 istam,

68 2360 145 2423 quae
160 2349 191 2403 et
203 2337 347 2404 Prnoicus
365 2350 394 2403 et
413 2337 540 2423 Spiritus
559 2337 686 2404 Sanctus
708 2340 886 2424 appellator,
910 2360 1063 2424 perquam
1083 2339 1214 2424 Angelos

67 2442 188 2519 creavi,
212 2441 319 2525 Augeli
333 2461 421 2527 porro
437 2441 573 2506 muudum
589 2451 674 2524 atque
694 2441 827 2505 homines
843 2441 1044 2504 condiderunt.
1082 2439 1214 2506 Eandem

68 2563 139 2608 esse
154 2543 340 2608 confirmabat
353 2541 496 2606 llelcnam
515 2541 597 2606 cuius
616 2562 719 2606 caussa
735 2542 842 2606 bellum
851 2539 984 2608 Graecus
999 2541 1077 2606 inter
1090 2541 1214 2607 ac'lro-

67 2645 154 2708 ianos
172 2645 294 2708 exarsit.
338 2644 387 2707 od
407 2643 479 2707 haec
496 2643 620 2708 fabulam
637 2643 791 2708 adiiciebat
809 2644 917 2726 lapsam
936 2645 972 2707 de
989 2643 1072 2707 coelo
1090 2642 1157 2708 Vim
1178 2643 1214 2708 il·

67 2746 128 2808 lam
145 2746 329 2828 semetipsam
347 2744 557 2824 dissimulasse,
580 2747 673 2830 deque
691 2766 726 2810 eo
744 2756 845 2831 poetas
863 2746 983 2828 figurate
1000 2747 1113 2810 locutos
1131 2766 1210 2810 esse.

66 2845 154 2910 llaec
169 2846 244 2910 enim
266 2845 304 2909 oh
325 2866 488 2932 supremam
508 2847 585 2912 illam
603 2845 670 2911 Vim
693 2846 835 2912 eccidisse
851 2846 942 2925 bella,
966 2867 1040 2930 quae
1056 2846 1092 2909 ab
1110 2847 1213 2912 haere-

67 2949 137 3012 ticis
151 2948 217 3012 aliis
228 2945 373 3026 Barhero,
397 2948 460 3014 sive
477 2946 603 3014 Baebelo
618 2948 739 3030 dicitur3
762 2969 836 3033 quae
853 2969 919 3012 cum
934 2969 1016 3012 suam
1031 2946 1072 3010 illi
1088 2947 1214 3032 pulchri-

66 3051 200 3114 tudinem
218 3049 405 3128 ostendisset,
429 3049 474 3112 soi
490 3049 570 3134 ipsus
586 3050 693 3115 amoris
712 3048 837 3114 stimulis
853 3050 1002 3128 incitasse,
1026 3049 1156 3133 adeoque
1175 3051 1213 3114 ad

66 3173 121 3216 eos
140 3150 360 3236 depraedandos
373 3148 543 3235 Principes,
567 3151 615 3235 qui
638 3153 775 3216 mundum
790 3151 997 3229 condiderant,
1021 3148 1139 3214 missam
1158 3150 1213 3214 hos

65 3255 151 3340 ipsos
171 3253 303 3336 Angelus
325 3263 453 3316 mutuam
475 3253 510 3314 ad
532 3274 655 3337 pugnam
671 3254 837 3330 excitasse,
862 3273 926 3316 cum
941 3251 1057 3316 iuterim
1073 3252 1144 3320 nihil
1163 3253 1213 3318 illa

66 3356 138 3418 mali
160 3377 245 3440 passa
265 3354 373 3418 iniecta
395 3353 560 3418 vehementi
582 3355 627 3418 sui
649 3354 804 3438 cupiditate
826 3353 1000 3437 perfecerit,
1030 3366 1062 3417 ot
1082 3375 1115 3418 sc
1137 3353 1214 3418 iovi·

66 3478 136 3520 eem
157 3457 365 3520 interficerent.
409 3453 483 3519 liam
502 3455 607 3540 quippe
623 3455 801 3534 detinebant,
824 3475 861 3520 ne
879 3473 995 3517 sursum
1009 3455 1129 3518 evolare
1145 3475 1212 3538 pos·

65 3570 136 3636 set3
168 3558 292 3642 ideoque
319 3579 383 3622 eum
410 3577 445 3620 ea
472 3557 577 3641 singuli
600 3558 629 3621 iu
652 3557 734 3620 varia
757 3556 982 3620 uaoslormante
1004 3575 1037 3620 se
1058 3555 1211 3620 mulierum

65 3681 104 3723 ae
130 3658 299 3723 feminarum
327 3680 452 3744 corpora
481 3660 630 3742 congressi
658 3668 738 3724 sunt.
783 3656 834 3720 Ex
855 3656 911 3720 illis
934 3678 1021 3742 porro
1042 3655 1072 3720 in
1095 3657 1209 3721 diversa

65 3773 128 3825 taur
154 3759 297 3824 homiuum
320 3782 404 3844 quam
428 3761 567 3844 pecudum
590 3760 768 3844 aliorumque
791 3778 914 3842 corpora
933 3757 1090 3836 transibat,
1114 3769 1145 3821 ut
1161 3778 1212 3842 per

64 3874 186 3926 mutuas
206 3863 270 3926 illas
293 3865 528 3947 promiscuaeque
549 3862 654 3925 caedes
681 3861 775 3924 effuso
796 3859 938 3944 sanguiue
965 3857 1137 3943 semetipsos
1159 3859 1212 3922 mi-

62 3975 214 4044 nuerent,
243 3963 364 4049 ipsaque
390 3962 512 4028 collecta
541 3962 572 4026 vi
598 3983 712 4028 rursum
742 3963 773 4025 io
801 3963 914 4026 coelum
943 3971 1043 4046 posset
1070 3981 1212 4026 conscen-

61 4069 157 4130 dere.

96 4422 126 4476 3.
147 4421 253 4470 recuro
270 4413 330 4483 ἅξαν
345 4413 473 4487 ἀγγέλους.
668 4483 670 4488 ι
693 4419 716 4470 5.
735 4424 826 4486 ltrpooe
843 4416 996 4488 npoqriueut·

95 4489 125 4541 4.
148 4488 357 4555 μιτεγγιζομένης
373 4491 425 4540 cod.
441 4491 514 4540 Votic.
