3010 5000
269 309 330 372 528
690 321 811 374 εκειστι
829 321 999 375 mmmm

272 436 351 503 Κόϊν
365 439 414 504 καλ
432 435 451 503 ό
467 437 555 520 Σὴθ,
577 440 676 520 δῆλον.
719 435 754 502 ‘O
768 435 922 524 γὰρ”Αβελ
936 437 1075 524 νεότερος
1088 436 1276 521 όπεκτόνθη,
1298 438 1426 522 μηδέπω

269 541 374 626 κίνει·

352 741 404 819 Ὡς
417 744 449 810 δέ
464 747 496 810 ἐν
508 753 570 820 τοῖς
582 742 761 828 ’ίωβηλαίοις
777 741 954 829 εύρίσκεται,
978 752 1015 834 τῇ
1029 747 1080 810 καλ
1094 747 1303 832 Λεπτογενέσει
1316 753 1428 812 καλου-

268 847 358 936 μένῃ,
389 849 439 911 καλ
457 847 492 912 τό
512 844 642 930 όνόματα
659 855 719 912 ταῖν
733 854 883 933 γυναικῶν
900 853 953 913 τοῦ
969 871 1000 912 τε
1015 846 1094 912 Κύϊν
1111 850 1163 914 καί
1180 855 1234 914 τοῦ
1250 847 1324 931 Σήθ
1339 845 1364 931 ἦ
1381 851 1427 930 βί·

267 952 337 1031 βλος
353 951 489 1034 περιέχει·
521 953 571 1014 ’ίνα
585 947 661 1014 κατό
676 947 771 1015 πόντα
787 949 899 1035 τρόπον
915 941 999 1016 οὗτοι
1016 957 1283 1033 καταισχυνθῶσιν,
1307 953 1340 1015 οί
1352 949 1430 1026 τούς

269 1049 388 1132 μύθους
403 1058 444 1140 τῷ
459 1055 515 1142 βίῳ
532 1050 770 1141 βαφςοδήσαντες.
814 1059 874 1118 Τοῦ
889 1050 945 1138 γαίρ
959 1049 1051 1134 Ἀδιίμ
1064 1052 1258 1138 γεννήσαντος
1271 1051 1360 1128 υίυύς
1376 1055 1428 1118 καί

269 1155 437 1240 θυγατέρας
453 1151 566 1239 α’νόγκη
585 1157 685 1240 γέγονε
703 1152 765 1219 κατ’
785 1155 880 1220 έκεῖνο
896 1161 1002 1239 καιροῦ
1018 1152 1158 1235 όδελφαῖς
1171 1165 1234 1232 ταῖς
1251 1158 1339 1231 ἐδίαις
1355 1177 1428 1220 συν·

269 1263 409 1339 αφθῆναι
423 1253 494 1332 τούς
511 1259 628 1332 παῖδας.
678 1254 723 1322 Ού
740 1255 796 1342 γόρ
813 1249 853 1339 ἦν
869 1256 1045 1342 παρόνομον
1058 1254 1092 1322 τό
1110 1265 1260 1339 τοιοῦτον,
1289 1259 1353 1322 ἐπεὶ
1372 1285 1428 1340 μη-

269 1359 319 1424 δὲν
334 1360 432 1443 ἕτερον
447 1361 532 1445 γένος
548 1351 595 1441 ἦν.
640 1361 702 1423 Καὶ
716 1358 772 1444 γὰρ
786 1361 837 1424 καλ
851 1356 956 1439 αύτός,
978 1356 1020 1435 οός
1033 1362 1105 1436 έπος
1118 1362 1227 1439 εἰπεῖν,
1249 1355 1374 1441 όἈδόμ
1390 1353 1428 1448 τῇ

269 1463 330 1548 ίδίρι
356 1463 484 1546 θυγατρί
506 1458 611 1544 σχεδόν
631 1467 667 1550 τῇ
689 1464 721 1527 ἐκ
743 1468 796 1527 τοῦ
815 1459 952 1545 σοίματος
972 1459 1064 1527 αύτοῦ
1084 1467 1249 1552 πλασθείσῃ
1270 1460 1428 1546 συνήφθη,
1498 1509 1499 1532 ι

270 1561 345 1628 κατό
362 1567 501 1650 συζυγίαν
519 1561 598 1651 αύτῷ
616 1565 648 1630 ἐκ
666 1571 744 1629 θεοῦ
762 1566 966 1654 πεπλασμένῃ,
987 1565 1037 1628 καί
1054 1561 1109 1629 οόκ
1128 1557 1167 1648 ίγν
1182 1553 1373 1648 παρρίνομον·
1397 1568 1431 1630 οἳ
1498 1581 1499 1590 ’

269 1689 299 1728 τε
319 1661 427 1730 τούτου
450 1668 512 1732 υίολ
531 1664 731 1749 συνήφθησαν
752 1663 770 1732 ό
791 1667 843 1749 μὲν
862 1665 941 1732 Κόϊν
961 1674 999 1756 τῇ
1020 1662 1132 1756 α’δελφῇ
1150 1675 1186 1756 τῇ
1202 1671 1310 1750 μείζονι
1325 1665 1427 1749 nnn),

270 1765 349 1834 ούτον
367 1770 550 1857 καλουμένῃ,
581 1765 599 1834 ό
620 1769 651 1834 δὲ
670 1766 742 1851 Σὴθ
758 1771 854 1854 τρίτος
874 1766 941 1844 υίός
958 1765 1030 1850 μετό
1047 1765 1101 1835 τόν
1110 1767 1200 1850 ’Ἅβελ
1216 1769 1374 1854 γεννηθείς
1391 1776 1427 1858 τῇ

269 1871 411 1959 λεγομένῃ
428 1868 521 1936 αότοῦ
535 1868 646 1960 όδελφῇ
661 1869 793 1958 Ἀζουρᾷ.
827 1869 969 1956 Γεγόνασι
983 1871 1016 1935 δέ
1029 1876 1070 1959 τῷ
1083 1867 1176 1954 Ἀδᾶμ
1188 1873 1241 1936 καὶ
1256 1869 1338 1936 ἄλλοι
1349 1873 1425 1950 υίολ,

272 1969 313 2049 οίς
327 1970 348 2056 ἡ
364 1970 469 2055 Λεπτή
483 1975 600 2050 Γένεσις
615 1975 755 2058 περιέχει,
777 1974 861 2038 ἐννέα
877 1970 947 2055 μετό
962 1970 1033 2049 τούς
1045 1981 1123 2057 τρεῖς
1135 1971 1275 2050 τούτους·
1297 1969 1339 2048 νίς
1349 1969 1426 2038 εἶναι

271 2071 350 2164 αύτῷ
370 2074 426 2142 δύο
440 2076 493 2158 μέν
508 2077 684 2163 θυγατέρας,
707 2073 833 2160 όίρρενας
848 2076 880 2140 δέ
894 2077 1032 2154 δεκαδύο,
1053 2077 1106 2140 ένα
1120 2076 1174 2157 μέν
1187 2074 1425 2154 όποκτανθέντα,

270 2179 373 2244 ἕνδεκα
394 2179 426 2244 δέ
442 2181 685 2261 περιλειφθέντας
701 2185 742 2266 τῷ
759 2181 823 2266 βίῃ.
859 2174 956 2260 ’Ἕηεις
977 2178 1010 2243 δέ
1026 2180 1078 2242 καλ
1094 2176 1207 2244 τούτων
1224 2175 1279 2260 τήν
1295 2180 1425 2260 έμφασεν

270 2282 301 2345 ἐν
321 2288 357 2369 τῇ
372 2283 488 2346 Γενέσει
507 2287 560 2345 τοῦ
579 2279 702 2362 Κόσμον
721 2281 772 2344 καὶ
791 2278 894 2370 πρότῃ
911 2283 1004 2369 βίβλῳ
1021 2279 1104 2366 παρὰ
1121 2287 1253 2345 Μονϋσεί
1265 2277 1346 2345 ούτοε
1363 2305 1423 2360 φα-
1499 2317 1500 2340 ι

269 2379 394 2471 σκούσῃ·
430 2386 490 2448 Καὶ
510 2385 609 2466 ἐζησεν
626 2379 719 2464 Ἀδόμ
740 2383 790 2464 έτη
812 2379 965 2448 ἐννακόσια
986 2381 1159 2466 τριόκοντα,
1188 2383 1240 2448 καλ
1266 2383 1419 2468 ἐγέννησεν

270 2481 356 2560 υἱούς
377 2486 426 2550 καί
449 2488 629 2571 θυγατέρας,
652 2485 704 2550 καὶ
725 2481 866 2550 όπέθανε.

142 2576 209 2644 Κῑφ·
223 2574 252 2639 ἵ·
356 2589 591 2653 Πλατυνθέντων
608 2587 639 2651 δέ
654 2593 713 2652 τόν
727 2584 913 2670 οίνθροίπων,
942 2588 994 2652 καὶ
1008 2592 1062 2669 τῆς
1077 2593 1178 2672 γενεᾶς
1193 2592 1247 2652 τοῦ
1262 2584 1355 2668 Ἀδαίμ
1371 2587 1420 2652 ἐπ·

147 2670 199 2718 εῑσ·
212 2660 256 2704 ²⁵⁸·
271 2690 485 2771 fxwvopgm·
508 2686 529 2772 ἦ
544 2685 678 2774 ἀκρίβεια
692 2685 713 2772 ἦ
727 2687 802 2754 κατύ
814 2686 866 2755 τόν
880 2686 976 2774 γόμον
991 2686 1043 2755 τόν
1057 2686 1166 2771 σεμνόν
1180 2687 1354 2754 ἐπλατύνετο
1370 2713 1421 2752 σε·

269 2793 360 2872 θεξῆς
373 2795 592 2876 προβαίνουσα,
614 2793 664 2856 καὶ
681 2793 800 2876 ἐπείπερ
817 2791 951 2876 γεγόνασι
967 2795 1070 2867 παῖδες
1085 2797 1127 2879 τῷ
1140 2787 1232 2872 Ἀδόμ
1249 2792 1302 2855 καλ
1319 2792 1420 2864 παῖδες

269 2897 399 2971 παίδων,
431 2895 592 2980 θυγατέρες
612 2894 644 2958 δέ
666 2895 698 2958 ένι
715 2892 827 2958 τούτων
841 2891 916 2958 κατύ
933 2892 1073 2976 διαδοχήν
1088 2894 1192 2979 γένους
1208 2891 1418 2977 ἐγεννήθησαν,

269 2993 375 3062 λοιπόν
396 2994 494 3062 ούκέτι
510 2995 564 3073 τός
579 2993 677 3062 αύτοίν
693 2992 824 3076 όδελφός
840 2993 916 3080 πρός
929 2993 1026 3081 γόμον
1040 2993 1165 3080 ἤγοντο,
1197 2990 1269 3059 α’λλό
1285 2998 1327 3072 είς
1341 2991 1417 3060 εύνο·
1500 3047 1501 3082 ,

269 3101 339 3179 μίαν
356 3100 478 3181 κατέστη
499 3100 551 3163 καί
572 3095 630 3182 πρό
652 3102 707 3162 τοῦ
722 3095 774 3162 διό
790 3099 948 3173 Μωῦσέας
963 3097 1115 3184 ἐγγράφου
1131 3095 1227 3180 νόμον
1243 3093 1262 3163 ό
1277 3095 1353 3163 κατό
1367 3093 1416 3162 τόν

268 3198 374 3282 σεμνόν
393 3203 489 3286 γόμον
508 3199 636 3283 θεσμός,
665 3202 717 3265 καὶ
739 3202 849 3265 ἐκτῶν
868 3201 1084 3285 πατραδέλφων
1104 3196 1204 3265 αύτοίν
1225 3196 1280 3276 τός
1295 3195 1417 3284 γαμετός

267 3303 380 3367 ἑαυτῶν
397 3300 510 3388 ἤγοντο.
557 3304 617 3366 Καὶ
634 3300 730 3378 οὕτως
745 3303 971 3384 πλατυνομένεον
988 3299 1054 3387 ύρτι
1069 3308 1130 3368 τῶν
1146 3298 1318 3387 όνθροίποον
1335 3303 1413 3384 έμίγη

267 3401 304 3468 τό
318 3402 372 3468 δύο
389 3407 474 3489 γένη,
497 3411 549 3470 τοῦ
565 3430 594 3470 τε
610 3403 688 3470 Κόϊν
705 3401 781 3490 πρός
795 3401 827 3470 τό
843 3405 927 3490 γένος
941 3409 995 3470 τοῦ
1008 3401 1096 3487 Σὴθ,
1119 3405 1170 3468 καλ
1187 3409 1242 3468 τοῦ
1257 3402 1331 3487 Σήθ
1346 3397 1415 3486 πρός

268 3505 412 3590 θύτερον,
443 3509 494 3571 καλ
514 3506 550 3572 τό
573 3507 642 3572 ίίλλα
663 3514 722 3572 τῶν
743 3509 817 3572 υίῶν
837 3513 891 3571 τοῦ
908 3503 999 3588 Ἀδύμ
1019 3509 1097 3592 γένη,
1138 3502 1297 3570 Ἐντεῦθεν
1317 3501 1415 3571 λοιπόν

267 3617 321 3674 τοῦ
335 3617 539 3692 κατακλυσμοῦ
556 3608 649 3694 ίίρδην
665 3607 697 3674 τό
714 3615 774 3674 πᾶν
789 3617 842 3691 τῆς
856 3607 984 3684 στόσεως
999 3616 1058 3674 τῶν
1074 3605 1247 3693 όνθροόπαν
1261 3605 1413 3674 υίπολέσαν·

268 3736 318 3786 τος
333 3710 567 3791 διαπεφύλακταε
589 3710 680 3794 μόνος
697 3719 782 3791 Νεόε,
813 3708 907 3795 εύροίν
927 3709 1012 3793 χάριν
1034 3708 1116 3794 παραὶ
1137 3716 1177 3798 τῷ
1194 3715 1276 3797 θεῷ,
1308 3713 1412 3780 δίκαιος

269 3810 402 3896 εύρεθελς
418 3815 449 3878 ἐν
463 3821 499 3904 τῇ
516 3810 578 3880 κατ’
593 3817 687 3881 έκεῖνο
703 3820 808 3896 καιροῦ
824 3819 920 3901 γενεᾷ·
943 3811 1073 3898 λόρνακα
1090 3813 1122 3876 δὲ
1136 3808 1211 3878 κατὰ
1225 3810 1262 3876 τό
1275 3809 1334 3902 ᾔδη
1348 3805 1411 3893 πρό·

269 3940 354 3999 τερον
372 3913 442 3998 ἡμῖν
465 3919 602 4002 εἰρημένα
619 3914 829 3981 κατεσκεύασεν
850 3917 944 4003 έαυτιγῖ
965 3917 998 3980 ἐκ
1015 3912 1237 3999 προςτόγματος
1257 3919 1348 3992 θεοῦ,
1375 3906 1410 3984 είς

270 4019 386 4100 έχουσιν
399 4022 432 4082 αἱ
444 4016 583 4102 όληθιναλ
598 4020 721 4104 γραφαί,
744 4020 775 4082 ἐν
790 4009 810 4106 ᾖ
825 4019 1023 4082 διασεσῶσθαι
1040 4014 1061 4100 ἦ
1076 4013 1151 4098 adn}
1165 4013 1273 4096 φύσκεε
1285 4020 1337 4097 τῆς
1349 4010 1407 4091 σ’λη-

269 4123 354 4195 θείας
369 4124 470 4203 βίβλος
493 4119 583 4187 αότόν
604 4147 634 4186 τε
653 4123 705 4186 καλ
723 4118 776 4195 τοὶς
794 4121 1004 4204 προειρημένας
1024 4115 1103 4207 αύτῷ
1126 4117 1188 4202 όίμα
1210 4115 1284 4184 έπτό
1304 4111 1406 4198 W?

269 4223 347 4304 φημὶ
363 4223 395 4288 δέ
406 4222 460 4306 τήν
473 4247 502 4288 τε
518 4226 596 4290 ίδίαν
610 4223 736 4310 σύζυγον
750 4223 801 4286 καὶ
814 4220 886 4299 τούς
899 4229 977 4308 τρεῖς
988 4219 1085 4300 υίοδς,
1106 4219 1251 4307 γυναῖκός
1264 4244 1295 4286 τε
1306 4215 1407 4283 τούτου

269 4319 380 4406 όμολονς
392 4333 477 4410 τρεῖς.
518 4321 568 4389 Ἐκ
583 4325 689 4394 τούτου
705 4325 737 4392 δέ
751 4329 877 4408 λείψανα
891 4331 1066 4410 γεγενῆσθαι
1080 4328 1133 4408 τῆς
1145 4321 1222 4390 κατύ
1236 4319 1288 4388 τόν
1300 4319 1405 4400 όνθρσ·

269 4451 327 4492 πον
342 4424 508 4503 συστόσεας
527 4429 559 4492 ἐν
575 4423 676 4516 κόσμῳ
692 4425 781 4494 πόλιν
801 4425 821 4511 ἦ
837 4424 962 4512 ύλήθεια
978 4430 1160 4510 συνίστησιν·
1194 4425 1267 4493 ὅθεν
1282 4418 1353 4489 κατό
1364 4441 1404 4502 γε·
