<?xml version="1.0" encoding="UTF-8"?>
<!DOCTYPE html PUBLIC "-//W3C//DTD XHTML 1.0 Transitional//EN"
    "http://www.w3.org/TR/xhtml1/DTD/xhtml1-transitional.dtd">
<html xmlns="http://www.w3.org/1999/xhtml" xml:lang="en" lang="en">
 <head>
  <title>
</title>
<meta http-equiv="Content-Type" content="text/html;charset=utf-8" />
  <meta name='ocr-system' content='tesseract 3.04.00' />
  <meta name='ocr-capabilities' content='ocr_page ocr_carea ocr_par ocr_line ocrx_word'/>
</head>
<body>
  <div class='ocr_page' id='page_1' title='image "./corporishaerese03oehlgoog_0557.png"; bbox 0 0 3010 5000; ppageno 0'>
   <div class='ocr_carea' id='block_1_1' title="bbox 241 291 970 354">
    <p class='ocr_par' dir='ltr' id='par_1_1' title="bbox 241 291 970 354">
     <span class='ocr_line' id='line_1_1' title="bbox 241 291 970 354; baseline -0.011 0"><span class='ocrx_word' id='word_1_1' title='bbox 241 291 303 354; x_wconf 79' lang='lat'><strong><em>540</em></strong></span> <span class='ocrx_word' id='word_1_2' title='bbox 662 295 783 349; x_wconf 78' lang='grc' dir='ltr'><strong><em>εεοετι</em></strong></span> <span class='ocrx_word' id='word_1_3' title='bbox 800 293 970 348; x_wconf 73' lang='grc' dir='ltr'><strong><em>εειεεεεεειι</em></strong></span> 
     </span>
    </p>
   </div>
   <div class='ocr_carea' id='block_1_2' title="bbox 123 405 1393 3055">
    <p class='ocr_par' dir='ltr' id='par_1_2' title="bbox 123 405 1393 3055">
     <span class='ocr_line' id='line_1_2' title="bbox 242 405 1389 504; baseline -0.005 -18"><span class='ocrx_word' id='word_1_4' title='bbox 242 416 283 494; x_wconf 83' lang='grc' dir='ltr'><strong><em>ἀς</em></strong></span> <span class='ocrx_word' id='word_1_5' title='bbox 304 419 379 504; x_wconf 99' lang='grc' dir='ltr'><strong><em>λέγει</em></strong></span> <span class='ocrx_word' id='word_1_6' title='bbox 401 412 420 482; x_wconf 83' lang='grc' dir='ltr'><strong><em>ά</em></strong></span> <span class='ocrx_word' id='word_1_7' title='bbox 441 413 618 492; x_wconf 83' lang='grc' dir='ltr'><strong><em>ἀπόστολος·</em></strong></span> <span class='ocrx_word' id='word_1_8' title='bbox 649 413 719 492; x_wconf 80' lang='grc' dir='ltr'><strong><em>άςτε</em></strong></span> <span class='ocrx_word' id='word_1_9' title='bbox 737 405 792 480; x_wconf 81' lang='grc' dir='ltr'><strong><em>οὖν</em></strong></span> <span class='ocrx_word' id='word_1_10' title='bbox 809 410 827 478; x_wconf 86' lang='grc' dir='ltr'><strong><em>ά</em></strong></span> <span class='ocrx_word' id='word_1_11' title='bbox 846 409 1060 496; x_wconf 70' lang='grc' dir='ltr'><strong><em>ἀνθιστάμενος</em></strong></span> <span class='ocrx_word' id='word_1_12' title='bbox 1079 420 1116 504; x_wconf 76' lang='grc' dir='ltr'><strong><em>τῇ</em></strong></span> <span class='ocrx_word' id='word_1_13' title='bbox 1129 410 1264 504; x_wconf 76' lang='grc' dir='ltr'><strong><em>Ἐξονσίμ</em></strong></span> <span class='ocrx_word' id='word_1_14' title='bbox 1281 419 1319 504; x_wconf 73' lang='grc' dir='ltr'><strong><em>τῇ</em></strong></span> <span class='ocrx_word' id='word_1_15' title='bbox 1335 421 1389 480; x_wconf 89' lang='grc' dir='ltr'><strong><em>τοῦ</em></strong></span> 
     </span>
     <span class='ocr_line' id='line_1_3' title="bbox 240 513 1389 609; baseline -0.006 -20"><span class='ocrx_word' id='word_1_16' title='bbox 240 529 316 589; x_wconf 87' lang='grc' dir='ltr'><strong><em>θεοῦ</em></strong></span> <span class='ocrx_word' id='word_1_17' title='bbox 332 525 456 609; x_wconf 72' lang='grc' dir='ltr'><strong><em>διαταγῇ</em></strong></span> <span class='ocrx_word' id='word_1_18' title='bbox 474 515 661 602; x_wconf 71' lang='grc' dir='ltr'><strong><em>ἀνθέστηκεν.</em></strong></span> <span class='ocrx_word' id='word_1_19' title='bbox 708 519 746 582; x_wconf 86' lang='grc' dir='ltr'><strong><em>Οί</em></strong></span> <span class='ocrx_word' id='word_1_20' title='bbox 763 514 817 602; x_wconf 86' lang='grc' dir='ltr'><strong><em>γάρ</em></strong></span> <span class='ocrx_word' id='word_1_21' title='bbox 830 513 991 600; x_wconf 67' lang='grc' dir='ltr'><strong><em>’Ἄρχοντες</em></strong></span> <span class='ocrx_word' id='word_1_22' title='bbox 1009 513 1064 582; x_wconf 85' lang='grc' dir='ltr'><strong><em>οάκ</em></strong></span> <span class='ocrx_word' id='word_1_23' title='bbox 1081 518 1137 582; x_wconf 90' lang='grc' dir='ltr'><strong><em>είσι</em></strong></span> <span class='ocrx_word' id='word_1_24' title='bbox 1151 515 1226 582; x_wconf 84' lang='grc' dir='ltr'><strong><em>κατά</em></strong></span> <span class='ocrx_word' id='word_1_25' title='bbox 1244 523 1297 583; x_wconf 88' lang='grc' dir='ltr'><strong><em>τοῦ</em></strong></span> <span class='ocrx_word' id='word_1_26' title='bbox 1316 515 1389 601; x_wconf 87' lang='grc' dir='ltr'><strong><em>ἀγα·</em></strong></span> 
     </span>
     <span class='ocr_line' id='line_1_4' title="bbox 241 615 1388 706; baseline -0.005 -16"><span class='ocrx_word' id='word_1_27' title='bbox 241 631 319 704; x_wconf 85' lang='grc' dir='ltr'><strong><em>θσῦ,</em></strong></span> <span class='ocrx_word' id='word_1_28' title='bbox 347 619 405 687; x_wconf 91' lang='grc' dir='ltr'><strong><em>ἀλλ’</em></strong></span> <span class='ocrx_word' id='word_1_29' title='bbox 421 619 495 706; x_wconf 76' lang='grc' dir='ltr'><strong><em>ὑπὲρ</em></strong></span> <span class='ocrx_word' id='word_1_30' title='bbox 513 628 566 687; x_wconf 89' lang='grc' dir='ltr'><strong><em>τοῦ</em></strong></span> <span class='ocrx_word' id='word_1_31' title='bbox 583 619 717 706; x_wconf 89' lang='grc' dir='ltr'><strong><em>ἀγαθοῦ,</em></strong></span> <span class='ocrx_word' id='word_1_32' title='bbox 747 620 797 684; x_wconf 81' lang='grc' dir='ltr'><strong><em>καί</em></strong></span> <span class='ocrx_word' id='word_1_33' title='bbox 814 615 870 682; x_wconf 80' lang='grc' dir='ltr'><strong><em>οῦκ</em></strong></span> <span class='ocrx_word' id='word_1_34' title='bbox 887 619 941 682; x_wconf 87' lang='grc' dir='ltr'><strong><em>είσι</em></strong></span> <span class='ocrx_word' id='word_1_35' title='bbox 957 615 1031 684; x_wconf 86' lang='grc' dir='ltr'><strong><em>κατά</em></strong></span> <span class='ocrx_word' id='word_1_36' title='bbox 1048 625 1100 700; x_wconf 77' lang='grc' dir='ltr'><strong><em>τῆς</em></strong></span> <span class='ocrx_word' id='word_1_37' title='bbox 1116 616 1270 700; x_wconf 89' lang='grc' dir='ltr'><strong><em>ἀληθείας,</em></strong></span> <span class='ocrx_word' id='word_1_38' title='bbox 1304 628 1313 664; x_wconf 91' lang='lat'>¹</span> <span class='ocrx_word' id='word_1_39' title='bbox 1329 615 1388 684; x_wconf 85' lang='grc' dir='ltr'><strong><em>ἀλλ’</em></strong></span> 
     </span>
     <span class='ocr_line' id='line_1_5' title="bbox 241 717 1389 808; baseline -0.004 -17"><span class='ocrx_word' id='word_1_40' title='bbox 241 722 315 808; x_wconf 86' lang='grc' dir='ltr'><strong><em>άπέρ</em></strong></span> <span class='ocrx_word' id='word_1_41' title='bbox 337 731 390 807; x_wconf 79' lang='grc' dir='ltr'><strong><em>τῆς</em></strong></span> <span class='ocrx_word' id='word_1_42' title='bbox 411 721 560 806; x_wconf 87' lang='grc' dir='ltr'><strong><em>ἀληθείας.</em></strong></span> <span class='ocrx_word' id='word_1_43' title='bbox 606 724 703 798; x_wconf 79' lang='grc' dir='ltr'><strong><em>Θέλεις</em></strong></span> <span class='ocrx_word' id='word_1_44' title='bbox 719 721 768 799; x_wconf 87' lang='grc' dir='ltr'><strong><em>δέ,</em></strong></span> <span class='ocrx_word' id='word_1_45' title='bbox 797 722 885 804; x_wconf 81' lang='grc' dir='ltr'><strong><em>φησί,</em></strong></span> <span class='ocrx_word' id='word_1_46' title='bbox 916 718 968 801; x_wconf 75' lang='grc' dir='ltr'><strong><em>τήν</em></strong></span> <span class='ocrx_word' id='word_1_47' title='bbox 983 717 1133 798; x_wconf 76' lang='grc' dir='ltr'><strong><em>Ἐξοασίαν</em></strong></span> <span class='ocrx_word' id='word_1_48' title='bbox 1152 718 1194 803; x_wconf 76' lang='grc' dir='ltr'><strong><em>μὴ</em></strong></span> <span class='ocrx_word' id='word_1_49' title='bbox 1210 725 1389 804; x_wconf 74' lang='grc' dir='ltr'><strong><em>φοβεῦσθαις</em></strong></span> 
     </span>
     <span class='ocr_line' id='line_1_6' title="bbox 207 819 1392 911; baseline -0.003 -19"><span class='ocrx_word' id='word_1_50' title='bbox 207 841 212 862; x_wconf 90' lang='lat'><strong><em>¹</em></strong></span> <span class='ocrx_word' id='word_1_51' title='bbox 242 824 275 892; x_wconf 86' lang='grc' dir='ltr'><strong><em>τά</em></strong></span> <span class='ocrx_word' id='word_1_52' title='bbox 300 823 442 911; x_wconf 60' lang='grc' dir='ltr'><strong><em>έάγαθῦν</em></strong></span> <span class='ocrx_word' id='word_1_53' title='bbox 462 829 554 904; x_wconf 92' lang='grc' dir='ltr'><strong><em>ποίει,</em></strong></span> <span class='ocrx_word' id='word_1_54' title='bbox 584 827 635 890; x_wconf 85' lang='grc' dir='ltr'><strong><em>καλ</em></strong></span> <span class='ocrx_word' id='word_1_55' title='bbox 657 826 730 902; x_wconf 71' lang='grc' dir='ltr'><strong><em>ἔξεις</em></strong></span> <span class='ocrx_word' id='word_1_56' title='bbox 746 825 868 888; x_wconf 86' lang='grc' dir='ltr'><strong><em>έπαινον</em></strong></span> <span class='ocrx_word' id='word_1_57' title='bbox 889 824 918 898; x_wconf 82' lang='grc' dir='ltr'><strong><em>έξ</em></strong></span> <span class='ocrx_word' id='word_1_58' title='bbox 939 819 1037 905; x_wconf 75' lang='grc' dir='ltr'><strong><em>αὐτῆς.</em></strong></span> <span class='ocrx_word' id='word_1_59' title='bbox 1084 821 1129 888; x_wconf 85' lang='grc' dir='ltr'><strong><em>Οά</em></strong></span> <span class='ocrx_word' id='word_1_60' title='bbox 1145 823 1201 909; x_wconf 89' lang='grc' dir='ltr'><strong><em>γάρ</em></strong></span> <span class='ocrx_word' id='word_1_61' title='bbox 1219 827 1282 906; x_wconf 76' lang='grc' dir='ltr'><strong><em>είκη</em></strong></span> <span class='ocrx_word' id='word_1_62' title='bbox 1301 832 1392 908; x_wconf 80' lang='grc' dir='ltr'><strong><em>φορεῖ</em></strong></span> 
     </span>
     <span class='ocr_line' id='line_1_7' title="bbox 243 920 1391 1014; baseline -0.004 -20"><span class='ocrx_word' id='word_1_63' title='bbox 243 926 297 1011; x_wconf 76' lang='grc' dir='ltr'><strong><em>τὴν</em></strong></span> <span class='ocrx_word' id='word_1_64' title='bbox 314 926 471 1014; x_wconf 82' lang='grc' dir='ltr'><strong><em>μάχαιραν·</em></strong></span> <span class='ocrx_word' id='word_1_65' title='bbox 499 925 640 1003; x_wconf 87' lang='grc' dir='ltr'><strong><em>διάκονος</em></strong></span> <span class='ocrx_word' id='word_1_66' title='bbox 656 925 711 1012; x_wconf 91' lang='grc' dir='ltr'><strong><em>γάρ</em></strong></span> <span class='ocrx_word' id='word_1_67' title='bbox 728 927 805 992; x_wconf 85' lang='grc' dir='ltr'><strong><em>έσιιν</em></strong></span> <span class='ocrx_word' id='word_1_68' title='bbox 827 927 868 1000; x_wconf 85' lang='grc' dir='ltr'><strong><em>είς</em></strong></span> <span class='ocrx_word' id='word_1_69' title='bbox 884 920 955 988; x_wconf 86' lang='grc' dir='ltr'><strong><em>αάτδ</em></strong></span> <span class='ocrx_word' id='word_1_70' title='bbox 972 931 1060 990; x_wconf 87' lang='grc' dir='ltr'><strong><em>τοῦτο</em></strong></span> <span class='ocrx_word' id='word_1_71' title='bbox 1078 929 1110 992; x_wconf 81' lang='grc' dir='ltr'><strong><em>έκ</em></strong></span> <span class='ocrx_word' id='word_1_72' title='bbox 1127 933 1204 992; x_wconf 89' lang='grc' dir='ltr'><strong><em>θεοῦ</em></strong></span> <span class='ocrx_word' id='word_1_73' title='bbox 1220 927 1391 1010; x_wconf 84' lang='grc' dir='ltr'><strong><em>τεταγμένος</em></strong></span> 
     </span>
     <span class='ocr_line' id='line_1_8' title="bbox 243 1021 1391 1118; baseline -0.003 -22"><span class='ocrx_word' id='word_1_74' title='bbox 243 1038 285 1118; x_wconf 76' lang='grc' dir='ltr'><strong><em>τῷ</em></strong></span> <span class='ocrx_word' id='word_1_75' title='bbox 305 1028 338 1096; x_wconf 84' lang='grc' dir='ltr'><strong><em>τῦ</em></strong></span> <span class='ocrx_word' id='word_1_76' title='bbox 356 1029 448 1098; x_wconf 86' lang='grc' dir='ltr'><strong><em>κακδν</em></strong></span> <span class='ocrx_word' id='word_1_77' title='bbox 463 1027 628 1114; x_wconf 74' lang='grc' dir='ltr'><strong><em>πράττοντι.</em></strong></span> <span class='ocrx_word' id='word_1_78' title='bbox 674 1029 733 1092; x_wconf 83' lang='grc' dir='ltr'><strong><em>Καί</em></strong></span> <span class='ocrx_word' id='word_1_79' title='bbox 749 1025 822 1115; x_wconf 76' lang='grc' dir='ltr'><strong><em>δρᾷς</em></strong></span> <span class='ocrx_word' id='word_1_80' title='bbox 843 1023 884 1103; x_wconf 82' lang='grc' dir='ltr'><strong><em>ἀς</em></strong></span> <span class='ocrx_word' id='word_1_81' title='bbox 899 1021 919 1108; x_wconf 77' lang='grc' dir='ltr'><em>ἡ</em></span> <span class='ocrx_word' id='word_1_82' title='bbox 936 1023 1071 1103; x_wconf 80' lang='grc' dir='ltr'><strong><em>Ἐξονσέα</em></strong></span> <span class='ocrx_word' id='word_1_83' title='bbox 1088 1027 1162 1112; x_wconf 74' lang='grc' dir='ltr'><strong><em>αὕτη</em></strong></span> <span class='ocrx_word' id='word_1_84' title='bbox 1178 1024 1341 1110; x_wconf 76' lang='grc' dir='ltr'><strong><em>ἧκοσμική</em></strong></span> <span class='ocrx_word' id='word_1_85' title='bbox 1361 1030 1391 1093; x_wconf 87' lang='grc' dir='ltr'><strong><em>έι</em></strong></span> 
     </span>
     <span class='ocr_line' id='line_1_9' title="bbox 243 1125 1392 1216; baseline -0.004 -17"><span class='ocrx_word' id='word_1_86' title='bbox 243 1141 318 1199; x_wconf 85' lang='grc' dir='ltr'><strong><em>θεοῦ</em></strong></span> <span class='ocrx_word' id='word_1_87' title='bbox 335 1135 483 1210; x_wconf 88' lang='grc' dir='ltr'><strong><em>τέτακται,</em></strong></span> <span class='ocrx_word' id='word_1_88' title='bbox 511 1133 562 1196; x_wconf 79' lang='grc' dir='ltr'><strong><em>καί</em></strong></span> <span class='ocrx_word' id='word_1_89' title='bbox 579 1134 721 1216; x_wconf 75' lang='grc' dir='ltr'><strong><em>μαχαίρας</em></strong></span> <span class='ocrx_word' id='word_1_90' title='bbox 739 1132 824 1212; x_wconf 87' lang='grc' dir='ltr'><strong><em>έλαβε</em></strong></span> <span class='ocrx_word' id='word_1_91' title='bbox 840 1127 893 1212; x_wconf 72' lang='grc' dir='ltr'><strong><em>τὴν</em></strong></span> <span class='ocrx_word' id='word_1_92' title='bbox 905 1125 1073 1206; x_wconf 74' lang='grc' dir='ltr'><strong><em>Έξοτισίονς</em></strong></span> <span class='ocrx_word' id='word_1_93' title='bbox 1102 1128 1158 1196; x_wconf 85' lang='grc' dir='ltr'><strong><em>οῦκ</em></strong></span> <span class='ocrx_word' id='word_1_94' title='bbox 1176 1128 1336 1213; x_wconf 70' lang='grc' dir='ltr'><strong><em>ἀλλαχόθεν</em></strong></span> <span class='ocrx_word' id='word_1_95' title='bbox 1360 1131 1392 1194; x_wconf 89' lang='grc' dir='ltr'><strong><em>δέ</em></strong></span> 
     </span>
     <span class='ocr_line' id='line_1_10' title="bbox 242 1228 1390 1318; baseline -0.003 -18"><span class='ocrx_word' id='word_1_96' title='bbox 242 1245 353 1314; x_wconf 87' lang='grc' dir='ltr'><strong><em>ποθεν,</em></strong></span> <span class='ocrx_word' id='word_1_97' title='bbox 378 1231 441 1306; x_wconf 83' lang='grc' dir='ltr'><strong><em>ἀλλ’</em></strong></span> <span class='ocrx_word' id='word_1_98' title='bbox 455 1236 488 1300; x_wconf 88' lang='grc' dir='ltr'><strong><em>έκ</em></strong></span> <span class='ocrx_word' id='word_1_99' title='bbox 501 1239 593 1312; x_wconf 84' lang='grc' dir='ltr'><strong><em>θεοῦ,</em></strong></span> <span class='ocrx_word' id='word_1_100' title='bbox 623 1235 664 1309; x_wconf 88' lang='grc' dir='ltr'><strong><em>είς</em></strong></span> <span class='ocrx_word' id='word_1_101' title='bbox 680 1234 837 1314; x_wconf 90' lang='grc' dir='ltr'><strong><em>έκδίκησιν.</em></strong></span> <span class='ocrx_word' id='word_1_102' title='bbox 882 1231 943 1296; x_wconf 84' lang='grc' dir='ltr'><strong><em>Καί</em></strong></span> <span class='ocrx_word' id='word_1_103' title='bbox 960 1228 997 1298; x_wconf 87' lang='grc' dir='ltr'><strong><em>οά</em></strong></span> <span class='ocrx_word' id='word_1_104' title='bbox 1011 1230 1166 1315; x_wconf 84' lang='grc' dir='ltr'><strong><em>δυνάμεθα</em></strong></span> <span class='ocrx_word' id='word_1_105' title='bbox 1182 1233 1271 1318; x_wconf 90' lang='grc' dir='ltr'><strong><em>λέγειν</em></strong></span> <span class='ocrx_word' id='word_1_106' title='bbox 1287 1230 1390 1298; x_wconf 85' lang='grc' dir='ltr'><strong><em>διάτά</em></strong></span> 
     </span>
     <span class='ocr_line' id='line_1_11' title="bbox 243 1331 1391 1422; baseline -0.003 -18"><span class='ocrx_word' id='word_1_107' title='bbox 243 1335 319 1404; x_wconf 77' lang='grc' dir='ltr'><strong><em>εἶναι</em></strong></span> <span class='ocrx_word' id='word_1_108' title='bbox 329 1335 441 1422; x_wconf 78' lang='grc' dir='ltr'><strong><em>Ἀρηάς</em></strong></span> <span class='ocrx_word' id='word_1_109' title='bbox 453 1337 504 1402; x_wconf 85' lang='grc' dir='ltr'><strong><em>καλ</em></strong></span> <span class='ocrx_word' id='word_1_110' title='bbox 514 1333 666 1412; x_wconf 84' lang='grc' dir='ltr'><strong><em>Ἐξοτισίας</em></strong></span> <span class='ocrx_word' id='word_1_111' title='bbox 680 1337 710 1400; x_wconf 90' lang='grc' dir='ltr'><strong><em>έν</em></strong></span> <span class='ocrx_word' id='word_1_112' title='bbox 722 1332 824 1421; x_wconf 83' lang='grc' dir='ltr'><strong><em>κόσμῳ</em></strong></span> <span class='ocrx_word' id='word_1_113' title='bbox 837 1331 890 1399; x_wconf 83' lang='grc' dir='ltr'><strong><em>τάν</em></strong></span> <span class='ocrx_word' id='word_1_114' title='bbox 903 1335 1021 1416; x_wconf 75' lang='grc' dir='ltr'><strong><em>βασιλέα</em></strong></span> <span class='ocrx_word' id='word_1_115' title='bbox 1037 1332 1150 1400; x_wconf 83' lang='grc' dir='ltr'><strong><em>τοάτοεν</em></strong></span> <span class='ocrx_word' id='word_1_116' title='bbox 1166 1333 1206 1417; x_wconf 76' lang='grc' dir='ltr'><strong><em>μη</em></strong></span> <span class='ocrx_word' id='word_1_117' title='bbox 1219 1331 1293 1400; x_wconf 72' lang='grc' dir='ltr'><strong><em>εἶναι</em></strong></span> <span class='ocrx_word' id='word_1_118' title='bbox 1305 1338 1391 1418; x_wconf 69' lang='grc' dir='ltr'><strong><em>βασι</em></strong></span> 
     </span>
     <span class='ocr_line' id='line_1_12' title="bbox 244 1432 1393 1526; baseline -0.002 -22"><span class='ocrx_word' id='word_1_119' title='bbox 244 1442 310 1520; x_wconf 88' lang='grc' dir='ltr'><strong><em>λέα,</em></strong></span> <span class='ocrx_word' id='word_1_120' title='bbox 342 1437 412 1504; x_wconf 90' lang='grc' dir='ltr'><strong><em>ἀλλά</em></strong></span> <span class='ocrx_word' id='word_1_121' title='bbox 428 1435 502 1504; x_wconf 78' lang='grc' dir='ltr'><strong><em>εἶναι</em></strong></span> <span class='ocrx_word' id='word_1_122' title='bbox 517 1435 569 1512; x_wconf 86' lang='grc' dir='ltr'><strong><em>τάς</em></strong></span> <span class='ocrx_word' id='word_1_123' title='bbox 583 1434 693 1522; x_wconf 80' lang='grc' dir='ltr'><strong><em>Ἀρηάς</em></strong></span> <span class='ocrx_word' id='word_1_124' title='bbox 707 1439 758 1502; x_wconf 81' lang='grc' dir='ltr'><strong><em>καί</em></strong></span> <span class='ocrx_word' id='word_1_125' title='bbox 775 1432 828 1511; x_wconf 88' lang='grc' dir='ltr'><strong><em>τάς</em></strong></span> <span class='ocrx_word' id='word_1_126' title='bbox 843 1432 994 1512; x_wconf 82' lang='grc' dir='ltr'><strong><em>Ἐξονσίας</em></strong></span> <span class='ocrx_word' id='word_1_127' title='bbox 1009 1437 1041 1502; x_wconf 84' lang='grc' dir='ltr'><strong><em>έν</em></strong></span> <span class='ocrx_word' id='word_1_128' title='bbox 1055 1435 1171 1526; x_wconf 76' lang='grc' dir='ltr'><strong><em>κόσμῳ,</em></strong></span> <span class='ocrx_word' id='word_1_129' title='bbox 1200 1433 1274 1503; x_wconf 72' lang='grc' dir='ltr'><strong><em>εἶναι</em></strong></span> <span class='ocrx_word' id='word_1_130' title='bbox 1290 1437 1321 1502; x_wconf 83' lang='grc' dir='ltr'><strong><em>δέ</em></strong></span> <span class='ocrx_word' id='word_1_131' title='bbox 1340 1439 1393 1503; x_wconf 81' lang='grc' dir='ltr'><strong><em>ειαλ</em></strong></span> 
     </span>
     <span class='ocr_line' id='line_1_13' title="bbox 243 1531 1392 1624; baseline -0.002 -18"><span class='ocrx_word' id='word_1_132' title='bbox 243 1539 296 1608; x_wconf 85' lang='grc' dir='ltr'><strong><em>τάν</em></strong></span> <span class='ocrx_word' id='word_1_133' title='bbox 312 1539 425 1608; x_wconf 88' lang='grc' dir='ltr'><strong><em>τοάτοον</em></strong></span> <span class='ocrx_word' id='word_1_134' title='bbox 440 1540 567 1623; x_wconf 76' lang='grc' dir='ltr'><strong><em>βασιλέα.</em></strong></span> <span class='ocrx_word' id='word_1_135' title='bbox 609 1535 662 1614; x_wconf 83' lang='grc' dir='ltr'><strong><em>Ὡς</em></strong></span> <span class='ocrx_word' id='word_1_136' title='bbox 677 1531 732 1604; x_wconf 78' lang='grc' dir='ltr'><strong><em>οὖν</em></strong></span> <span class='ocrx_word' id='word_1_137' title='bbox 749 1539 798 1604; x_wconf 86' lang='grc' dir='ltr'><strong><em>έπλ</em></strong></span> <span class='ocrx_word' id='word_1_138' title='bbox 815 1544 868 1622; x_wconf 79' lang='grc' dir='ltr'><strong><em>γῆς</em></strong></span> <span class='ocrx_word' id='word_1_139' title='bbox 888 1534 1018 1624; x_wconf 78' lang='grc' dir='ltr'><strong><em>δρῶμεν,</em></strong></span> <span class='ocrx_word' id='word_1_140' title='bbox 1047 1540 1189 1605; x_wconf 72' lang='grc' dir='ltr'><strong><em>δέδεικται</em></strong></span> <span class='ocrx_word' id='word_1_141' title='bbox 1209 1537 1304 1624; x_wconf 71' lang='grc' dir='ltr'><strong><em>3γάρ,</em></strong></span> <span class='ocrx_word' id='word_1_142' title='bbox 1333 1537 1392 1605; x_wconf 84' lang='grc' dir='ltr'><strong><em>οῦκ</em></strong></span> 
     </span>
     <span class='ocr_line' id='line_1_14' title="bbox 245 1637 1391 1729; baseline -0.004 -18"><span class='ocrx_word' id='word_1_143' title='bbox 245 1647 375 1720; x_wconf 81' lang='grc' dir='ltr'><strong><em>ἐναντίας</em></strong></span> <span class='ocrx_word' id='word_1_144' title='bbox 391 1641 444 1718; x_wconf 86' lang='grc' dir='ltr'><strong><em>τάς</em></strong></span> <span class='ocrx_word' id='word_1_145' title='bbox 461 1639 550 1727; x_wconf 83' lang='grc' dir='ltr'><strong><em>ἀρχάς</em></strong></span> <span class='ocrx_word' id='word_1_146' title='bbox 564 1648 606 1729; x_wconf 77' lang='grc' dir='ltr'><strong><em>τῷ</em></strong></span> <span class='ocrx_word' id='word_1_147' title='bbox 619 1645 746 1724; x_wconf 86' lang='grc' dir='ltr'><strong><em>βασιλεῖ,</em></strong></span> <span class='ocrx_word' id='word_1_148' title='bbox 776 1637 833 1704; x_wconf 86' lang='grc' dir='ltr'><strong><em>ἀλλ’</em></strong></span> <span class='ocrx_word' id='word_1_149' title='bbox 848 1637 1082 1725; x_wconf 68' lang='grc' dir='ltr'><strong><em>ὑποτεταγμένας</em></strong></span> <span class='ocrx_word' id='word_1_150' title='bbox 1098 1643 1140 1717; x_wconf 87' lang='grc' dir='ltr'><strong><em>είς</em></strong></span> <span class='ocrx_word' id='word_1_151' title='bbox 1153 1645 1299 1724; x_wconf 88' lang='grc' dir='ltr'><strong><em>διοίκησιν</em></strong></span> <span class='ocrx_word' id='word_1_152' title='bbox 1314 1667 1391 1706; x_wconf 78' lang='grc' dir='ltr'><strong><em>παν-</em></strong></span> 
     </span>
     <span class='ocr_line' id='line_1_15' title="bbox 244 1739 1393 1831; baseline -0.002 -19"><span class='ocrx_word' id='word_1_153' title='bbox 244 1745 295 1822; x_wconf 85' lang='grc' dir='ltr'><strong><em>τδς</em></strong></span> <span class='ocrx_word' id='word_1_154' title='bbox 307 1753 361 1811; x_wconf 88' lang='grc' dir='ltr'><strong><em>τοῦ</em></strong></span> <span class='ocrx_word' id='word_1_155' title='bbox 375 1749 531 1828; x_wconf 82' lang='grc' dir='ltr'><strong><em>βασιλείου,</em></strong></span> <span class='ocrx_word' id='word_1_156' title='bbox 548 1745 600 1808; x_wconf 86' lang='grc' dir='ltr'><strong><em>καλ</em></strong></span> <span class='ocrx_word' id='word_1_157' title='bbox 614 1745 656 1818; x_wconf 88' lang='grc' dir='ltr'><strong><em>είς</em></strong></span> <span class='ocrx_word' id='word_1_158' title='bbox 669 1739 802 1820; x_wconf 86' lang='grc' dir='ltr'><strong><em>εάταξέαν</em></strong></span> <span class='ocrx_word' id='word_1_159' title='bbox 817 1748 881 1826; x_wconf 81' lang='grc' dir='ltr'><strong><em>γῆς,</em></strong></span> <span class='ocrx_word' id='word_1_160' title='bbox 897 1744 972 1808; x_wconf 85' lang='grc' dir='ltr'><strong><em>ένθα</em></strong></span> <span class='ocrx_word' id='word_1_161' title='bbox 986 1741 1077 1823; x_wconf 84' lang='grc' dir='ltr'><strong><em>φάναι</em></strong></span> <span class='ocrx_word' id='word_1_162' title='bbox 1089 1745 1141 1810; x_wconf 85' lang='grc' dir='ltr'><strong><em>καί</em></strong></span> <span class='ocrx_word' id='word_1_163' title='bbox 1155 1743 1253 1828; x_wconf 74' lang='grc' dir='ltr'><strong><em>μάχαι,</em></strong></span> <span class='ocrx_word' id='word_1_164' title='bbox 1274 1741 1393 1831; x_wconf 82' lang='grc' dir='ltr'><strong><em>άγνοιαέ</em></strong></span> 
     </span>
     <span class='ocr_line' id='line_1_16' title="bbox 245 1842 1393 1931; baseline -0.003 -17"><span class='ocrx_word' id='word_1_165' title='bbox 245 1874 275 1914; x_wconf 88' lang='grc' dir='ltr'><strong><em>τε</em></strong></span> <span class='ocrx_word' id='word_1_166' title='bbox 289 1850 341 1913; x_wconf 83' lang='grc' dir='ltr'><strong><em>καὶ</em></strong></span> <span class='ocrx_word' id='word_1_167' title='bbox 356 1850 549 1925; x_wconf 76' lang='grc' dir='ltr'><strong><em>διδασκαλίαι,</em></strong></span> <span class='ocrx_word' id='word_1_168' title='bbox 572 1842 704 1928; x_wconf 76' lang='grc' dir='ltr'><strong><em>εὐνομίαν</em></strong></span> <span class='ocrx_word' id='word_1_169' title='bbox 716 1871 745 1910; x_wconf 89' lang='grc' dir='ltr'><strong><em>τε</em></strong></span> <span class='ocrx_word' id='word_1_170' title='bbox 759 1846 809 1910; x_wconf 85' lang='grc' dir='ltr'><strong><em>καλ</em></strong></span> <span class='ocrx_word' id='word_1_171' title='bbox 825 1847 1015 1930; x_wconf 85' lang='grc' dir='ltr'><strong><em>παρανομίαι,</em></strong></span> <span class='ocrx_word' id='word_1_172' title='bbox 1036 1848 1087 1911; x_wconf 86' lang='grc' dir='ltr'><strong><em>καλ</em></strong></span> <span class='ocrx_word' id='word_1_173' title='bbox 1099 1845 1207 1912; x_wconf 79' lang='grc' dir='ltr'><strong><em>τούτου</em></strong></span> <span class='ocrx_word' id='word_1_174' title='bbox 1220 1845 1306 1931; x_wconf 73' lang='grc' dir='ltr'><strong><em>χάριν</em></strong></span> <span class='ocrx_word' id='word_1_175' title='bbox 1320 1850 1393 1912; x_wconf 86' lang='grc' dir='ltr'><strong><em>εέσλν</em></strong></span> 
     </span>
     <span class='ocr_line' id='line_1_17' title="bbox 245 1945 1392 2032; baseline -0.001 -16"><span class='ocrx_word' id='word_1_176' title='bbox 245 1953 382 2030; x_wconf 87' lang='grc' dir='ltr'><strong><em>έξοιισίαι,</em></strong></span> <span class='ocrx_word' id='word_1_177' title='bbox 403 1952 454 2014; x_wconf 77' lang='grc' dir='ltr'><strong><em>ἵνα</em></strong></span> <span class='ocrx_word' id='word_1_178' title='bbox 469 1950 510 2025; x_wconf 92' lang='grc' dir='ltr'><strong><em>είς</em></strong></span> <span class='ocrx_word' id='word_1_179' title='bbox 525 1945 666 2014; x_wconf 83' lang='grc' dir='ltr'><strong><em>εάτακτον</em></strong></span> <span class='ocrx_word' id='word_1_180' title='bbox 681 1945 815 2025; x_wconf 79' lang='grc' dir='ltr'><strong><em>σύνταξιν</em></strong></span> <span class='ocrx_word' id='word_1_181' title='bbox 830 1954 881 2030; x_wconf 81' lang='grc' dir='ltr'><strong><em>τῆς</em></strong></span> <span class='ocrx_word' id='word_1_182' title='bbox 895 1954 949 2014; x_wconf 87' lang='grc' dir='ltr'><strong><em>τοῦ</em></strong></span> <span class='ocrx_word' id='word_1_183' title='bbox 965 1945 1074 2024; x_wconf 86' lang='grc' dir='ltr'><strong><em>παντδς</em></strong></span> <span class='ocrx_word' id='word_1_184' title='bbox 1086 1947 1200 2031; x_wconf 88' lang='grc' dir='ltr'><strong><em>κόσμον</em></strong></span> <span class='ocrx_word' id='word_1_185' title='bbox 1218 1947 1392 2032; x_wconf 73' lang='grc' dir='ltr'><strong><em>διοικήσεως</em></strong></span> 
     </span>
     <span class='ocr_line' id='line_1_18' title="bbox 244 2050 1391 2142; baseline 0 -26"><span class='ocrx_word' id='word_1_186' title='bbox 244 2051 280 2118; x_wconf 84' lang='grc' dir='ltr'><strong><em>τά</em></strong></span> <span class='ocrx_word' id='word_1_187' title='bbox 300 2051 395 2118; x_wconf 86' lang='grc' dir='ltr'><strong><em>πάντα</em></strong></span> <span class='ocrx_word' id='word_1_188' title='bbox 416 2053 449 2116; x_wconf 85' lang='grc' dir='ltr'><strong><em>έκ</em></strong></span> <span class='ocrx_word' id='word_1_189' title='bbox 471 2057 545 2116; x_wconf 86' lang='grc' dir='ltr'><strong><em>θεοῦ</em></strong></span> <span class='ocrx_word' id='word_1_190' title='bbox 568 2057 663 2126; x_wconf 78' lang='grc' dir='ltr'><strong><em>καλῶς</em></strong></span> <span class='ocrx_word' id='word_1_191' title='bbox 684 2056 854 2140; x_wconf 64' lang='grc' dir='ltr'><strong><em>καταταγθγ]</em></strong></span> <span class='ocrx_word' id='word_1_192' title='bbox 875 2052 927 2114; x_wconf 83' lang='grc' dir='ltr'><strong><em>καί</em></strong></span> <span class='ocrx_word' id='word_1_193' title='bbox 947 2052 1151 2142; x_wconf 72' lang='grc' dir='ltr'><strong><em>οέκονομηθη,</em></strong></span> <span class='ocrx_word' id='word_1_194' title='bbox 1181 2050 1259 2118; x_wconf 82' lang='grc' dir='ltr'><strong><em>οῦτοι</em></strong></span> <span class='ocrx_word' id='word_1_195' title='bbox 1286 2054 1340 2116; x_wconf 82' lang='grc' dir='ltr'><strong><em>καλ</em></strong></span> <span class='ocrx_word' id='word_1_196' title='bbox 1360 2054 1391 2118; x_wconf 85' lang='grc' dir='ltr'><strong><em>έν</em></strong></span> 
     </span>
     <span class='ocr_line' id='line_1_19' title="bbox 247 2150 1392 2242; baseline -0.002 -22"><span class='ocrx_word' id='word_1_197' title='bbox 247 2152 380 2242; x_wconf 73' lang='grc' dir='ltr'><strong><em>οὐρανῷ,</em></strong></span> <span class='ocrx_word' id='word_1_198' title='bbox 409 2151 532 2236; x_wconf 89' lang='grc' dir='ltr'><strong><em>μάλιστα</em></strong></span> <span class='ocrx_word' id='word_1_199' title='bbox 546 2152 578 2218; x_wconf 89' lang='grc' dir='ltr'><strong><em>δέ</em></strong></span> <span class='ocrx_word' id='word_1_200' title='bbox 594 2153 746 2238; x_wconf 77' lang='grc' dir='ltr'><strong><em>ἐξαιρέτοις</em></strong></span> <span class='ocrx_word' id='word_1_201' title='bbox 762 2154 835 2231; x_wconf 85' lang='grc' dir='ltr'><strong><em>έκεῖ,</em></strong></span> <span class='ocrx_word' id='word_1_202' title='bbox 866 2153 942 2218; x_wconf 89' lang='grc' dir='ltr'><strong><em>ένθα</em></strong></span> <span class='ocrx_word' id='word_1_203' title='bbox 958 2150 995 2219; x_wconf 82' lang='grc' dir='ltr'><strong><em>οῦ</em></strong></span> <span class='ocrx_word' id='word_1_204' title='bbox 1010 2151 1143 2234; x_wconf 84' lang='grc' dir='ltr'><strong><em>φθόνος,</em></strong></span> <span class='ocrx_word' id='word_1_205' title='bbox 1173 2151 1211 2218; x_wconf 83' lang='grc' dir='ltr'><strong><em>οῦ</em></strong></span> <span class='ocrx_word' id='word_1_206' title='bbox 1227 2161 1327 2237; x_wconf 76' lang='grc' dir='ltr'><strong><em>ζῆλος,</em></strong></span> <span class='ocrx_word' id='word_1_207' title='bbox 1356 2151 1392 2219; x_wconf 86' lang='grc' dir='ltr'><strong><em>οῦ</em></strong></span> 
     </span>
     <span class='ocr_line' id='line_1_20' title="bbox 123 2251 1391 2342; baseline 0.006 -27"><span class='ocrx_word' id='word_1_208' title='bbox 123 2284 174 2330; x_wconf 65' lang='grc' dir='ltr'><strong><em>ηις.</em></strong></span> <span class='ocrx_word' id='word_1_209' title='bbox 187 2271 232 2316; x_wconf 76' lang='grc' dir='ltr'><strong><em>σεε.</em></strong></span> <span class='ocrx_word' id='word_1_210' title='bbox 246 2259 432 2340; x_wconf 77' lang='grc' dir='ltr'><strong><em>παρανομία,</em></strong></span> <span class='ocrx_word' id='word_1_211' title='bbox 457 2251 512 2320; x_wconf 86' lang='grc' dir='ltr'><strong><em>οάκ</em></strong></span> <span class='ocrx_word' id='word_1_212' title='bbox 529 2253 710 2336; x_wconf 81' lang='grc' dir='ltr'><strong><em>ἐναντιότης,</em></strong></span> <span class='ocrx_word' id='word_1_213' title='bbox 732 2252 768 2320; x_wconf 87' lang='grc' dir='ltr'><strong><em>οῦ</em></strong></span> <span class='ocrx_word' id='word_1_214' title='bbox 784 2253 893 2333; x_wconf 88' lang='grc' dir='ltr'><strong><em>στάσις,</em></strong></span> <span class='ocrx_word' id='word_1_215' title='bbox 916 2252 970 2338; x_wconf 82' lang='grc' dir='ltr'><strong><em>οάγ</em></strong></span> <span class='ocrx_word' id='word_1_216' title='bbox 982 2254 1081 2339; x_wconf 80' lang='grc' dir='ltr'><strong><em>ὅρκος,</em></strong></span> <span class='ocrx_word' id='word_1_217' title='bbox 1104 2252 1157 2338; x_wconf 81' lang='grc' dir='ltr'><strong><em>οάχ</em></strong></span> <span class='ocrx_word' id='word_1_218' title='bbox 1172 2252 1301 2342; x_wconf 76' lang='grc' dir='ltr'><strong><em>ἀρτιαγὴ,</em></strong></span> <span class='ocrx_word' id='word_1_219' title='bbox 1323 2253 1391 2322; x_wconf 86' lang='grc' dir='ltr'><strong><em>οάδέ</em></strong></span> 
     </span>
     <span class='ocr_line' id='line_1_21' title="bbox 246 2353 1390 2444; baseline -0.002 -20"><span class='ocrx_word' id='word_1_220' title='bbox 246 2385 271 2424; x_wconf 90' lang='grc' dir='ltr'><strong><em>τι</em></strong></span> <span class='ocrx_word' id='word_1_221' title='bbox 294 2359 392 2442; x_wconf 69' lang='grc' dir='ltr'><strong><em>ἕτερον</em></strong></span> <span class='ocrx_word' id='word_1_222' title='bbox 412 2363 471 2422; x_wconf 81' lang='grc' dir='ltr'><strong><em>τεάν</em></strong></span> <span class='ocrx_word' id='word_1_223' title='bbox 491 2354 648 2435; x_wconf 78' lang='grc' dir='ltr'><strong><em>τοιούτοιν,</em></strong></span> <span class='ocrx_word' id='word_1_224' title='bbox 675 2354 823 2433; x_wconf 78' lang='grc' dir='ltr'><strong><em>Ἐλξουσίαι</em></strong></span> <span class='ocrx_word' id='word_1_225' title='bbox 840 2359 1008 2442; x_wconf 87' lang='grc' dir='ltr'><strong><em>τεταγμέναι</em></strong></span> <span class='ocrx_word' id='word_1_226' title='bbox 1025 2359 1081 2422; x_wconf 88' lang='grc' dir='ltr'><strong><em>είσλ</em></strong></span> <span class='ocrx_word' id='word_1_227' title='bbox 1098 2353 1136 2422; x_wconf 88' lang='grc' dir='ltr'><strong><em>δι’</em></strong></span> <span class='ocrx_word' id='word_1_228' title='bbox 1154 2355 1242 2440; x_wconf 82' lang='grc' dir='ltr'><strong><em>ἀλλην</em></strong></span> <span class='ocrx_word' id='word_1_229' title='bbox 1258 2384 1390 2444; x_wconf 85' lang='grc' dir='ltr'><strong><em>πραγμα-</em></strong></span> 
     </span>
     <span class='ocr_line' id='line_1_22' title="bbox 244 2456 1392 2542; baseline -0.002 -16"><span class='ocrx_word' id='word_1_230' title='bbox 244 2464 330 2526; x_wconf 87' lang='grc' dir='ltr'><strong><em>τείαν.</em></strong></span> <span class='ocrx_word' id='word_1_231' title='bbox 377 2465 474 2524; x_wconf 85' lang='grc' dir='ltr'><strong><em>Ποῖον</em></strong></span> <span class='ocrx_word' id='word_1_232' title='bbox 495 2461 527 2524; x_wconf 91' lang='grc' dir='ltr'><strong><em>δέ</em></strong></span> <span class='ocrx_word' id='word_1_233' title='bbox 548 2484 640 2542; x_wconf 83' lang='grc' dir='ltr'><strong><em>φημι,</em></strong></span> <span class='ocrx_word' id='word_1_234' title='bbox 672 2456 729 2524; x_wconf 84' lang='grc' dir='ltr'><strong><em>ἀλλ’</em></strong></span> <span class='ocrx_word' id='word_1_235' title='bbox 749 2457 770 2541; x_wconf 74' lang='grc' dir='ltr'><em>ἢ</em></span> <span class='ocrx_word' id='word_1_236' title='bbox 788 2458 837 2524; x_wconf 86' lang='grc' dir='ltr'><strong><em>διά</em></strong></span> <span class='ocrx_word' id='word_1_237' title='bbox 853 2457 904 2524; x_wconf 83' lang='grc' dir='ltr'><strong><em>τάν</em></strong></span> <span class='ocrx_word' id='word_1_238' title='bbox 921 2457 1040 2542; x_wconf 76' lang='grc' dir='ltr'><strong><em>βαθμάν</em></strong></span> <span class='ocrx_word' id='word_1_239' title='bbox 1055 2465 1108 2525; x_wconf 82' lang='grc' dir='ltr'><strong><em>τοῦ</em></strong></span> <span class='ocrx_word' id='word_1_240' title='bbox 1127 2457 1240 2542; x_wconf 80' lang='grc' dir='ltr'><strong><em>άμνον,</em></strong></span> <span class='ocrx_word' id='word_1_241' title='bbox 1271 2459 1322 2526; x_wconf 85' lang='grc' dir='ltr'><strong><em>διά</em></strong></span> <span class='ocrx_word' id='word_1_242' title='bbox 1338 2458 1392 2542; x_wconf 71' lang='grc' dir='ltr'><strong><em>την</em></strong></span> 
     </span>
     <span class='ocr_line' id='line_1_23' title="bbox 246 2557 1392 2647; baseline -0.002 -19"><span class='ocrx_word' id='word_1_243' title='bbox 246 2560 307 2628; x_wconf 81' lang='grc' dir='ltr'><strong><em>ἀνα</em></strong></span> <span class='ocrx_word' id='word_1_244' title='bbox 321 2559 468 2647; x_wconf 75' lang='grc' dir='ltr'><strong><em>ἀκήρατον</em></strong></span> <span class='ocrx_word' id='word_1_245' title='bbox 483 2564 668 2646; x_wconf 83' lang='grc' dir='ltr'><strong><em>δοξολογίαν,</em></strong></span> <span class='ocrx_word' id='word_1_246' title='bbox 699 2557 736 2626; x_wconf 88' lang='grc' dir='ltr'><strong><em>δι’</em></strong></span> <span class='ocrx_word' id='word_1_247' title='bbox 753 2559 791 2644; x_wconf 74' lang='grc' dir='ltr'><strong><em>ἣν</em></strong></span> <span class='ocrx_word' id='word_1_248' title='bbox 807 2557 951 2643; x_wconf 73' lang='grc' dir='ltr'><strong><em>ἠθέλησεν</em></strong></span> <span class='ocrx_word' id='word_1_249' title='bbox 965 2558 983 2626; x_wconf 82' lang='grc' dir='ltr'>ὁ</span> <span class='ocrx_word' id='word_1_250' title='bbox 998 2559 1137 2642; x_wconf 85' lang='grc' dir='ltr'><strong><em>άφθονος</em></strong></span> <span class='ocrx_word' id='word_1_251' title='bbox 1154 2559 1238 2645; x_wconf 72' lang='grc' dir='ltr'><strong><em>ἡμῶν</em></strong></span> <span class='ocrx_word' id='word_1_252' title='bbox 1255 2560 1329 2639; x_wconf 86' lang='grc' dir='ltr'><strong><em>θεάς</em></strong></span> <span class='ocrx_word' id='word_1_253' title='bbox 1340 2565 1392 2628; x_wconf 77' lang='grc' dir='ltr'><strong><em>καὶ</em></strong></span> 
     </span>
     <span class='ocr_line' id='line_1_24' title="bbox 245 2659 1393 2752; baseline 0.001 -22"><span class='ocrx_word' id='word_1_254' title='bbox 245 2661 381 2752; x_wconf 86' lang='grc' dir='ltr'><strong><em>βασιλεῦς</em></strong></span> <span class='ocrx_word' id='word_1_255' title='bbox 396 2667 572 2748; x_wconf 82' lang='grc' dir='ltr'><strong><em>χαρίσασθαι</em></strong></span> <span class='ocrx_word' id='word_1_256' title='bbox 588 2661 699 2752; x_wconf 79' lang='grc' dir='ltr'><strong><em>ἑκάστῳ</em></strong></span> <span class='ocrx_word' id='word_1_257' title='bbox 715 2669 774 2728; x_wconf 80' lang='grc' dir='ltr'><strong><em>τῶν</em></strong></span> <span class='ocrx_word' id='word_1_258' title='bbox 791 2660 842 2728; x_wconf 81' lang='grc' dir='ltr'><strong><em>ἀπ’</em></strong></span> <span class='ocrx_word' id='word_1_259' title='bbox 862 2659 954 2730; x_wconf 87' lang='grc' dir='ltr'><strong><em>αάτοῦ</em></strong></span> <span class='ocrx_word' id='word_1_260' title='bbox 969 2665 1185 2748; x_wconf 85' lang='grc' dir='ltr'><strong><em>γεγεννημένων</em></strong></span> <span class='ocrx_word' id='word_1_261' title='bbox 1200 2663 1291 2742; x_wconf 84' lang='grc' dir='ltr'><strong><em>δόξαν</em></strong></span> <span class='ocrx_word' id='word_1_262' title='bbox 1306 2691 1393 2750; x_wconf 86' lang='grc' dir='ltr'><strong><em>προς·</em></strong></span> 
     </span>
     <span class='ocr_line' id='line_1_25' title="bbox 246 2761 1393 2851; baseline 0 -19"><span class='ocrx_word' id='word_1_263' title='bbox 246 2764 393 2848; x_wconf 73' lang='grc' dir='ltr'><strong><em>ἥκουσαν,</em></strong></span> <span class='ocrx_word' id='word_1_264' title='bbox 420 2767 470 2830; x_wconf 76' lang='grc' dir='ltr'><strong><em>ἵνα</em></strong></span> <span class='ocrx_word' id='word_1_265' title='bbox 490 2773 544 2848; x_wconf 82' lang='grc' dir='ltr'><strong><em>τῆς</em></strong></span> <span class='ocrx_word' id='word_1_266' title='bbox 559 2761 650 2830; x_wconf 84' lang='grc' dir='ltr'><strong><em>αάτοῦ</em></strong></span> <span class='ocrx_word' id='word_1_267' title='bbox 665 2769 811 2848; x_wconf 90' lang='grc' dir='ltr'><strong><em>βασιλείας</em></strong></span> <span class='ocrx_word' id='word_1_268' title='bbox 831 2763 864 2830; x_wconf 85' lang='grc' dir='ltr'><strong><em>τδ</em></strong></span> <span class='ocrx_word' id='word_1_269' title='bbox 881 2762 1008 2851; x_wconf 84' lang='grc' dir='ltr'><strong><em>φαιδρδν</em></strong></span> <span class='ocrx_word' id='word_1_270' title='bbox 1029 2767 1081 2830; x_wconf 89' lang='grc' dir='ltr'><strong><em>καί</em></strong></span> <span class='ocrx_word' id='word_1_271' title='bbox 1097 2763 1328 2849; x_wconf 69' lang='grc' dir='ltr'><strong><em>4ἀκατάληπτον</em></strong></span> <span class='ocrx_word' id='word_1_272' title='bbox 1341 2768 1393 2834; x_wconf 81' lang='grc' dir='ltr'><strong><em>καλ</em></strong></span> 
     </span>
     <span class='ocr_line' id='line_1_26' title="bbox 245 2865 1392 2953; baseline 0 -20"><span class='ocrx_word' id='word_1_273' title='bbox 245 2871 406 2950; x_wconf 82' lang='grc' dir='ltr'><strong><em>έκπληκτον</em></strong></span> <span class='ocrx_word' id='word_1_274' title='bbox 421 2865 466 2932; x_wconf 88' lang='grc' dir='ltr'><strong><em>ἀελ</em></strong></span> <span class='ocrx_word' id='word_1_275' title='bbox 481 2865 641 2951; x_wconf 81' lang='grc' dir='ltr'><strong><em>δοξάζηται.</em></strong></span> <span class='ocrx_word' id='word_1_276' title='bbox 686 2874 800 2949; x_wconf 78' lang='grc' dir='ltr'><strong><em>Σαφῶς</em></strong></span> <span class='ocrx_word' id='word_1_277' title='bbox 812 2870 911 2933; x_wconf 87' lang='grc' dir='ltr'><strong><em>τοίνυν</em></strong></span> <span class='ocrx_word' id='word_1_278' title='bbox 925 2869 1029 2932; x_wconf 77' lang='grc' dir='ltr'><strong><em>ἐκεῖνοι</em></strong></span> <span class='ocrx_word' id='word_1_279' title='bbox 1044 2866 1255 2950; x_wconf 84' lang='grc' dir='ltr'><strong><em>πεπλάνηνται,</em></strong></span> <span class='ocrx_word' id='word_1_280' title='bbox 1276 2867 1330 2953; x_wconf 75' lang='grc' dir='ltr'><strong><em>την</em></strong></span> <span class='ocrx_word' id='word_1_281' title='bbox 1343 2868 1392 2953; x_wconf 76' lang='grc' dir='ltr'><strong><em>ηά-</em></strong></span> 
     </span>
     <span class='ocr_line' id='line_1_27' title="bbox 247 2966 686 3055; baseline -0.002 -21"><span class='ocrx_word' id='word_1_282' title='bbox 247 2997 294 3055; x_wconf 86' lang='grc' dir='ltr'><strong><em>ριν</em></strong></span> <span class='ocrx_word' id='word_1_283' title='bbox 313 2977 367 3036; x_wconf 88' lang='grc' dir='ltr'><strong><em>τοῦ</em></strong></span> <span class='ocrx_word' id='word_1_284' title='bbox 388 2977 464 3036; x_wconf 85' lang='grc' dir='ltr'><strong><em>θεοῦ</em></strong></span> <span class='ocrx_word' id='word_1_285' title='bbox 485 2966 686 3054; x_wconf 85' lang='grc' dir='ltr'><strong><em>ἀγνοήσαντες.</em></strong></span> 
     </span>
    </p>
   </div>
   <div class='ocr_carea' id='block_1_3' title="bbox 239 3268 1395 4182">
    <p class='ocr_par' dir='ltr' id='par_1_3' title="bbox 239 3268 1395 4182">
     <span class='ocr_line' id='line_1_28' title="bbox 335 3268 1393 3362; baseline 0 -22"><span class='ocrx_word' id='word_1_286' title='bbox 335 3277 414 3341; x_wconf 85' lang='grc' dir='ltr'><strong><em>Φασλ</em></strong></span> <span class='ocrx_word' id='word_1_287' title='bbox 427 3275 460 3342; x_wconf 87' lang='grc' dir='ltr'><strong><em>δέ</em></strong></span> <span class='ocrx_word' id='word_1_288' title='bbox 474 3268 569 3356; x_wconf 83' lang='grc' dir='ltr'><strong><em>οῦτοι,</em></strong></span> <span class='ocrx_word' id='word_1_289' title='bbox 591 3273 632 3352; x_wconf 81' lang='grc' dir='ltr'><strong><em>άς</em></strong></span> <span class='ocrx_word' id='word_1_290' title='bbox 646 3278 696 3340; x_wconf 84' lang='grc' dir='ltr'><strong><em>καλ</em></strong></span> <span class='ocrx_word' id='word_1_291' title='bbox 712 3273 774 3342; x_wconf 85' lang='grc' dir='ltr'><strong><em>ἀνω</em></strong></span> <span class='ocrx_word' id='word_1_292' title='bbox 791 3302 842 3358; x_wconf 92' lang='grc' dir='ltr'><strong><em>μοι</em></strong></span> <span class='ocrx_word' id='word_1_293' title='bbox 854 3274 1082 3361; x_wconf 78' lang='grc' dir='ltr'><strong><em>προδεδήλωται,</em></strong></span> <span class='ocrx_word' id='word_1_294' title='bbox 1104 3275 1156 3342; x_wconf 83' lang='grc' dir='ltr'><strong><em>τάν</em></strong></span> <span class='ocrx_word' id='word_1_295' title='bbox 1170 3277 1310 3362; x_wconf 86' lang='grc' dir='ltr'><strong><em>διάβολον</em></strong></span> <span class='ocrx_word' id='word_1_296' title='bbox 1322 3273 1393 3342; x_wconf 74' lang='grc' dir='ltr'><strong><em>εἶναι</em></strong></span> 
     </span>
     <span class='ocr_line' id='line_1_29' title="bbox 247 3376 1394 3468; baseline -0.003 -23"><span class='ocrx_word' id='word_1_297' title='bbox 247 3376 313 3445; x_wconf 84' lang='grc' dir='ltr'><strong><em>υίδν</em></strong></span> <span class='ocrx_word' id='word_1_298' title='bbox 325 3386 380 3460; x_wconf 82' lang='grc' dir='ltr'><strong><em>τῆς</em></strong></span> <span class='ocrx_word' id='word_1_299' title='bbox 391 3376 520 3461; x_wconf 80' lang='grc' dir='ltr'><strong><em>ἑβδόμης</em></strong></span> <span class='ocrx_word' id='word_1_300' title='bbox 533 3381 677 3456; x_wconf 77' lang='grc' dir='ltr'><strong><em>ἐξουσίας,</em></strong></span> <span class='ocrx_word' id='word_1_301' title='bbox 693 3379 821 3444; x_wconf 85' lang='grc' dir='ltr'><strong><em>τουτέστι</em></strong></span> <span class='ocrx_word' id='word_1_302' title='bbox 834 3385 885 3444; x_wconf 85' lang='grc' dir='ltr'><strong><em>τοῦ</em></strong></span> <span class='ocrx_word' id='word_1_303' title='bbox 898 3380 1047 3460; x_wconf 81' lang='grc' dir='ltr'><strong><em>Σαβαοίθ·</em></strong></span> <span class='ocrx_word' id='word_1_304' title='bbox 1065 3376 1140 3444; x_wconf 84' lang='grc' dir='ltr'><strong><em>είναι</em></strong></span> <span class='ocrx_word' id='word_1_305' title='bbox 1154 3381 1185 3446; x_wconf 80' lang='grc' dir='ltr'><strong><em>δέ</em></strong></span> <span class='ocrx_word' id='word_1_306' title='bbox 1198 3377 1394 3468; x_wconf 24' lang='grc' dir='ltr'><strong><em>τδνίΣαβαάθ</em></strong></span> 
     </span>
     <span class='ocr_line' id='line_1_30' title="bbox 246 3477 1394 3572; baseline 0.003 -28"><span class='ocrx_word' id='word_1_307' title='bbox 246 3487 306 3546; x_wconf 79' lang='grc' dir='ltr'><strong><em>τῶν</em></strong></span> <span class='ocrx_word' id='word_1_308' title='bbox 320 3477 486 3558; x_wconf 83' lang='grc' dir='ltr'><strong><em>Ἰουδαίων,</em></strong></span> <span class='ocrx_word' id='word_1_309' title='bbox 513 3478 565 3545; x_wconf 81' lang='grc' dir='ltr'><strong><em>τάν</em></strong></span> <span class='ocrx_word' id='word_1_310' title='bbox 579 3481 612 3546; x_wconf 85' lang='grc' dir='ltr'><strong><em>δέ</em></strong></span> <span class='ocrx_word' id='word_1_311' title='bbox 626 3479 763 3563; x_wconf 87' lang='grc' dir='ltr'><strong><em>διάβολον</em></strong></span> <span class='ocrx_word' id='word_1_312' title='bbox 778 3479 909 3566; x_wconf 79' lang='grc' dir='ltr'><strong><em>πονηράν</em></strong></span> <span class='ocrx_word' id='word_1_313' title='bbox 925 3477 1017 3572; x_wconf 76' lang='grc' dir='ltr'><strong><em>αὐτοῦ</em></strong></span> <span class='ocrx_word' id='word_1_314' title='bbox 1031 3479 1112 3560; x_wconf 85' lang='grc' dir='ltr'><strong><em>ιιέάν,</em></strong></span> <span class='ocrx_word' id='word_1_315' title='bbox 1141 3479 1212 3546; x_wconf 82' lang='grc' dir='ltr'><strong><em>άντα</em></strong></span> <span class='ocrx_word' id='word_1_316' title='bbox 1231 3483 1263 3547; x_wconf 86' lang='grc' dir='ltr'><strong><em>δέ</em></strong></span> <span class='ocrx_word' id='word_1_317' title='bbox 1279 3483 1326 3546; x_wconf 86' lang='grc' dir='ltr'><strong><em>έπλ</em></strong></span> <span class='ocrx_word' id='word_1_318' title='bbox 1341 3487 1394 3559; x_wconf 78' lang='grc' dir='ltr'><strong><em>τῆς</em></strong></span> 
     </span>
     <span class='ocr_line' id='line_1_31' title="bbox 251 3580 1392 3671; baseline -0.001 -23"><span class='ocrx_word' id='word_1_319' title='bbox 251 3589 327 3667; x_wconf 76' lang='grc' dir='ltr'><strong><em>ιγῆς</em></strong></span> <span class='ocrx_word' id='word_1_320' title='bbox 342 3584 551 3648; x_wconf 87' lang='grc' dir='ltr'><strong><em>έναντιοῦσθαι</em></strong></span> <span class='ocrx_word' id='word_1_321' title='bbox 565 3589 605 3671; x_wconf 81' lang='grc' dir='ltr'><strong><em>τῷ</em></strong></span> <span class='ocrx_word' id='word_1_322' title='bbox 621 3585 686 3671; x_wconf 75' lang='grc' dir='ltr'><strong><em>ίδίςο</em></strong></span> <span class='ocrx_word' id='word_1_323' title='bbox 699 3585 795 3665; x_wconf 87' lang='grc' dir='ltr'><strong><em>πατρί.</em></strong></span> <span class='ocrx_word' id='word_1_324' title='bbox 840 3583 901 3646; x_wconf 86' lang='grc' dir='ltr'><strong><em>Καί</em></strong></span> <span class='ocrx_word' id='word_1_325' title='bbox 915 3580 967 3646; x_wconf 86' lang='grc' dir='ltr'><strong><em>τδν</em></strong></span> <span class='ocrx_word' id='word_1_326' title='bbox 981 3581 1073 3648; x_wconf 74' lang='grc' dir='ltr'><strong><em>αὐτοῦ</em></strong></span> <span class='ocrx_word' id='word_1_327' title='bbox 1086 3585 1197 3668; x_wconf 90' lang='grc' dir='ltr'><strong><em>πατέρα</em></strong></span> <span class='ocrx_word' id='word_1_328' title='bbox 1211 3582 1285 3666; x_wconf 80' lang='grc' dir='ltr'><strong><em>μήτε</em></strong></span> <span class='ocrx_word' id='word_1_329' title='bbox 1299 3589 1392 3648; x_wconf 89' lang='grc' dir='ltr'><strong><em>τοιοῦ-</em></strong></span> 
     </span>
     <span class='ocr_line' id='line_1_32' title="bbox 247 3681 1392 3770; baseline -0.002 -20"><span class='ocrx_word' id='word_1_330' title='bbox 247 3711 299 3751; x_wconf 88' lang='grc' dir='ltr'><strong><em>τον</em></strong></span> <span class='ocrx_word' id='word_1_331' title='bbox 313 3682 402 3764; x_wconf 83' lang='grc' dir='ltr'><strong><em>εἶναι,</em></strong></span> <span class='ocrx_word' id='word_1_332' title='bbox 431 3683 503 3768; x_wconf 79' lang='grc' dir='ltr'><strong><em>μήτε</em></strong></span> <span class='ocrx_word' id='word_1_333' title='bbox 517 3683 604 3750; x_wconf 88' lang='grc' dir='ltr'><strong><em>πάλιν</em></strong></span> <span class='ocrx_word' id='word_1_334' title='bbox 621 3681 696 3750; x_wconf 78' lang='grc' dir='ltr'><strong><em>εἶναι</em></strong></span> <span class='ocrx_word' id='word_1_335' title='bbox 712 3683 763 3750; x_wconf 84' lang='grc' dir='ltr'><strong><em>τάν</em></strong></span> <span class='ocrx_word' id='word_1_336' title='bbox 776 3682 980 3766; x_wconf 89' lang='grc' dir='ltr'><strong><em>ἀκατάληπτον</em></strong></span> <span class='ocrx_word' id='word_1_337' title='bbox 995 3683 1082 3762; x_wconf 80' lang='grc' dir='ltr'><strong><em>θεάν,</em></strong></span> <span class='ocrx_word' id='word_1_338' title='bbox 1112 3684 1148 3750; x_wconf 81' lang='grc' dir='ltr'><strong><em>δν</em></strong></span> <span class='ocrx_word' id='word_1_339' title='bbox 1163 3687 1277 3770; x_wconf 86' lang='grc' dir='ltr'><strong><em>πατέρα</em></strong></span> <span class='ocrx_word' id='word_1_340' title='bbox 1295 3687 1392 3767; x_wconf 76' lang='grc' dir='ltr'><strong><em>φασὶν,</em></strong></span> 
     </span>
     <span class='ocr_line' id='line_1_33' title="bbox 247 3783 1395 3874; baseline 0.001 -24"><span class='ocrx_word' id='word_1_341' title='bbox 247 3785 317 3851; x_wconf 88' lang='grc' dir='ltr'><strong><em>ἀλλά</em></strong></span> <span class='ocrx_word' id='word_1_342' title='bbox 339 3783 491 3873; x_wconf 85' lang='grc' dir='ltr'><strong><em>ἀριστερᾶς</em></strong></span> <span class='ocrx_word' id='word_1_343' title='bbox 512 3783 587 3852; x_wconf 75' lang='grc' dir='ltr'><strong><em>εἶναι</em></strong></span> <span class='ocrx_word' id='word_1_344' title='bbox 609 3788 750 3863; x_wconf 74' lang='grc' dir='ltr'><strong><em>ἐξουσίας.</em></strong></span> <span class='ocrx_word' id='word_1_345' title='bbox 783 3785 907 3872; x_wconf 81' lang='grc' dir='ltr'><strong><em>Ἕτερον</em></strong></span> <span class='ocrx_word' id='word_1_346' title='bbox 929 3787 961 3852; x_wconf 85' lang='grc' dir='ltr'><strong><em>δέ</em></strong></span> <span class='ocrx_word' id='word_1_347' title='bbox 982 3785 1070 3852; x_wconf 88' lang='grc' dir='ltr'><strong><em>πάλιν</em></strong></span> <span class='ocrx_word' id='word_1_348' title='bbox 1091 3793 1193 3870; x_wconf 84' lang='grc' dir='ltr'><strong><em>μῦθον</em></strong></span> <span class='ocrx_word' id='word_1_349' title='bbox 1213 3789 1344 3874; x_wconf 81' lang='grc' dir='ltr'><strong><em>λέγουσιν</em></strong></span> <span class='ocrx_word' id='word_1_350' title='bbox 1364 3789 1395 3852; x_wconf 81' lang='grc' dir='ltr'><strong><em>ολ</em></strong></span> 
     </span>
     <span class='ocr_line' id='line_1_34' title="bbox 246 3885 1392 3974; baseline 0.003 -22"><span class='ocrx_word' id='word_1_351' title='bbox 246 3895 391 3967; x_wconf 88' lang='grc' dir='ltr'><strong><em>τοιοῦτον,</em></strong></span> <span class='ocrx_word' id='word_1_352' title='bbox 413 3887 475 3968; x_wconf 77' lang='grc' dir='ltr'><strong><em>δτι,</em></strong></span> <span class='ocrx_word' id='word_1_353' title='bbox 499 3890 631 3969; x_wconf 64' lang='grc' dir='ltr'><strong><em>Ξφασὶν,</em></strong></span> <span class='ocrx_word' id='word_1_354' title='bbox 654 3885 672 3954; x_wconf 83' lang='grc' dir='ltr'><strong><em>δ</em></strong></span> <span class='ocrx_word' id='word_1_355' title='bbox 690 3887 827 3971; x_wconf 87' lang='grc' dir='ltr'><strong><em>διάβολος</em></strong></span> <span class='ocrx_word' id='word_1_356' title='bbox 845 3887 942 3956; x_wconf 83' lang='grc' dir='ltr'><strong><em>έλθοέν</em></strong></span> <span class='ocrx_word' id='word_1_357' title='bbox 959 3888 1035 3974; x_wconf 82' lang='grc' dir='ltr'><strong><em>πρδς</em></strong></span> <span class='ocrx_word' id='word_1_358' title='bbox 1056 3887 1110 3971; x_wconf 77' lang='grc' dir='ltr'><strong><em>την</em></strong></span> <span class='ocrx_word' id='word_1_359' title='bbox 1126 3887 1231 3968; x_wconf 81' lang='grc' dir='ltr'><strong><em>Εάαν,</em></strong></span> <span class='ocrx_word' id='word_1_360' title='bbox 1252 3888 1392 3972; x_wconf 76' lang='grc' dir='ltr'><strong><em>σννηιρθη</em></strong></span> 
     </span>
     <span class='ocr_line' id='line_1_35' title="bbox 247 3987 1393 4080; baseline 0 -26"><span class='ocrx_word' id='word_1_361' title='bbox 247 3987 322 4080; x_wconf 76' lang='grc' dir='ltr'><strong><em>αὐτῇ</em></strong></span> <span class='ocrx_word' id='word_1_362' title='bbox 343 3987 383 4066; x_wconf 73' lang='grc' dir='ltr'><strong><em>οἱς</em></strong></span> <span class='ocrx_word' id='word_1_363' title='bbox 404 3988 478 4076; x_wconf 78' lang='grc' dir='ltr'><strong><em>ἀνὴρ</em></strong></span> <span class='ocrx_word' id='word_1_364' title='bbox 500 3993 632 4075; x_wconf 82' lang='grc' dir='ltr'><strong><em>γυναικί,</em></strong></span> <span class='ocrx_word' id='word_1_365' title='bbox 663 3993 714 4056; x_wconf 83' lang='grc' dir='ltr'><strong><em>καί</em></strong></span> <span class='ocrx_word' id='word_1_366' title='bbox 731 3991 881 4076; x_wconf 79' lang='grc' dir='ltr'><strong><em>ἐγέννησεν</em></strong></span> <span class='ocrx_word' id='word_1_367' title='bbox 902 3993 931 4068; x_wconf 84' lang='grc' dir='ltr'><strong><em>έξ</em></strong></span> <span class='ocrx_word' id='word_1_368' title='bbox 949 3989 1042 4058; x_wconf 85' lang='grc' dir='ltr'><strong><em>αάτοῦ</em></strong></span> <span class='ocrx_word' id='word_1_369' title='bbox 1059 3990 1111 4058; x_wconf 85' lang='grc' dir='ltr'><strong><em>τάν</em></strong></span> <span class='ocrx_word' id='word_1_370' title='bbox 1131 4016 1161 4056; x_wconf 89' lang='grc' dir='ltr'><strong><em>τε</em></strong></span> <span class='ocrx_word' id='word_1_371' title='bbox 1180 3990 1261 4058; x_wconf 83' lang='grc' dir='ltr'><strong><em>Κάἲν</em></strong></span> <span class='ocrx_word' id='word_1_372' title='bbox 1278 3991 1324 4058; x_wconf 77' lang='grc' dir='ltr'><strong><em>κοιλ</em></strong></span> <span class='ocrx_word' id='word_1_373' title='bbox 1342 3988 1393 4056; x_wconf 82' lang='grc' dir='ltr'><strong><em>τάκ</em></strong></span> 
     </span>
     <span class='ocr_line' id='line_1_36' title="bbox 239 4090 1392 4182; baseline 0.002 -24"><span class='ocrx_word' id='word_1_374' title='bbox 239 4090 341 4175; x_wconf 69' lang='grc' dir='ltr'><strong><em>’Ἅβελ</em></strong></span> <span class='ocrx_word' id='word_1_375' title='bbox 387 4092 443 4160; x_wconf 86' lang='grc' dir='ltr'><strong><em>Διδ</em></strong></span> <span class='ocrx_word' id='word_1_376' title='bbox 461 4095 603 4175; x_wconf 82' lang='grc' dir='ltr'><strong><em>ἐπανέστη</em></strong></span> <span class='ocrx_word' id='word_1_377' title='bbox 625 4090 644 4158; x_wconf 82' lang='grc' dir='ltr'><strong><em>ά</em></strong></span> <span class='ocrx_word' id='word_1_378' title='bbox 665 4090 708 4169; x_wconf 85' lang='grc' dir='ltr'><strong><em>εές</em></strong></span> <span class='ocrx_word' id='word_1_379' title='bbox 728 4101 769 4182; x_wconf 80' lang='grc' dir='ltr'><strong><em>τῷ</em></strong></span> <span class='ocrx_word' id='word_1_380' title='bbox 785 4095 829 4160; x_wconf 79' lang='grc' dir='ltr'><strong><em>ἑνί</em></strong></span> <span class='ocrx_word' id='word_1_381' title='bbox 848 4091 897 4159; x_wconf 88' lang='grc' dir='ltr'><strong><em>διά</em></strong></span> <span class='ocrx_word' id='word_1_382' title='bbox 912 4099 997 4176; x_wconf 81' lang='grc' dir='ltr'><strong><em>ζῆλον</em></strong></span> <span class='ocrx_word' id='word_1_383' title='bbox 1010 4093 1047 4160; x_wconf 84' lang='grc' dir='ltr'><strong><em>δν</em></strong></span> <span class='ocrx_word' id='word_1_384' title='bbox 1063 4090 1139 4178; x_wconf 82' lang='grc' dir='ltr'><strong><em>ελχον</em></strong></span> <span class='ocrx_word' id='word_1_385' title='bbox 1153 4091 1231 4180; x_wconf 83' lang='grc' dir='ltr'><strong><em>πράς</em></strong></span> <span class='ocrx_word' id='word_1_386' title='bbox 1246 4092 1392 4176; x_wconf 79' lang='grc' dir='ltr'><strong><em>ἀλλήλους,</em></strong></span> 
     </span>
    </p>
   </div>
   <div class='ocr_carea' id='block_1_4' title="bbox 247 4313 1390 4590">
    <p class='ocr_par' dir='ltr' id='par_1_4' title="bbox 247 4313 1390 4590">
     <span class='ocr_line' id='line_1_37' title="bbox 282 4313 1263 4384; baseline 0.004 -18"><span class='ocrx_word' id='word_1_387' title='bbox 282 4316 341 4367; x_wconf 67' lang='lat' dir='ltr'><strong><em>cn.</em></strong></span> <span class='ocrx_word' id='word_1_388' title='bbox 360 4318 399 4367; x_wconf 74' lang='lat' dir='ltr'><strong><em>lv.</em></strong></span> <span class='ocrx_word' id='word_1_389' title='bbox 422 4345 456 4356; x_wconf 89' lang='lat'>-</span> <span class='ocrx_word' id='word_1_390' title='bbox 484 4321 504 4368; x_wconf 86' lang='lat'><strong><em>1.</em></strong></span> <span class='ocrx_word' id='word_1_391' title='bbox 525 4313 578 4372; x_wconf 82' lang='grc' dir='ltr'><strong><em>ἀλλ’</em></strong></span> <span class='ocrx_word' id='word_1_392' title='bbox 596 4313 658 4383; x_wconf 79' lang='grc' dir='ltr'><strong><em>ῦιελρ</em></strong></span> <span class='ocrx_word' id='word_1_393' title='bbox 677 4317 727 4384; x_wconf 80' lang='grc' dir='ltr'><strong><em>τῆς</em></strong></span> <span class='ocrx_word' id='word_1_394' title='bbox 743 4313 804 4384; x_wconf 87' lang='grc' dir='ltr'><strong><em>ἀλη-</em></strong></span> <span class='ocrx_word' id='word_1_395' title='bbox 871 4316 895 4368; x_wconf 87' lang='grc'><strong><em>3.</em></strong></span> <span class='ocrx_word' id='word_1_396' title='bbox 913 4314 960 4384; x_wconf 81' lang='grc' dir='ltr'><strong><em>γάρ</em></strong></span> <span class='ocrx_word' id='word_1_397' title='bbox 979 4333 1008 4368; x_wconf 78' lang='grc' dir='ltr'><strong><em>ιο</em></strong></span> <span class='ocrx_word' id='word_1_398' title='bbox 1024 4320 1075 4370; x_wconf 77' lang='lat' dir='ltr'><strong><em>cod.</em></strong></span> <span class='ocrx_word' id='word_1_399' title='bbox 1089 4321 1162 4369; x_wconf 76' lang='grc' dir='ltr'><strong><em>λἀλίι.</em></strong></span> <span class='ocrx_word' id='word_1_400' title='bbox 1180 4321 1263 4370; x_wconf 63' lang='lat' dir='ltr'><strong><em>um</em></strong></span> 
     </span>
     <span class='ocr_line' id='line_1_38' title="bbox 248 4379 1389 4470; baseline 0 -34"><span class='ocrx_word' id='word_1_401' title='bbox 248 4383 328 4446; x_wconf 69' lang='grc' dir='ltr'><strong><em>θείας,</em></strong></span> <span class='ocrx_word' id='word_1_402' title='bbox 341 4389 402 4447; x_wconf 77' lang='lat' dir='ltr'><strong><em>quod</em></strong></span> <span class='ocrx_word' id='word_1_403' title='bbox 415 4401 459 4436; x_wconf 87' lang='grc' dir='ltr'><strong><em>ιιοιι</em></strong></span> <span class='ocrx_word' id='word_1_404' title='bbox 474 4387 540 4436; x_wconf 71' lang='lat' dir='ltr'><strong><em>habet</em></strong></span> <span class='ocrx_word' id='word_1_405' title='bbox 552 4389 681 4450; x_wconf 73' lang='lat' dir='ltr'><strong>ed.pn·nc.,</strong></span> <span class='ocrx_word' id='word_1_406' title='bbox 695 4391 805 4438; x_wconf 82' lang='grc' dir='ltr'><strong><em>Ρτλονλιιι</em></strong></span> <span class='ocrx_word' id='word_1_407' title='bbox 872 4383 895 4440; x_wconf 76' lang='lat'><strong><em>4.</em></strong></span> <span class='ocrx_word' id='word_1_408' title='bbox 914 4379 1088 4470; x_wconf 68' lang='grc' dir='ltr'><strong><em>ἀκατάληπτα</em></strong></span> <span class='ocrx_word' id='word_1_409' title='bbox 1112 4385 1157 4440; x_wconf 80' lang='grc' dir='ltr'><strong><em>καὶ</em></strong></span> <span class='ocrx_word' id='word_1_410' title='bbox 1181 4385 1314 4453; x_wconf 71' lang='grc' dir='ltr'><strong><em>ἔκπληκτον</em></strong></span> <span class='ocrx_word' id='word_1_411' title='bbox 1339 4387 1389 4436; x_wconf 80' lang='grc' dir='ltr'><strong><em>αοιλ</em></strong></span> 
     </span>
     <span class='ocr_line' id='line_1_39' title="bbox 247 4448 1390 4520; baseline -0.001 -17"><span class='ocrx_word' id='word_1_412' title='bbox 247 4467 276 4503; x_wconf 75' lang='grc' dir='ltr'><strong><em>ιι</em></strong></span> <span class='ocrx_word' id='word_1_413' title='bbox 294 4455 344 4502; x_wconf 73' lang='grc' dir='ltr'><strong><em>αα.</em></strong></span> <span class='ocrx_word' id='word_1_414' title='bbox 361 4455 434 4502; x_wconf 65' lang='lat' dir='ltr'><strong><em>vatic.</em></strong></span> <span class='ocrx_word' id='word_1_415' title='bbox 451 4456 573 4515; x_wconf 69' lang='grc' dir='ltr'><strong><em>ωγμιυιι.</em></strong></span> <span class='ocrx_word' id='word_1_416' title='bbox 841 4458 912 4505; x_wconf 66' lang='grc' dir='ltr'><strong><em>ναις.</em></strong></span> <span class='ocrx_word' id='word_1_417' title='bbox 947 4448 1137 4520; x_wconf 58' lang='lat' dir='ltr'><strong><em>&amp;mmmm</em></strong></span> <span class='ocrx_word' id='word_1_418' title='bbox 1161 4457 1217 4506; x_wconf 79' lang='grc' dir='ltr'><strong><em>ιοαι</em></strong></span> <span class='ocrx_word' id='word_1_419' title='bbox 1232 4457 1284 4504; x_wconf 71' lang='grc' dir='ltr'><strong><em>ιιιεε</em></strong></span> <span class='ocrx_word' id='word_1_420' title='bbox 1303 4457 1324 4502; x_wconf 82' lang='grc' dir='ltr'><strong><em>κ</em></strong></span> <span class='ocrx_word' id='word_1_421' title='bbox 1340 4455 1390 4502; x_wconf 74' lang='grc' dir='ltr'><strong><em>ωε</em></strong></span> 
     </span>
     <span class='ocr_line' id='line_1_40' title="bbox 282 4516 1389 4590; baseline 0.002 -21"><span class='ocrx_word' id='word_1_422' title='bbox 282 4518 306 4569; x_wconf 83' lang='grc' dir='ltr'><strong><em>ε.</em></strong></span> <span class='ocrx_word' id='word_1_423' title='bbox 323 4516 399 4571; x_wconf 70' lang='grc' dir='ltr'><strong><em>καλὸν</em></strong></span> <span class='ocrx_word' id='word_1_424' title='bbox 416 4521 467 4570; x_wconf 76' lang='grc' dir='ltr'><strong><em>ωε.</em></strong></span> <span class='ocrx_word' id='word_1_425' title='bbox 481 4523 555 4572; x_wconf 80' lang='grc' dir='ltr'><strong><em>κατα.</em></strong></span> <span class='ocrx_word' id='word_1_426' title='bbox 839 4524 935 4586; x_wconf 61' lang='grc' dir='ltr'><strong><em>κεκτη.</em></strong></span> <span class='ocrx_word' id='word_1_427' title='bbox 968 4516 1139 4590; x_wconf 63' lang='grc' dir='ltr'><strong><em>ἀκατάληπτα</em></strong></span> <span class='ocrx_word' id='word_1_428' title='bbox 1155 4527 1284 4587; x_wconf 63' lang='grc' dir='ltr'><strong><em>παλαια</em></strong></span> <span class='ocrx_word' id='word_1_429' title='bbox 1299 4526 1332 4572; x_wconf 82' lang='grc' dir='ltr'><strong><em>ια</em></strong></span> <span class='ocrx_word' id='word_1_430' title='bbox 1347 4525 1389 4572; x_wconf 75' lang='grc' dir='ltr'><strong><em>ει-</em></strong></span> 
     </span>
    </p>
   </div>
   <div class='ocr_carea' id='block_1_5' title="bbox 0 0 1515 4996">
    <p class='ocr_par' dir='ltr' id='par_1_5' title="bbox 0 0 1515 4996">
     <span class='ocr_line' id='line_1_41' title="bbox 0 0 1515 4996; baseline 0 0"><span class='ocrx_word' id='word_1_431' title='bbox 0 0 1515 4996; x_wconf 95' lang='lat' dir='ltr'><strong><em> </em></strong></span> 
     </span>
    </p>
   </div>
  </div>
 </body>
</html>
