3018 4994
343 307 475 360 ennean
492 309 554 360 nra.
565 311 584 360 1.
600 309 683 362 rou.
702 311 732 360 u.
750 309 848 362 nanu.
862 311 963 362 xxxi.
1163 296 1223 364 383

76 421 154 488 Nam
172 423 199 488 si
215 426 331 492 veritati
350 427 399 492 illa
415 438 614 493 eorrseutanea
632 431 745 505 iurent,
769 440 849 492 uerte
868 429 1019 508 domiuus,
1042 429 1090 514 qni
1109 430 1145 492 ad
1161 430 1226 493 illu·

77 527 242 592 minandum
264 528 365 594 urbem
387 541 528 611 uenerat,
559 541 589 594 et
609 540 678 594 autc
699 530 777 594 illum
800 531 975 616 prophetae,
1006 543 1066 596 tum
1086 531 1223 618 apostoli,

77 630 124 712 qui
141 629 281 695 laborum
296 631 416 696 deorum
431 633 668 717 superstitionem
683 653 716 696 ae
730 631 903 716 flagitiorum
918 634 1119 719 scelerumque
1132 653 1225 716 genus

76 752 162 796 omne
189 733 419 817 redarguerunt,
453 756 508 798 uec
531 735 647 819 impiam
671 755 786 798 umrrcm
810 735 1042 820 contrariamque
1066 734 1225 798 doctrinam

76 834 193 920 seriptis
208 835 269 900 suis
285 837 441 921 profligare
458 848 527 902 suut
540 837 645 915 veriti,
669 835 709 900 itti
725 836 840 920 inquam
857 847 956 921 aperte
974 837 1059 902 nobis
1074 836 1122 901 illa
1135 836 1226 920 signi·

76 937 231 1018 beassentq
262 939 433 1022 praesertim
452 959 517 1002 eum
534 938 665 1002 salvatur
682 937 722 1001 ita
738 938 801 1023 ipsc
818 939 959 1003 dixissetz
992 943 1098 1002 Ceteras
1116 943 1225 1021 parilem
1238 947 1293 992 11⁰⁶·
1301 949 1322 1004 8,
1332 949 1362 992 ¹⁰·

75 1043 103 1100 iu
111 1042 271 1120 parobolis,
292 1043 368 1103 uobis
381 1053 473 1102 nutem
482 1043 637 1122 parobolae
651 1044 689 1102 od
700 1045 786 1121 regui
795 1044 921 1102 coelestis
934 1047 1139 1104 enarrationem
1152 1045 1225 1104 edir-

73 1146 208 1203 sereudue
227 1155 304 1204 suut.
352 1139 498 1225 Quocirca
521 1163 717 1227 quaecumque
740 1143 769 1204 iu
787 1143 941 1226 evaugelio
960 1143 1115 1228 parabolae
1134 1143 1170 1206 ab
1189 1162 1224 1207 eo

74 1244 239 1328 propositae
257 1255 343 1324 sunt,
374 1245 472 1308 statim
491 1245 604 1309 illarum
622 1265 739 1308 sensuur
759 1245 911 1329 aperuisse
928 1245 1055 1309 videtur.
1099 1244 1177 1309 Nam
1196 1254 1225 1308 et

72 1365 196 1428 granum
219 1346 329 1432 sinapis
351 1347 418 1432 quid
437 1347 492 1410 sibi
511 1347 599 1412 vellet
616 1347 770 1432 exposuit,
802 1346 869 1430 quid
888 1349 1078 1425 fermentum,
1110 1367 1221 1430 quaere

73 1447 178 1510 mulier
194 1449 339 1512 essetilla
355 1450 474 1534 quaein
492 1448 546 1512 tria
565 1449 675 1512 iariuae
694 1459 756 1514 sata
773 1449 947 1514 fermentum
963 1449 1132 1528 immiserit,
1155 1449 1222 1532 quid

73 1547 121 1612 illa
143 1548 214 1613 vitis
236 1571 271 1614 ac
294 1551 382 1630 licus,
418 1552 482 1636 quis
505 1550 552 1614 ille
574 1551 623 1634 qui
641 1551 783 1630 semiuat,
817 1571 929 1634 quaeve
949 1550 1056 1636 optima
1076 1551 1114 1614 sit
1132 1561 1221 1614 terra.

74 1647 177 1735 ltaque
198 1653 306 1716 trustra
326 1654 366 1717 illi
386 1675 475 1718 caeco
493 1653 642 1716 daemonis
658 1652 766 1737 impetu
785 1653 892 1716 conciti
910 1654 1077 1738 rapiunturq
1109 1654 1144 1717 de
1162 1654 1225 1738 qui·

73 1751 125 1816 bns
144 1754 250 1818 merito
269 1766 388 1821 sanutus
407 1753 515 1820 Paulus
534 1755 573 1818 ita
594 1755 734 1838 loquitur:
766 1758 932 1818 Nouissimas
953 1757 1120 1837 temporibus
1138 1777 1219 1820 uuer-
1233 1764 1251 1807 1·
1260 1763 1347 1814 'tint
1356 1764 1374 1809 ¹·

75 1867 133 1918 taut
145 1879 178 1917 se
192 1861 305 1938 pubium
320 1880 338 1919 o
353 1862 500 1932 doctrrieo,
526 1860 699 1919 obtendentes
705 1858 834 1939 subules,
860 1869 888 1918 et
900 1862 1036 1920 derbem
1050 1863 1221 1922 doemonum.

74 1954 129 2022 Cui
151 1969 181 2022 et
204 1955 329 2024 lacobus
351 1960 559 2045 adstipulatur,
594 1959 629 2022 de
652 1958 794 2050 eiusmodi
816 1960 998 2043 dogmatibus
1020 1961 1061 2024 ita
1082 1961 1222 2044 loquensr

74 2063 137 2122 Nou
153 2072 199 2122 eet
213 2067 286 2124 euriu
303 2066 359 2124 r'etu
376 2068 514 2144 sopr'eutio
530 2066 676 2124 desursum
693 2065 876 2136 deseendens,
900 2067 951 2124 sed
967 2075 1078 2124 terrem
1086 2109 1095 2138 ‚
1119 2069 1225 2126 autmu-
1238 2069 1282 2113 ¹²0·
1296 2071 1316 2125 ³.
1332 2072 1363 2115 1⁵·

75 2164 123 2236 lis,
158 2164 308 2226 dabbob'co.
355 2169 432 2243 Quae
453 2157 545 2227 uuteirr
566 2169 711 2226 desursum
734 2175 778 2224 est
793 2169 947 2244 eupr'cutris,
976 2169 1098 2246 prcirmm
1116 2169 1224 2246 pua'dem

69 2269 175 2343 pudica
195 2277 253 2340 cst,
287 2270 385 2328 derude
401 2271 540 2348 paepica,
574 2270 714 2340 modesta,
744 2267 906 2339 suadibilis,
939 2267 1018 2328 bouus
1039 2272 1221 2341 consentiens,

70 2370 155 2446 picen
172 2373 364 2432 mr'serr'cordr'u
381 2379 410 2432 et
415 2371 564 2453 fructibus
579 2370 658 2430 bouis
675 2377 732 2430 ote.
752 2367 835 2432 cuius
855 2388 891 2430 uc
908 2367 1043 2431 minimus
1061 2369 1175 2453 quidem
1192 2370 1222 2434 in

74 2469 117 2532 bis
138 2491 215 2553 quos
237 2470 529 2536 commemoravimus
552 2471 663 2534 tructus
686 2468 826 2532 cernitur.
872 2467 985 2554 Quippe
1005 2470 1079 2554 apud
1096 2471 1163 2536 illos
1180 2471 1225 2536 in·

74 2572 236 2636 constantia
251 2593 285 2636 ac
302 2574 414 2638 nelarie
433 2571 530 2636 umuia
548 2572 695 2650 laeiuora,
718 2571 948 2654 daemonumque
964 2572 1042 2636 letus
1059 2583 1088 2636 et
1103 2593 1224 2657 serpeu-

75 2681 133 2736 tum
154 2672 233 2736 sibili
255 2676 451 2758 reperiuntur.
497 2674 594 2738 Aliter
615 2672 679 2736 aliis
702 2672 897 2757 temporibus,
927 2683 1014 2758 atque
1036 2673 1111 2738 aliud
1135 2695 1224 2740 unus·

74 2775 196 2858 quisque
218 2776 376 2861 praedicat.
421 2773 512 2840 Nulla
533 2747 810 2838 illie'misericordia
830 2776 876 2839 rel
893 2775 1064 2855 clementia,
1095 2777 1147 2840 sed
1166 2776 1224 2840 dis-

75 2877 231 2943 seusiones
245 2900 279 2943 ae
295 2878 475 2958 discordiae,
499 2877 575 2942 nulla
591 2897 711 2961 usquam
730 2877 912 2957 castimonia,
938 2878 1015 2942 nulla
1031 2899 1102 2963 pax,
1126 2876 1224 2962 aequi-

76 2988 118 3044 tas
142 2979 232 3044 animi
254 2981 344 3044 nulla.

156 3083 205 3146 Ac
228 3083 295 3146 mibi
317 3103 389 3148 sane
411 3082 498 3160 libet,
528 3080 663 3165 quoniam
685 3081 720 3144 ad
743 3081 771 3145 id
789 3081 933 3146 sermonis
954 3093 985 3145 et
997 3081 1161 3166 argumenti
1177 3102 1223 3146 me
1278 3090 1336 3157 cap.

75 3183 238 3250 necessitas
250 3185 384 3270 impellit,
409 3183 523 3248 tametsi
538 3184 624 3247 baem
641 3185 738 3248 lacere
755 3183 975 3264 constitueram,
998 3204 1089 3270 pauca
1105 3205 1144 3248 cx
1159 3184 1223 3247 illo·
1241 3159 1374 3209 mvn·

79 3307 141 3350 rum
158 3285 286 3351 decretis
302 3287 336 3350 ad
350 3287 533 3351 refutandum
548 3284 686 3370 seligere.
724 3283 830 3369 Neque
844 3284 921 3350 euim
936 3285 1077 3350 credonis
1090 3285 1225 3365 artifieio,

77 3389 127 3452 aed
142 3388 286 3452 lecturum
304 3389 419 3454 utilitati
436 3387 505 3452 mibi
518 3387 706 3452 serviendum
722 3387 859 3452 arbitror.
904 3387 997 3451 Aiunt
1012 3387 1225 3471 igiturduude·

77 3489 183 3554 ulmum
198 3489 351 3568 Aeonem,
384 3511 448 3554 cum
469 3489 642 3568 deiecisset,
674 3489 888 3554 aduodenario
905 3489 955 3554 illu
973 3512 1094 3554 numero
1109 3491 1224 3575 penitus

77 3592 237 3670 excidisse,
260 3604 347 3677 atque
361 3593 401 3657 ita
417 3592 615 3658 duodecimum
631 3591 707 3656 huuc
722 3612 873 3656 numerum
889 3612 956 3656 esse
969 3593 1126 3656 sublatum.
1161 3590 1225 3656 Hoc

77 3705 174 3760 autem
194 3704 253 3758 tum
270 3695 447 3779 contigisse,
481 3716 545 3758 uum
564 3691 650 3758 ludas
667 3694 865 3779 apostolorum
883 3695 1070 3760 duodecimus
1088 3694 1225 3758 exclusus

78 3806 138 3877 est;
163 3795 265 3880 sieque
281 3797 469 3862 duodecimus
488 3817 626 3860 numerus
646 3796 694 3860 ille
712 3796 809 3881 periit.
856 3792 998 3860 Similiter
1014 3808 1044 3860 ct
1058 3797 1088 3860 iu
1105 3796 1225 3860 muliere

39 3891 46 3912 ⁸
77 3895 141 3977 illa,
167 3919 241 3981 quae
259 3899 409 3982 sauguinis
426 3899 567 3984 profluvio
586 3897 752 3977 laborabat,
777 3907 807 3960 et
825 3898 854 3960 iu
872 3898 946 3978 alia,
976 3919 1050 3982 quae
1068 3899 1169 3962 decem
1186 3918 1226 3960 ex

78 3999 221 4064 drachmis
240 4021 323 4065 uuam
342 4002 517 4086 perdiderat.
556 4000 646 4084 Atqui
663 4000 856 4064 demonstrari
870 3999 939 4063 illud
954 4011 1067 4085 potest,
1093 4001 1226 4063 Aeonem

77 4099 155 4164 illum
174 4101 375 4167 duodecimum
390 4100 481 4168 lubae
498 4123 651 4189 personam
666 4100 783 4165 minime
799 4124 886 4188 posse
904 4101 1062 4168 sustinere.
1108 4100 1226 4166 Etenim

79 4200 165 4270 ludas
187 4205 314 4268 funditus
336 4206 439 4290 periit,
470 4205 657 4270 duodecimus
679 4214 775 4268 autem
793 4203 880 4269 Aeon
900 4205 966 4286 ille,
997 4205 1046 4270 rel
1063 4215 1095 4269 nt
1113 4204 1228 4290 ipsimet

79 4305 152 4370 lictis
175 4305 247 4370 iiece
270 4307 372 4371 tabulis
395 4309 516 4386 docent,
549 4329 608 4372 nnn
625 4307 739 4392 penitus
756 4307 904 4372 extinctus
922 4318 979 4371 est.
1025 4304 1115 4372 Stetit
1135 4305 1224 4385 enim,

80 4406 176 4487 aiunt,
201 4427 241 4472 ex
256 4409 319 4472 eius
335 4409 460 4475 adverso
473 4407 686 4494 Metagogeus,
711 4409 766 4473 hnc
781 4420 827 4474 est
840 4412 999 4491 traductor,
1023 4411 1116 4496 quiet
1130 4407 1227 4474 lluro-

129 4545 187 4596 Car.
201 4545 336 4598 xxxvtt.
353 4573 385 4586 -
408 4547 430 4600 1.
447 4549 539 4610 ttrpcue
556 4540 571 4600 ἆ
589 4543 618 4600 bb
634 4543 792 4610 δωδέκατος,
809 4550 846 4598 uet
863 4543 877 4600 b
895 4548 1039 4608 δωδέκατος
1055 4544 1092 4603 δὲ.
