2994 5024
344 307 478 362 amaon
496 308 590 362 mnu
606 307 955 361 somnolentum.
1161 295 1224 360 6³7

64 431 108 487 tia
134 431 268 488 viantem
289 449 352 490 ouon
374 434 513 492 moroni?
554 434 699 492 Surreatr‘t.
744 432 941 491 lleeoradumsiu'
955 449 1026 509 quae
1042 433 1151 490 loeutus
1167 441 1220 502 ert,

63 550 137 590 carm
161 531 253 591 adm
273 543 362 594 esset.-
387 535 522 610 (luentium
543 545 652 614 oportet
663 533 761 613 filium
783 535 901 594 lomriris
917 535 984 612 μὴ·
1001 543 1029 592 et
1050 535 1136 594 Μ’.

162 733 264 799 llelut.
281 731 430 800 LXXVI.
465 733 566 803 Fidem
589 736 641 802 tibi
666 737 762 800 iaoere
785 756 822 800 ne
842 735 935 820 angeli
956 734 1070 820 quidem
1087 735 1135 800 isti
1155 757 1222 822 pos·

63 846 157 914 sunt,
181 834 339 918 ollarum,
359 839 425 902 dom
438 839 531 924 ipsum
549 838 644 904 triduo
658 839 735 904 iuter
749 850 880 904 mortuos
895 847 1041 902 versatam
1056 859 1123 902 esse
1139 859 1222 923 prae·

64 937 191 1018 dicant,
215 941 394 1025 eundemque
411 951 511 1026 postea
528 941 705 1022 redivivum,
730 962 785 1006 neo
800 941 920 1026 amplius
934 949 1090 1021 mortuum,
1114 941 1162 1026 qoi
1180 941 1221 1006 di·

64 1039 198 1106 vinitate
218 1041 331 1126 qoidom
347 1042 410 1128 ipsa
427 1055 566 1130 perpetuo
582 1043 682 1125 nivet,
706 1065 801 1128 oeque
820 1053 941 1107 mortem
960 1043 999 1106 sit
1013 1055 1153 1128 expertus
1169 1045 1222 1110 ali·

64 1145 209 1227 quando,
241 1163 329 1210 corne
347 1167 420 1210 vero
437 1147 532 1210 triduo
550 1158 682 1211 mortuus
700 1146 839 1224 iacuerit,
869 1165 903 1210 ao
922 1146 1017 1208 denuo
1035 1145 1136 1210 vivere
1154 1167 1222 1212 noe·

64 1245 162 1329 perit.
208 1243 260 1311 Sio
274 1247 351 1312 enim
367 1249 503 1313 mulieres
518 1249 717 1333 alloquuntur:
741 1253 893 1324 Sorrem't5
916 1271 971 1310 non
984 1252 1096 1310 ertdr‘e
1143 1247 1220 1332 Quid

66 1357 173 1412 sotem
188 1349 265 1415 alind
279 1352 418 1436 surgendi
432 1373 506 1430 uox,
527 1351 585 1415 nisi
598 1371 664 1416 eom
679 1350 832 1416 dormiisse
848 1349 1011 1432 signifieat?
1054 1347 1139 1433 Quod
1157 1350 1220 1435 qoi-

66 1450 139 1512 dem
159 1451 342 1517 manifestias
361 1463 461 1539 postea
478 1453 643 1518 declarante
673 1458 868 1516 Iteemslarnrio‘
884 1451 960 1516 enim
978 1451 1126 1536 inquiunt,
1151 1475 1220 1535 quo·

66 1557 150 1614 niam
166 1576 229 1616 eum
244 1559 338 1618 adhue
354 1561 458 1620 erueret
474 1560 542 1618 tulin
556 1561 665 1620 loeutm
677 1569 722 1618 est
733 1559 825 1618 vodel.-
850 1559 922 1634 Quia
937 1567 1047 1636 oportet
1055 1558 1219 1637 potr'fileitm

67 1657 204 1719 tommo.

160 1755 262 1824 Soliol.
278 1757 442 1826 LXXVII.
477 1761 556 1846 Quin
573 1783 608 1826 ea
622 1761 741 1826 sustulit
754 1781 827 1846 quse
844 1757 1009 1846 cleophae,
1033 1761 1153 1844 eiusque
1168 1781 1215 1824 so·
1229 1782 1282 1827 uos.
1292 1785 1324 1838 ss,
1338 1785 1369 1829 as.

68 1861 117 1924 oio
139 1861 217 1925 dioto
237 1872 320 1942 suut,
352 1884 416 1926 oum
433 1863 491 1928 illis
509 1864 653 1929 oeourrits
687 1866 1219 1926 Ortultr'ettordr'eordeodoreden-

69 1967 137 2024 Mon
163 1968 193 2025 r'n
216 1953 358 2042 mordeo,
393 1988 464 2048 quoe
483 1969 572 2028 looutr'
588 1977 658 2028 aurit
675 1969 847 2047 prophetoe!
888 1969 988 2028 Nonne
1007 1968 1076 2026 haee
1097 1970 1222 2046 oportuit

65 2069 155 2144 petit
196 2063 243 2129 Ao
266 2089 318 2152 pro
340 2067 401 2148 llis,
433 2074 462 2131 in
478 2071 604 2131 ornnr'doa
620 2089 691 2151 quae
706 2072 796 2132 locun
809 2080 876 2130 runt
886 2071 1055 2148 prophetoe,
1087 2066 1215 2152 scripsit,

70 2170 100 2228 in
123 2169 267 2243 merlus,
297 2191 369 2252 qone
384 2174 493 2234 torono
513 2193 574 2234 eamr
590 2173 675 2234 vodis.
722 2167 781 2235 Sed
799 2191 838 2236 ex
856 2189 891 2234 eo
908 2169 1111 2254 redarguitur,
1142 2169 1217 2254 quod
1231 2189 1286 2234 rasa.
1301 2193 1333 2236 sn
1392 2160 1394 2169 ¹

71 2289 138 2332 oum
157 2292 258 2351 ponem
277 2273 382 2354 fregit,
405 2278 500 2355 operti
516 2285 585 2336 rant
603 2277 693 2349 oeelr',
717 2285 747 2336 et
765 2283 957 2354 cognoverunt
975 2274 1063 2333 ridor.

157 2369 261 2438 llelot.
282 2371 443 2440 nxxvu.
476 2373 560 2440 Unde
577 2377 624 2442 illo
644 2376 727 2462 panis
744 2375 867 2440 irsotiol
895 2375 940 2438 dio
959 2375 1065 2452 sodes,
1089 2370 1216 2438 Mareia.

71 2471 155 2538 Nom
171 2474 207 2538 ab
224 2475 301 2539 inani
318 2475 411 2562 aliqua
429 2478 539 2557 lorma,
563 2499 600 2542 an
615 2499 632 2542 a
647 2499 770 2564 eorpore
785 2477 861 2542 mole
878 2475 973 2560 aliqua
991 2485 1160 2553 constante,
1184 2495 1218 2538 ae

73 2596 182 2642 revera
198 2577 275 2641 istud
291 2590 397 2662 agente
415 2581 547 2665 prolecta
565 2581 630 2644 estl
673 2577 746 2644 Cum
767 2579 844 2644 enim
860 2588 1028 2662 resurgeret
1050 2599 1065 2640 a
1084 2577 1217 2654 mortuis,

72 2697 137 2742 oum
161 2679 264 2744 eodem
287 2679 337 2743 illo
356 2681 541 2748 sanctissimo
559 2703 682 2769 eorpore
701 2682 796 2767 reipsa
816 2679 958 2746 surrexit.
1005 2678 1054 2742 Tu
1075 2699 1147 2744 vero
1166 2699 1219 2764 pro

73 2778 118 2842 his
140 2781 257 2846 uerliez
288 2786 388 2846 Nonne
408 2788 477 2847 duee
497 2797 564 2848 ment
584 2807 654 2867 quae
672 2788 761 2848 locuti
774 2795 841 2846 sunl
852 2786 1028 2865 prophetoe?
1056 2780 1218 2846 rescribere

75 2902 164 2948 ausus
183 2903 232 2948 es:
258 2887 358 2948 Nonne
375 2890 443 2949 duee
460 2899 528 2950 sunt
542 2909 613 2970 quoe
629 2891 738 2950 loeutus
752 2909 813 2950 suns
829 2887 927 2948 andri?
968 2883 1059 2969 Atqui
1073 2883 1099 2947 si
1114 2884 1169 2947 ltoo
1185 2883 1220 2946 il·

74 2983 109 3048 lis
128 2985 269 3050 dixisset:
302 2993 425 3052 Locutus
445 3013 505 3052 rom
525 2991 616 3064 wlsi,
650 3009 688 3054 ex
710 2989 747 3052 iia
770 2989 867 3074 utique
884 2985 982 3052 verbis
999 2985 1092 3072 ipsum
1111 3005 1219 3070 eogno-

76 3107 160 3152 soere
178 3087 350 3154 debuerant.
396 3089 459 3156 Cor
474 3092 562 3176 igitur
575 3092 604 3154 iu
620 3092 781 3175 lraugendn
795 3109 869 3175 pane
883 3088 1015 3168 subiicit,
1038 3091 1220 3169 Apern'aont

76 3191 189 3252 illorum
206 3195 297 3266 oeulr',
321 3203 350 3254 et
366 3205 555 3274 cognoverunt
569 3215 646 3256 eum:
671 3206 699 3254 et
713 3198 845 3257 eoonud?
887 3189 929 3254 lto
945 3191 1049 3276 qnippe
1065 3192 1149 3253 doum
1168 3189 1218 3252 de-

77 3290 171 3371 oebat,
196 3291 243 3376 qui
260 3314 366 3379 eorpus
381 3317 465 3359 auum
481 3295 510 3358 in
527 3295 656 3381 spiritale
672 3295 878 3373 convertisset,
901 3314 1002 3356 verum
1019 3291 1132 3376 quidem
1148 3290 1216 3355 illud

77 3395 248 3472 ostendere,
281 3397 331 3460 sed
354 3397 467 3481 quoties
483 3409 579 3462 tamen
598 3397 730 3462 libuisset
745 3395 907 3462 mortalium
924 3395 1016 3458 oeulis
1033 3391 1215 3470 subtrahere,

78 3497 190 3576 quando
211 3497 280 3560 nihil
304 3508 351 3562 est
373 3499 447 3582 quod
469 3499 545 3565 illius
568 3509 739 3586 potestatem
761 3497 890 3582 effugiat.
935 3495 1012 3560 Nam
1034 3505 1064 3558 et
1082 3493 1367 3576 Elisoeusonq.e‚1s,

78 3599 214 3683 propheta
232 3620 295 3664 oum
315 3612 411 3679 esset,
445 3611 475 3664 et
489 3622 508 3665 a
524 3603 578 3665 deo
596 3601 738 3666 beneflcio
757 3601 897 3666 eiusmodi
915 3609 995 3664 esset
1010 3597 1150 3675 effeetus,
1180 3597 1216 3660 ab

78 3700 177 3765 eodem
193 3703 348 3785 postolavit
364 3712 395 3767 ol
409 3703 457 3787 qni
471 3723 504 3766 se
523 3713 697 3788 quaererent
714 3703 793 3768 eaeoi
809 3713 929 3788 repente
944 3702 1063 3778 lierent;
1087 3700 1162 3783 quod
1177 3698 1217 3762 ita

79 3811 188 3882 gestum
202 3813 248 3867 est
260 3815 292 3867 at
305 3825 371 3869 eona
384 3803 424 3869 illi
440 3805 599 3870 cuiusmodi
615 3816 679 3870 erat
692 3805 792 3870 videre
806 3825 864 3869 non
877 3813 1008 3889 possent.
1038 3799 1115 3885 Quin
1129 3801 1216 3864 etiam

81 3897 214 3968 Sodomis
228 3907 323 3991 angeli
341 3904 408 3971 Loti
426 3906 532 3972 ostium
548 3907 709 3972 subducere
728 3905 820 3971 oeulis
838 3915 1009 3991 potnerunt,
1037 3903 1109 3967 adeo
1126 3913 1158 3965 ot
1173 3903 1217 3965 in·

81 4007 149 4070 tueri
165 4007 232 4070 illud
246 4005 414 4073 Sodomitoe
428 4009 622 4094 nequiverint.
669 4007 838 4075 Utromoam
852 4007 942 4092 igitur
958 4004 1027 4070 Loti
1040 4005 1126 4068 ianua
1142 4024 1217 4068 vena
1231 4031 1368 4088 nunqu,

83 4109 216 4188 quaedam
232 4111 344 4194 speeies
359 4111 423 4191 luit,
443 4099 609 4176 olllaroiol
639 4109 708 4175 Non
724 4110 810 4174 video
823 4109 890 4194 quid
904 4119 1006 4173 eontra
1020 4107 1091 4173 haee
1104 4105 1217 4172 lisoere
1305 4137 1309 4144 ·

82 4211 184 4376 qqqsis.
228 4208 376 4298 Siquidem
392 4233 495 4299 paoem
513 4213 666 4280 manifeste
686 4213 785 4298 lreqit,
809 4222 839 4278 et
854 4211 885 4275 io
903 4210 1058 4298 disoiqulos
1073 4229 1142 4274 suos
1159 4207 1218 4273 dls-

135 4313 186 4380 uit.
