3036 4998
374 303 509 356 rsxunu
526 305 587 356 mu.
601 306 621 357 r.
637 307 718 358 rom.
733 307 765 356 u.
784 307 882 358 esen.
895 307 984 358 xxx.
1199 299 1259 362 293

105 423 197 488 adhue
215 424 266 488 illo
283 443 392 510 puero,
416 421 559 510 Iosephus
577 447 612 488 ac
628 421 727 490 hieria
746 425 887 490 odorandi
903 427 1000 511 gratia
1019 427 1257 516 Hierosolymam

105 529 180 590 leste
202 528 248 591 diu
266 527 486 612 perrexissent,
517 527 705 592 redeuntibus
726 527 801 608 illis,
831 529 973 592 remansit
992 527 1094 611 lesus3
1125 553 1209 616 quem
1228 535 1258 596 in

103 630 210 694 itincre
227 639 257 694 et
273 631 346 715 apud
365 639 506 714 cognatos
520 629 561 692 illi
578 629 781 713 quaeritabant
797 651 851 694 nen
868 631 998 716 reperire
1015 643 1161 716 poterant.
1193 633 1260 699 Ma-

106 733 150 796 ria
170 732 275 818 quippe
294 731 498 818 cognationem
519 731 654 796 habebnt.
701 730 794 816 igitur
812 753 876 796 enm
896 734 930 797 ad
953 736 1053 798 urbem
1071 736 1257 818 revertisset,

104 855 139 898 ee
156 836 272 899 tandem
288 835 366 900 illum
381 833 563 913 offendisset,
587 833 709 898 siceum
727 834 899 919 alloquiturs
923 840 990 911 Fa'h',
1015 843 1084 919 qnid
1090 841 1195 921 sect'ssc'
1207 864 1257 904 no·
1271 857 1396 916 buente

103 940 170 998 dds?
211 942 286 1000 Ecce
299 959 352 1018 ego
368 949 399 998 et
407 947 492 1018 puter
506 949 571 998 tuns
584 939 708 999 dolentes
721 940 921 1020 quaerebamus
936 951 972 1000 tc.
1020 937 1163 1024 Iosephus
1180 943 1256 1006 enim

101 1039 168 1102 loco
189 1039 217 1102 ei
239 1039 330 1125 petris
353 1049 433 1119 erat,
466 1059 524 1102 nun
544 1039 685 1103 naturalis
704 1049 796 1124 poter.
842 1040 891 1103 Ad
908 1040 980 1104 haec
999 1042 1151 1121 domiuus,
1185 1049 1260 1123 (laid

100 1154 159 1216 est,
193 1141 301 1226 inquit,
332 1147 407 1224 quod
421 1144 597 1224 qnucrcbuh‘s
618 1150 682 1204 nce?
711 1144 877 1205 nesciebatis
892 1148 1010 1224 quadris
1026 1149 1062 1206 iis
1079 1151 1257 1227 quuepulrr‘s

100 1250 158 1306 mei
170 1257 240 1307 sunt
252 1255 361 1326 oportet
376 1267 418 1306 me
430 1251 511 1306 csse?
554 1242 622 1326 Quo
641 1263 784 1330 responso
800 1245 980 1330 significabat
995 1246 1131 1331 templum
1149 1247 1179 1311 in
1196 1250 1254 1326 dci,

100 1349 156 1412 boc
179 1357 226 1411 est
249 1345 339 1432 patris
363 1347 425 1425 sni,
458 1367 564 1411 nomen
584 1347 675 1411 luisse
691 1358 903 1412 constructum.
950 1345 1146 1431 Quamobrem
1171 1352 1197 1413 si
1219 1351 1255 1414 ab
1298 1412 1299 1420 ,

98 1451 161 1534 ipsu
178 1448 386 1535 propemodum
403 1448 524 1514 infantia
541 1449 676 1534 templum
697 1461 867 1535 patremque
883 1461 1042 1534 cognorat,
1078 1451 1177 1537 utique
1196 1474 1254 1516 non

97 1573 198 1616 merus
209 1551 296 1616 bomo
309 1563 393 1614 natus
408 1551 455 1615 ille
468 1548 552 1615 lesus
567 1553 676 1629 extitit,
693 1552 788 1636 neque
801 1564 868 1636 post
878 1575 986 1616 annum
1000 1553 1115 1616 demum
1126 1551 1251 1634 XXX.,

97 1677 165 1719 cum
189 1675 224 1718 se
244 1655 274 1718 in
297 1675 363 1718 cum
389 1653 540 1718 columboe
562 1653 660 1739 specie
677 1655 796 1740 spiritus
814 1666 933 1718 sanetus
949 1655 1145 1733 insinuasset,
1178 1658 1252 1722 lilius

96 1779 135 1822 ae
148 1754 285 1822 Christus
302 1756 439 1842 appellari
457 1757 571 1842 coepit,
595 1757 645 1819 sed
662 1756 785 1820 subinde
799 1757 828 1820 iu
845 1757 889 1820 his
903 1778 979 1842 quac
992 1758 1028 1822 ad
1043 1768 1155 1842 patrem
1168 1781 1251 1824 suum

95 1860 258 1925 attinerent
271 1858 386 1923 versari
403 1879 436 1922 se
453 1870 589 1944 oportere
604 1857 713 1923 docuit.
753 1857 839 1942 Quod
855 1879 927 1923 uero
943 1857 1084 1945 Iosephus
1100 1882 1158 1925 nunu
1172 1861 1251 1926 illius

96 1973 183 2049 pater
199 1973 296 2041 esset,
326 1961 378 2025 sed
394 1965 489 2025 vicem
506 1961 596 2046 patris
611 1970 746 2046 gereret,
777 1962 843 2024 audi
859 1981 900 2026 ex
914 1961 964 2025 illo
982 1963 1084 2025 eodem
1100 1964 1249 2049 evengeli-

94 2077 155 2144 sla,
179 2065 227 2150 qui
245 2063 369 2129 Mariam
385 2065 426 2128 ita
442 2065 607 2148 loquentem
623 2063 708 2127 lecit:
733 2069 797 2146 Ege
810 2076 840 2126 ct
848 2077 933 2145 pntcr
948 2077 1013 2127 tuus
1027 2067 1151 2127 dolenses
1165 2089 1248 2148 quac·

93 2171 227 2232 redamus
242 2179 278 2230 te.
326 2168 403 2232 Audi
421 2167 536 2252 inquam
553 2166 619 2251 quid
637 2166 694 2230 alio
712 2166 777 2230 loco
794 2167 962 2252 scripserit:
987 2171 1063 2229 Erus
1074 2181 1177 2245 nectem,
1202 2171 1246 2233 in·
1259 2197 1342 2255 sues,
1353 2197 1386 2243 n,
1442 2207 1445 2212 ·

95 2271 170 2357 quit,
193 2275 274 2333 Iesus
290 2276 426 2352 rhcnprisns
438 2294 498 2332 esse
515 2275 745 2352 qumimnmum
758 2273 855 2344 XXX,
880 2275 1013 2352 qun‘ernt,
1039 2274 1244 2352 utputubulur,

93 2377 310 2456 Iosephifihhs.
356 2371 413 2438 Ubi
430 2395 493 2438 com
512 2393 563 2436 eas
580 2393 669 2438 voces
686 2371 811 2450 addidit,
840 2374 1058 2453 deputabatur,
1081 2395 1140 2438 non
1155 2374 1247 2459 ipsius

94 2499 203 2543 resera
223 2477 314 2540 luisse
333 2476 439 2556 lilium,
462 2475 513 2538 sed
533 2475 573 2539 ita
595 2475 738 2538 duntaxat
757 2473 882 2538 habitum
903 2475 994 2540 luisse
1012 2477 1203 2540 demonstrat.

188 2577 314 2644 Debeiet
336 2600 383 2643 mc
410 2589 540 2664 tempus,
571 2577 597 2641 si
622 2577 658 2639 ad
682 2576 924 2661 comprobandam
948 2578 1101 2642 veritatem
1127 2599 1162 2644 ae
1187 2591 1244 2642 turn
1278 2599 1337 2667 cap.

92 2681 219 2746 Ebionis
237 2703 323 2766 quana
337 2681 562 2745 absurdissimae
577 2679 653 2744 illius
670 2679 788 2743 suboleo
804 2680 992 2745 refellendam
1011 2682 1164 2746 amentiam
1182 2681 1245 2767 plu·
1261 2670 1351 2720 ffl-

91 2785 176 2848 ribus
199 2784 346 2868 disputare
370 2784 502 2848 voluero.
549 2781 624 2865 Quis
647 2781 723 2844 euim
747 2783 832 2846 lacile
853 2805 910 2846 stou
930 2783 1067 2868 inlelligit
1089 2781 1244 2869 losephutn

91 2887 212 2950 minime
234 2885 313 2949 illius
336 2897 502 2971 parentem,
536 2885 588 2948 sed
612 2883 740 2970 parentis
765 2886 831 2949 loco
859 2885 987 2950 habitum
1012 2885 1122 2950 luissel
1167 2891 1395 2964 Borestorum

89 2995 182 3064 curba,
213 2987 324 3074 inquit,
356 2994 437 3070 ushgo
458 2993 609 3069 cuncnpt'ct,
644 2999 672 3049 el
690 2991 787 3068 pariet
799 2990 910 3069 filium.
954 2986 1025 3052 Non
1047 2989 1138 3066 dixit,
1169 2992 1244 3050 Ecce

89 3097 204 3156 arche.
250 3093 298 3155 Ac
314 3111 430 3156 rursum
446 3089 503 3155 alio
520 3091 602 3154 luco:
627 3094 667 3152 Et
677 3095 772 3170 purch!
785 3094 889 3166 ur'tulu,
914 3103 944 3153 ct
957 3093 1059 3164 debent,
1083 3095 1149 3153 Non
1159 3114 1244 3172 pepe·

86 3201 141 3257 rit.
187 3193 266 3258 Nam
284 3215 349 3258 curn
367 3191 605 3258 Manichaeorum
624 3213 660 3256 au
675 3189 931 3256 Marcionistarum
950 3193 1064 3277 quidam
1082 3203 1191 3276 negent
1209 3194 1243 3258 il·

86 3299 148 3362 lum
163 3308 250 3383 partu
265 3297 294 3360 iu
313 3296 406 3360 lucem
424 3296 545 3374 editum,
569 3294 605 3358 uh
622 3294 663 3372 id,
686 3299 792 3370 Perdet,
817 3295 921 3380 inquil,
945 3307 974 3357 et
987 3300 1090 3370 dicent,
1114 3299 1179 3358 Non
1192 3319 1242 3377 pc-

82 3405 181 3482 pen't,
214 3399 350 3485 quoniam
374 3398 409 3463 de
433 3398 488 3462 viri
510 3398 622 3462 semine
644 3395 741 3461 Maria
764 3419 822 3460 uon
845 3398 968 3484 peperit.
1013 3399 1056 3462 As
1073 3398 1175 3464 furiosi
1192 3399 1242 3463 isti

86 3505 125 3567 de
144 3501 200 3568 viri
215 3502 328 3566 semiue
345 3501 417 3566 laiso
431 3501 508 3566 illam
526 3500 674 3587 peperisse
689 3499 832 3564 dictitant.
879 3499 972 3586 lgitur
986 3502 1077 3565 vitula
1095 3501 1241 3565 hominem

84 3607 213 3670 eundem
239 3627 274 3669 ae
296 3607 380 3668 deum
404 3625 476 3668 nere
500 3605 549 3668 illa
574 3604 689 3688 quidem
711 3605 833 3690 peperit.
879 3601 996 3668 Vitnloe
1015 3626 1103 3689 porro
1123 3605 1240 3668 nomine

82 3707 234 3792 virginem
256 3707 418 3786 nominari,
453 3707 573 3790 eiusque
596 3705 735 3788 reliquias
758 3707 792 3769 ad
816 3727 867 3770 eus
885 3707 933 3791 qui
949 3707 1052 3792 impuri
1071 3719 1172 3771 essent
1186 3729 1240 3770 cx·

82 3811 211 3896 piandus
228 3809 359 3874 adhiberi
376 3807 586 3888 consuevisse,
618 3807 857 3891 quemadmodum
874 3808 924 3872 lex
939 3809 1000 3894 ipsa
1016 3817 1160 3888 testetur,
1190 3829 1240 3872 ec·

81 3915 171 3998 cipes
195 3917 297 3987 Sume,
320 3910 430 3998 iuquit,
454 3915 569 3976 os'tulum
587 3913 692 3994 rusum.
737 3908 778 3975 Ut
795 3911 918 3975 electum
941 3933 993 3976 vas
1011 3909 1128 3975 Mariae
1148 3911 1389 3995 signi-nau.1s,n

80 4019 209 4094 liceret,
233 4026 352 4102 propter
366 4017 482 4099 igneam
498 4014 528 4078 in
546 4013 693 4078 salvatore
710 4013 768 4076 rim
785 4013 963 4093 divinitatis,
988 4035 1072 4099 quem
1090 4015 1174 4096 virgo
1191 4034 1239 4078 ca·

80 4118 197 4206 piebal.
241 4123 318 4180 Dens
342 4123 431 4193 ent'm,
462 4117 572 4202 iuquit,
607 4120 682 4196 agnis
703 4137 866 4179 consumens
888 4129 939 4179 cst.
985 4117 1038 4179 Ait
1059 4116 1148 4200 igilur
1169 4115 1236 4180 lex:

82 4223 212 4283 Wtulom
226 4221 337 4302 rusum,
362 4225 443 4284 cuius
458 4224 531 4282 collo
546 4223 667 4282 nondum
685 4223 840 4300 sinposn'turn
855 4232 898 4281 cst
913 4223 1008 4300 singem
1016 4265 1025 4294 ,
1050 4227 1082 4282 ttl
1097 4219 1127 4282 h.
1148 4217 1238 4303 virgi·

114 4407 144 4462 3.
163 4405 274 4492 δάμαλις
290 4405 316 4462 ds
328 4401 454 4477 ἀληθείᾳ,
473 4405 531 4462 bedu
547 4400 647 4472 dibeo·
682 4404 707 4459 ἐν
728 4402 850 4492 rhipheis&
881 4410 925 4458 Ed
937 4411 1056 4492 pra'nc3st
1075 4411 1126 4459 eod.
1141 4409 1237 4470 Rhodie.

78 4495 128 4532 non
148 4474 178 4529 dn
193 4475 304 4544 alnbslp
320 4479 371 4526 cod.
387 4479 478 4538 tutte,
501 4493 548 4527 non
565 4481 591 4525 ut
605 4479 649 4526 ho-
681 4473 822 4532 senones
833 4477 961 4544 subponas
974 4475 999 4530 ἐν
1013 4475 1122 4548 ulnhelp
1136 4491 1183 4528 non
1195 4477 1238 4526 hu·

79 4552 119 4600 oet
134 4546 195 4598 cett.
207 4547 305 4608 enm,
325 4541 434 4612 δάμαλις
447 4541 506 4601 θεὸν
520 4538 649 4610 tancmer
684 4545 742 4596 beot
