3008 4996
246 253 307 316 240
667 261 789 314 sANtm
805 263 972 316 emma

246 379 410 465 κατάρατος
429 384 489 456 πῦς
504 376 539 456 δς
560 375 616 444 οῦκ
634 378 749 462 ἐμμένει
763 384 837 443 πᾶσι
850 387 913 455 τοῖς
931 377 1031 464 λόγοις
1052 387 1115 457 τοῖς
1128 383 1341 468 γεγραμμένοις
1364 385 1399 450 ἐν

246 488 288 570 τρῦ
307 484 410 569 βιβλίῳ
427 479 540 569 τούτῳ,
560 486 615 545 τοῦ
633 487 754 562 ποιῆσαι
773 476 890 556 αύτούς.
927 473 1038 546 Ἦλθεν
1055 474 1110 547 οῦν
1127 482 1205 549 λάων
1222 485 1275 567 μέν
1288 482 1326 550 τά
1343 510 1399 550 πε-

127 609 178 652 m·
193 596 239 640 ¹¹⁴·
252 583 402 664 πεδημένα
415 585 533 664 δεσμοῖς
549 589 611 657 τοῖς
624 587 677 664 τῆς
691 578 835 666 κατάρας,
856 580 1041 667 χαριζόμενος
1055 583 1088 648 δέ
1101 581 1173 667 ἡμῖν
1187 582 1252 650 άντί
1268 593 1329 651 τῦιι
1348 613 1398 669 μι-

247 691 329 768 κρῦν
347 690 406 749 νῦν
429 680 471 765 μὴ
494 684 665 765 δυναμένων
687 688 876 766 πληροῦσθαι
898 681 933 748 τά
955 688 1086 765 μείζονα,
1112 687 1165 750 καί
1186 684 1223 751 οῦ
1242 685 1398 771 μαχόμενα

247 784 376 869 θάτερον
394 785 510 873 θατέρῳ
527 781 603 867 πρός
618 782 672 866 την
689 789 742 848 τοῦ
758 785 846 867 ἔργου
859 783 1024 866 πλήρωσιν,
1046 782 1087 862 τίς
1100 785 1138 850 τά
1151 785 1285 871 πρότερα.
1334 789 1400 853 Οῦ-

246 913 305 962 τας
321 885 376 972 γάρ
394 884 469 951 κατά
490 893 588 952 πᾶσαν
606 888 717 970 αἵρεσιν
735 883 903 962 φθάνοντες
926 887 1010 975 ἐντῇ
1034 888 1102 972 ττερί
1119 892 1320 972 σαββατισμοῦ
1341 893 1398 956 καί

246 993 405 1074 περιτομῆς
418 989 469 1052 καί
483 994 543 1051 τῦυ
558 983 653 1051 ῦλλαν
667 985 806 1063 πολλάκις
821 985 1069 1072 ἐπειργασάμεθα,
1090 996 1155 1065 πῦς
1169 986 1187 1055 ό
1201 989 1305 1075 κύριος
1319 989 1399 1075 ἡμῖν

246 1088 283 1156 τά
304 1091 481 1174 ἐντελέστερα
500 1086 674 1172 κεχάρισται.
719 1093 793 1163 Πῦς
812 1080 868 1154 οῦν
887 1091 919 1153 ολ
937 1095 1066 1155 τοιοῦτοι
1089 1090 1264 1174 δυνήσονται
1285 1088 1398 1160 ἄστολο-

248 1195 315 1276 γίαν
330 1193 419 1274 ἐχειν,
441 1188 482 1273 μὴ
495 1195 535 1278 τῷ
552 1187 696 1270 πνεύματι
709 1195 751 1277 τῷ
768 1185 842 1277 άγίρε
860 1186 1092 1270 ύπακούσαντες,
1113 1199 1154 1280 τῷ
1172 1191 1222 1258 διά
1241 1199 1302 1258 τῶν
1318 1190 1397 1260 άπο-

247 1292 359 1359 στόλων
377 1291 507 1378 είρηιιότι
522 1300 584 1367 τοῖς
607 1292 636 1368 ἐξ
656 1293 756 1356 ἐθυιῦν
777 1290 998 1370 πεπιστευκόσι,
1020 1289 1061 1374 μὴ
1081 1291 1176 1375 βάρος
1191 1295 1396 1374 ἐπιτίθεσθαι,

247 1393 325 1477 πλην
345 1403 406 1459 τῶν
427 1392 604 1478 ἐπάναγκες,
633 1389 794 1475 άπίγεσθαι
811 1395 936 1474 αἵματος
957 1394 1008 1457 καί
1030 1400 1155 1460 πνικτοῦ
1179 1396 1230 1460 καί
1250 1402 1397 1480 πορνείας

246 1499 298 1562 καί
317 1493 530 1572 είδωλοθύτους
552 1500 617 1570 πῶς
631 1494 663 1559 δέ
678 1491 733 1559 οῦκ
752 1496 941 1560 ἐκπεσοῦνται
954 1501 1008 1577 τῆς
1023 1501 1078 1560 τοῦ
1095 1502 1171 1561 θεοῦ
1190 1494 1324 1583 χάριτος,
1348 1499 1396 1562 λε’-

247 1623 350 1682 γσντος
365 1594 489 1661 Παύλου
503 1601 558 1660 τοῦ
572 1593 658 1681 άγίου
674 1593 841 1662 άποστόλου
855 1595 910 1675 ὅτι,
930 1593 1000 1660 Ἐάν
1015 1598 1236 1683 περιτέμνησθε,
1259 1597 1397 1683 Χριστός

246 1696 324 1783 ύμῦς
346 1697 433 1764 οῦδὲν
456 1694 612 1779 ω’φελήσει,
641 1699 747 1774 οἵτινες
770 1699 801 1762 ἐν
821 1695 904 1786 νόμῳ
930 1704 1096 1781 καυχᾶσθε,
1115 1705 1169 1782 τῆς
1191 1698 1309 1786 χάριτος
1331 1703 1394 1778 ἐξε·

246 1802 365 1878 πέσατες

112 2015 179 2083 Κεφ.
196 2011 231 2068 θ’.
330 1999 458 2087 Ἀρκέσει
479 1991 533 2067 σύν
555 2002 604 2066 καί
627 2003 659 2068 ἐν
674 1999 765 2091 ταότη
785 2007 823 2090 τῇ
844 2001 953 2086 αλρέσει
970 2000 991 2085 τί
1006 2001 1056 2068 διά
1072 2011 1125 2088 τῆς
1140 2007 1298 2086 συντομίας
1318 2003 1395 2090 παρ’

245 2101 330 2187 ἡμῶν
354 2101 485 2180 διάλεξις.
529 2099 747 2186 Εόθυέλτγκτοι
769 2101 824 2188 γάρ
850 2106 883 2168 σί
903 2109 1051 2184 τοιοῦτον,
1077 2107 1129 2171 καί
1153 2104 1308 2185 εύάλατοι,
1339 2109 1395 2172 καί

244 2203 390 2270 Ἰουδαῖοι
406 2209 527 2284 μᾶλλον,
549 2205 600 2269 καί
618 2201 704 2269 ούδέν
725 2207 837 2289 ἕτερον·
859 2203 939 2269 πάνυ
954 2206 986 2270 δέ
1003 2197 1085 2272 οῦτοι
1105 2209 1207 2292 ἐχθροί
1227 2215 1290 2284 τοῖς
1309 2204 1393 2275 Ἰου-

246 2309 340 2381 δαίοις
351 2302 542 2388 ὑπάρχουσιν.
588 2302 632 2370 Ού
646 2303 737 2388 μόνον
752 2303 807 2390 γάρ
822 2309 853 2371 ολ
865 2312 925 2372 τοῖν
939 2302 1095 2372 Ἰουδαίαν
1110 2312 1214 2384 παῖδες
1226 2307 1303 2394 πρός
1317 2309 1392 2375 ταύ-

244 2433 316 2483 τους
337 2408 489 2488 κέκτηνται
506 2414 605 2488 μῖσος,
627 2403 698 2472 άλλά
719 2403 905 2489 άυιστάμενοι
931 2411 1063 2487 Ιίσιθευ,
1085 2412 1135 2474 καί
1154 2411 1244 2492 μίσης
1262 2405 1393 2496 ἡμέρας,

244 2511 295 2574 καί
309 2510 378 2592 περὶ
394 2506 450 2591 τὴν
465 2508 605 2592 ἑσπέραν,
626 2509 689 2592 τρίς
704 2513 758 2590 τῆς
774 2505 899 2591 ἡμέρας,
920 2507 968 2574 ὅτε
983 2507 1068 2592 εύγύς
1084 2512 1262 2577 ἐπιτελοῦσιν
1276 2513 1310 2578 ἐν
1324 2521 1394 2589 ταῖς

245 2607 344 2676 αύτῦν
360 2617 559 2694 συναγωγαῖς,
581 2612 748 2692 ἐπαρῦνται
771 2606 871 2685 αύτοῖς
892 2612 943 2675 καί
960 2608 1205 2693 άυαθεματίζουσι
1221 2610 1394 2693 φάσκοντες

246 2711 307 2791 δτι,
326 2708 556 2794 ’ίῦπικαταράσαι
571 2707 589 2776 ό
602 2709 676 2785 θεός
691 2709 763 2785 τοῦς
778 2715 977 2794 Ναζαραίους.
1010 2715 1071 2776 Καί
1085 2712 1141 2798 γάρ
1156 2711 1273 2789 τούτοις
1285 2737 1393 2800 περισ-

245 2813 366 2897 σότερον
381 2813 525 2895 ἐνέγουσι,
547 2809 598 2876 διά
612 2809 644 2876 τό
663 2808 722 2877 άπό
739 2809 894 2878 Ἰουδαίαν
911 2810 1021 2889 αύτούς
1036 2811 1123 2890 ὄντας
1135 2811 1257 2896 Ἰησοῦν
1277 2815 1394 2901 κηρῦσ·

243 2935 305 2980 σειν
328 2911 402 2980 είυαι
425 2911 568 2998 Χριστόν,
597 2910 670 2996 ῦπερ
694 2913 772 2978 ἐστίν
794 2914 927 2978 ἐναντίον
948 2912 1025 2999 πρός
1047 2913 1117 2990 τούς
1139 2917 1181 2980 ἐτι
1206 2913 1393 2995 Ἰουδαίους,

243 3014 314 3092 τούς
331 3012 461 3099 Χριστόν
480 3011 522 3097 μὴ
538 3015 722 3096 δεξαμένους.
754 3010 878 3096 Ἔχουσι
894 3015 925 3079 δὲ
940 3013 974 3081 τό
995 3015 1070 3081 κατά
1087 3024 1250 3082 Ματθαίον
1267 3013 1393 3104 εύαγγέ·

242 3124 306 3182 λιον
322 3117 518 3200 πληρίστοτσν
533 3111 689 3200 Ἐβραϊστί.
733 3111 811 3199 Παρ’
833 3113 933 3192 αῦτοῖς
956 3116 1011 3203 γάρ
1037 3125 1140 3199 σαφοῦς
1157 3125 1258 3195 τοῦτο,
1280 3118 1395 3196 καθείς

244 3220 275 3296 ἐξ
293 3216 385 3302 άργῆς
402 3215 533 3301 ἐγράφη,
551 3213 719 3301 Ἑβραϊκοῖς
741 3214 909 3303 γράμμασιν
928 3219 971 3283 ἐτι
987 3217 1121 3298 σοι’ζειαι·
1143 3217 1199 3284 οῦκ
1218 3216 1288 3285 οίδα
1305 3221 1343 3286 δέ
1366 3223 1396 3286 εί

242 3321 294 3384 καί
316 3317 370 3394 τάς
388 3321 585 3404 γενεαλογίας,
605 3315 659 3393 τάς
680 3315 741 3383 άπό
765 3324 818 3383 τοῦ
837 3314 970 3405 Ἀβραάμ
993 3318 1059 3404 ῦγρι
1081 3327 1210 3406 Χριστοῦ
1230 3329 1392 3406 περιεῖλον.

242 3417 327 3484 Ἀλλά
341 3420 393 3486 καί
407 3417 516 3500 ταύτην
532 3417 722 3504 φωράσαντες
736 3416 777 3496 οἷς
793 3419 918 3506 βληγρόν
933 3423 983 3486 καί
1001 3419 1110 3504 όδύνης
1125 3420 1314 3506 ἐμιτοιητιιτύν
1337 3423 1393 3490 διά

243 3529 297 3586 τοῦ
313 3524 360 3587 ίοῦ
377 3524 517 3604 σφηκίον,
539 3518 774 3598 καταθλόσαυτίς
788 3545 819 3586 τε
833 3530 897 3598 τοῖς
911 3528 964 3604 τῆς
979 3519 1119 3606 ύληθείας
1131 3522 1244 3608 λόγοις,
1265 3523 1315 3590 ἐπί
1333 3523 1394 3602 τάς
1497 3515 1498 3520 ¹

243 3624 309 3706 δξῆς
330 3625 435 3706 ίαμευ,
457 3614 483 3687 ά
505 3619 699 3703 ἐπιπόθητοι,
720 3620 801 3709 παρά
821 3629 896 3689 θεοῦ
917 3625 1066 3701 αίτσῦντες
1086 3624 1141 3708 την
1160 3624 1314 3709 βοήθειαν.

5 3891 13 3906 ·
123 3915 231 3972 μου.
495 3902 677 3972 RATA
721 3903 1132 3990 ΕΒιυΝιιοΝ,

568 4014 711 4110 δεκάτη,
736 4013 759 4112 ἡ
785 4019 846 4090 καί
870 4015 1059 4115 τριακοστή.
1497 4017 1498 4086 ξ

108 4169 176 4239 Κεφ.
194 4167 227 4224 α’.
326 4159 454 4246 Ἐβίου,
484 4157 536 4243 εἶφ’
564 4153 656 4247 ούπερ
680 4161 867 4246 Ἐβιιυναῖσι,
898 4169 1027 4247 καθεξῆς
1054 4161 1246 4243 άκσίσυθοῦν,
1275 4165 1327 4230 καί
1349 4167 1391 4232 τά

243 4261 333 4346 ῦμυια
352 4263 467 4340 τούτοις
481 4261 656 4349 φρονήσας,
678 4265 869 4350 πολύμορφον
892 4265 1057 4348 τεράστιον,
1078 4267 1129 4330 καί
1154 4261 1196 4340 οἷς
1218 4267 1309 4330 είπεῖν
1332 4273 1391 4352 τῆς
1497 4247 1498 4338 ί

279 4399 441 4452 Οιε.1Χ.-
468 4401 489 4452 ί.
508 4400 585 4454 διόθεν
598 4405 846 4456 ατιιεοιίσίίυθοειιατίε·
861 4409 902 4466 est,
919 4403 960 4467 ςιιί
975 4406 1042 4454 vertit
1057 4419 1137 4456 mann.
1161 4406 1290 4455 Εδελίλίδτε·
1298 4407 1390 4456 Graeci
1497 4371 1498 4458 ί

240 4473 263 4520 ιλ
279 4471 329 4520 συιλ
342 4470 441 4532 amaia.
456 4471 539 4520 λοῦται
556 4467 658 4522 ἔσωθεν.
