3036 4998
361 310 495 362 rsuaan
512 309 575 362 ure.
591 311 608 362 ι.
628 311 708 362 rom.
727 313 757 362 ιι.
777 310 873 362 nana.
890 311 981 362 xxx.
1182 302 1242 364 297

100 431 195 496 Ebion
215 419 399 496 occasionem
415 430 569 516 arriperet.
614 427 692 494 Naro
709 430 733 493 si
749 429 789 494 ita
805 429 947 495 dixisset:
971 434 1085 494 Screbct
1101 437 1130 495 in
1146 456 1179 495 eo
1194 436 1243 494 bo-

99 557 158 610 rac,
192 533 330 619 colligere
348 554 389 597 ex
408 553 445 596 eo
462 543 562 618 posset
579 543 705 596 satorem
726 532 820 596 luisse·
832 530 1003 618 losephum,
1037 532 1243 620 Christumque

99 637 176 700 virili
195 658 235 700 cx
250 635 362 700 semine
376 646 571 720 procreatum.
616 632 725 700 Verum
742 631 836 698 Isaiae
854 647 922 700 ante
936 633 1095 702 DCCLlll
1111 638 1173 721 plus
1190 639 1244 700 mi-

98 761 152 804 nus
170 761 267 803 anuos
286 737 377 816 dixit,
400 741 523 813 'Scn'be,
558 745 588 800 ut
608 757 647 800 cx
668 747 727 800 toto
747 737 796 802 illo
816 739 953 824 temporis
972 740 1126 804 interuallo
1145 739 1180 804 de
1200 741 1243 804 rei

98 843 226 907 veritate
249 851 414 920 constaret3
445 841 521 926 quod
542 861 629 904 nemo
652 853 718 903 autc
744 840 796 904 llos
817 863 910 905 anuos
929 837 1087 906 DCCLlll
1109 864 1173 907 curn
1194 843 1243 927 qui

98 946 266 1008 nascituros
282 954 344 1006 erat
357 953 423 1007 satu
438 963 598 1028 propagare
613 954 723 1028 posset.
767 941 846 1008 Num
859 943 949 1027 igitur
964 945 1070 1008 irustrn
1086 947 1242 1030 prophetae

97 1047 189 1126 dixit,
224 1048 345 1108 Scribe?
385 1043 509 1110 Minime
533 1065 616 1109 vero.
663 1042 722 1110 Sed
746 1057 777 1110 ut
797 1045 936 1110 illeidcm
956 1047 1002 1130 qui
1023 1046 1242 1132 prophetaein-

97 1162 160 1215 erat
177 1149 299 1234 spiritus
318 1159 436 1230 sanetus
455 1147 641 1228 ostenderet,
672 1148 869 1232 generationis
887 1169 920 1211 se
941 1145 1069 1228 Christi,
1100 1159 1243 1234 quatenus

96 1271 185 1317 carne
209 1250 378 1328 constabat,
411 1270 481 1314 rere
503 1261 651 1314 auctorem
671 1261 701 1314 ct
719 1251 886 1314 efficientem
906 1271 983 1314 csse.
1028 1257 1153 1333 Spiritus
1171 1257 1381 1322 menotense.

94 1369 213 1418 sanctus
235 1359 410 1435 sopmuenict
429 1359 459 1415 ie
484 1364 526 1426 tc,
560 1353 602 1416 ait
623 1350 738 1416 Mariae
764 1351 884 1418 Gabriel
907 1355 1046 1438 angelus,
1077 1366 1134 1418 etc.
1181 1350 1243 1418 lam

95 1458 171 1546 quod
195 1456 314 1520 subiicit
330 1452 423 1519 isaias
445 1459 527 1535 Slplo
544 1458 679 1530 bonrhr'r,
713 1456 748 1518 ad
767 1456 889 1542 hominis
908 1456 1125 1521 similitudinem
1144 1457 1242 1520 adum-

94 1561 236 1624 hrandam
251 1560 388 1644 pertinet.
433 1556 582 1644 Siquidem
600 1558 685 1622 homo
702 1555 837 1623 Christus
853 1556 937 1624 lesus
952 1571 1014 1639 est,
1039 1561 1180 1624 mediator
1195 1558 1242 1622 dei
1255 1574 1273 1618 1.
1281 1574 1367 1630 'ruma
1374 1575 1393 1620 a.

94 1674 124 1726 et
141 1663 312 1740 hominum,
344 1661 572 1746 quandoquidem
593 1661 665 1724 deus
684 1661 803 1726 verbnm
824 1683 840 1724 c
858 1662 940 1726 coelo
959 1663 1125 1738 descendit,
1157 1672 1243 1746 atque

94 1787 134 1830 ex
148 1762 250 1828 Maria
265 1773 350 1828 natus
366 1775 413 1828 cst
430 1763 526 1841 homo,
551 1785 609 1826 non
625 1785 665 1828 ex
680 1763 804 1828 humano
818 1775 883 1828 satu
896 1766 1065 1850 productus.
1101 1761 1243 1829 Proinde·

94 1889 151 1952 qne
175 1867 275 1932 statim
297 1868 437 1952 propheta
459 1866 599 1946 subiecit,
632 1870 833 1948 Etrirgrcssus
848 1871 944 1930 estod
956 1869 1178 1949 propbeb'ssom,
1212 1875 1243 1930 ut

93 1967 311 2056 prophetissam
329 1967 454 2033 Mariam
471 1989 538 2032 esse
555 1979 750 2049 monstraret,
773 1992 830 2034 nora
848 1970 951 2034 Achae
967 1991 1109 2049 uxorem,
1133 1971 1169 2034 de
1185 1990 1242 2054 qua
1326 1959 1329 1966 ’

91 2072 229 2137 nonnulli
244 2073 350 2135 dicturo
364 2071 432 2136 illud
451 2081 567 2156 propter
580 2070 739 2135 Ezechiam
756 2073 829 2136 lalso
842 2073 1037 2159 suspicantur.
1080 2071 1147 2156 Quo
1165 2074 1242 2136 enim

89 2176 139 2240 illa
161 2187 295 2258 tempore
322 2173 506 2258 pronuntiata
530 2183 614 2252 suut,
645 2171 692 2237 XI
710 2176 765 2238 ium
786 2197 877 2239 annos
897 2185 981 2239 natus
1001 2186 1065 2239 crat
1082 2175 1239 2241 Ezechias.

88 2278 171 2343 Nam
190 2273 251 2340 IX.
270 2277 382 2361 imperii
398 2278 487 2363 patris
504 2275 566 2340 eius
584 2297 660 2340 auno
678 2278 843 2342 vaticinium
860 2277 928 2342 illud
947 2278 1052 2342 editum
1070 2279 1139 2342 luit:
1170 2283 1244 2341 Ecce

89 2387 175 2462 eergo
198 2383 344 2460 correptet.
390 2382 568 2444 Aomortuo
587 2381 700 2444 demum
716 2381 855 2459 Achazo,
886 2379 1242 2465 postqnantannoleV

90 2482 249 2567 regnavit,
273 2503 344 2546 mox
361 2484 503 2568 scriptura
523 2483 633 2567 prodit:
665 2487 706 2544 Et
724 2489 854 2565 regnauit
869 2486 1025 2558 Ezecbrhs,
1056 2496 1172 2567 cratque
1184 2491 1244 2548 ΧΧ
1252 2501 1395 2560 nacarat.

89 2607 235 2650 concrum
250 2607 311 2647 eum
326 2607 448 2667 regnare
461 2590 603 2666 coepisset.
637 2585 695 2671 Qui
711 2585 798 2668 igitur
812 2596 1040 2650 consentaneum
1053 2597 1099 2650 est
1115 2597 1156 2666 nt,
1179 2609 1242 2651 cum

89 2698 239 2773 regnante
261 2689 355 2752 adhuc
376 2687 453 2752 illins
475 2698 573 2773 patre,
605 2691 652 2772 qni
674 2689 758 2752 antris
775 2686 851 2752 xlv
871 2687 1042 2773 imperavit,
1073 2689 1110 2752 de
1125 2687 1244 2752 Emma-

89 2793 181 2856 nuele
198 2810 239 2853 ex
255 2790 370 2874 virgine
390 2791 538 2855 nascituro
554 2792 691 2877 propheta
712 2813 882 2878 responsum
901 2791 968 2856 illud
988 2791 1140 2870 uceinerit,
1164 2789 1243 2855 Eze-

87 2895 190 2959 chiam
208 2891 362 2956 oriundum
383 2913 449 2957 esse
467 2894 663 2978 praedixerit,
686 2894 734 2980 qui
750 2891 815 2956 XX
833 2915 926 2956 aornos
943 2905 1029 2958 natus
1045 2893 1174 2978 parentis
1189 2893 1243 2956 im·

87 2997 176 3081 perio
194 2993 356 3058 successit?
396 2994 506 3059 Nonne
524 2995 648 3080 prudens
664 2997 784 3080 quisque
800 2997 894 3081 potius
910 2997 994 3060 iacile
1012 2996 1170 3082 perspiciet
1182 3006 1242 3058 tum

86 3100 172 3164 illurn
190 3109 289 3160 natum
305 3097 394 3160 luisse
409 3119 473 3162 eum
489 3097 530 3160 ita
545 3097 684 3183 propheta
700 3098 924 3178 vaticinaretur,
949 3097 1071 3162 Achaeo
1087 3107 1240 3183 regnante,

86 3203 136 3286 qui
157 3198 311 3264 Ezechiae
332 3199 411 3282 regis
432 3211 515 3284 pater
537 3201 608 3264 luit?
638 3203 810 3285 praesertim
834 3223 898 3265 cum
922 3223 958 3264 ne
973 3201 1156 3287 prophetissa
1178 3201 1241 3285 qui-

86 3306 155 3367 dem
174 3302 291 3366 Achaei
306 3303 414 3366 coniux
432 3303 535 3380 luerit,
559 3305 594 3366 de
610 3325 666 3387 qno
685 3304 815 3368 dubitare
834 3325 918 3367 nemo
934 3314 1041 3387 potest.
1087 3301 1240 3367 Eiusmodi

85 3429 164 3471 uero
177 3401 276 3469 Maria
290 3405 373 3488 virgo
392 3405 460 3482 luit,
485 3425 558 3488 quae
573 3407 699 3470 coeleste
714 3405 782 3470 illud
800 3407 946 3471 oraculum
964 3407 1100 3492 protulit:
1123 3411 1172 3470 uc
1185 3408 1239 3467 boc
1251 3414 1306 3459 noa.
1315 3414 1334 3459 ¹·
1348 3413 1381 3458 ⁴⁸·

84 3531 166 3572 nunc
184 3509 292 3568 beatam
307 3529 350 3568 me
362 3509 456 3570 decent
469 3529 562 3570 omnes
575 3514 771 3588 generationes
786 3522 888 3572 terrce
924 3509 971 3573 Ad
990 3529 1080 3593 quam,
1090 3509 1242 3594 ingressus

86 3610 217 3676 Gabriel
240 3609 353 3674 leliocrn
376 3609 451 3674 hunc
474 3611 500 3674 ei
519 3613 648 3676 nuntium
668 3612 779 3691 attulit,
810 3613 872 3675 lore
892 3612 1052 3676 utineam
1071 3611 1241 3696 sospiritus

83 3714 272 3791 insinuaret,
297 3713 345 3797 qui
362 3733 415 3798 pcr
433 3710 538 3777 isaiam
555 3715 669 3779 locutus
687 3725 748 3795 cst,
772 3735 806 3778 ac
822 3714 910 3778 lilium
929 3726 1061 3800 pareret,
1094 3715 1240 3778 dominum

83 3827 226 3882 nostrum
243 3813 338 3880 lesum
354 3813 515 3895 Christum,
535 3817 583 3902 qui
601 3817 635 3880 de
651 3817 753 3901 spiritu
768 3829 883 3898 sancto,
901 3840 960 3881 nou
974 3839 1012 3882 ex
1024 3815 1101 3882 virili
1116 3817 1239 3896 semine,

83 3919 264 4008 progenitus
281 3929 343 3997 est,
368 3929 399 3982 ut
414 3930 545 3984 amentes
561 3918 603 3985 illi
620 3941 654 3984 ao
674 3920 791 3984 fanatici
809 3941 862 4006 per
876 3941 1016 3985 summam
1034 3917 1239 4004 blasphemiam

83 4021 274 4109 praedicent.

175 4121 247 4188 Non
262 4123 357 4188 minus
374 4124 545 4210 ineptissimi
562 4125 686 4190 hominis
703 4126 815 4191 sabbati
830 4127 878 4191 ille
895 4126 989 4191 cultus
1004 4148 1039 4190 ae
1054 4125 1238 4193 circumcisio
1254 4135 1359 4258 xglppn

82 4247 220 4312 ususque
241 4226 376 4312 baptismi
398 4227 581 4311 quotidianos
600 4229 753 4294 refellitur.
797 4227 915 4293 Etenim
935 4229 963 4294 id
978 4229 1159 4315 potissimum
1176 4242 1359 4335 ειιι-1011111151

80 4331 191 4395 duisse
215 4326 354 4393 Christus
374 4329 506 4410 ridetur,
537 4341 568 4394 ut
589 4330 661 4416 ipsis
684 4331 795 4396 sabbati
817 4331 917 4396 dicbus
945 4332 1098 4418 plerosque
1123 4350 1241 4403 curaret

82 4479 176 4550 obesis
191 4485 244 4534 cod.
262 4485 333 4535 Vcttn
682 4489 735 4548 tic,
758 4490 780 4536 et
801 4489 856 4538 inde
875 4489 911 4538 ed.
929 4489 1010 4539 retro.
1045 4485 1173 4556 γενόμενοι
1189 4493 1239 4542 eod.

121 4554 189 4602 cnr.
200 4551 312 4602 xxxa.
324 4579 358 4590 —
372 4551 528 4621 1.γινο’μειοι
541 4556 592 4608 eod.
604 4558 649 4606 Va·
684 4555 781 4618 Rhedtp.
797 4559 819 4605 et
832 4558 869 4607 cd.
880 4558 956 4620 princ.
