3006 4990
328 365 462 418 rancun
478 365 542 418 nte.
554 367 574 420 1.
592 367 672 422 uon.
689 369 721 418 n.
738 367 836 420 naun.
850 369 934 422 xxv.
1143 361 1204 423 165

65 504 108 561 per
124 505 189 565 ope.-
219 487 312 546 adhue
327 487 491 566 paululum,
517 488 666 568 paulubm
681 489 774 548 cddue
790 499 916 568 cospectu.
962 487 1062 574 Quare
1080 491 1204 576 ipsomet

69 581 200 648 debraico
222 585 314 650 verba
337 587 456 649 totidem
477 597 509 650 ut
527 586 586 652 ittio
608 587 745 672 leguntur
761 588 906 670 descripta
925 590 1044 690 syllabis
1064 591 1201 658 hocloco

67 685 217 750 subiiciam.
263 685 378 774 Quippe
397 687 480 752 'l'suu
497 689 592 753 iatsau
610 687 692 754 Tsao
711 690 805 754 ietstm
824 693 1029 755 mbulun’oncm
1046 715 1131 775 reaper
1148 700 1201 756 trt-

67 785 221 850 duton'onem
248 789 408 871 significat,
443 787 591 854 Coulaeou
619 787 765 856 Cauiacao
790 813 864 872 spem
888 815 974 874 snper
994 817 1085 876 pem,
1120 795 1200 861 Zeer

66 888 148 952 sebam
173 887 254 953 Zeer
272 889 370 954 sebam
389 895 480 954 adhuc
491 896 655 974 paululum,
682 894 829 974 paululum
844 897 936 956 adhue
954 909 1080 977 espectet.
1128 895 1198 963 Ubi-

65 1009 116 1052 nam
133 991 223 1075 igitur
238 1002 284 1056 est
299 992 413 1056 iliorum
431 996 645 1058 commentum?
688 991 745 1058 Ubi
760 993 948 1059 vanissimum
966 996 1034 1061 iilud
1052 997 1196 1063 somnium

63 1092 126 1156 tetus
151 1094 247 1156 instar
274 1092 310 1156 ab
336 1093 402 1157 istis
430 1097 619 1180 conceptum?
660 1093 745 1160 Unde
772 1095 844 1159 boec
871 1097 902 1160 in
928 1097 1035 1161 mundo
1062 1099 1197 1164 zizania?

64 1187 202 1273 Quaenam
219 1215 312 1279 geom
330 1194 384 1258 boo
402 1193 548 1260 bominum
565 1197 726 1262 necessitas
742 1198 855 1282 coegit,
878 1197 934 1262 sibi
952 1209 983 1262 ut
997 1200 1193 1266 voluntarium

62 1294 169 1358 exitium
189 1295 428 1360 consciscerent?
470 1294 504 1362 Si
522 1298 597 1360 enim
614 1298 756 1362 eiusmodi
772 1298 913 1364 voeabula
931 1321 995 1364 cum
1013 1321 1113 1365 eorum
1134 1302 1193 1366 vim

5 1475 6 1488 χ
61 1392 247 1481 intelligerent
264 1397 427 1482 perniciosa
443 1397 637 1463 ludificatione
656 1401 858 1479 detorserunt,
892 1401 1045 1466 manifeste
1063 1403 1192 1467 sibimet-

5 1503 6 1560 i
60 1493 116 1578 ipsis
131 1499 201 1562 maii
215 1509 352 1564 auctores
369 1501 502 1564 inerunt:
526 1502 571 1564 sio
587 1521 639 1585 per
650 1501 842 1585 ignorantiam
858 1523 930 1586 quae
945 1489 1091 1568 nes‘cireot
1106 1525 1191 1582 usur·

60 1601 199 1678 paverint,
223 1601 293 1664 nihil
312 1601 356 1664 bis
374 1602 441 1687 fingi
461 1613 558 1688 potest
576 1602 729 1666 infelicius.
775 1600 887 1668 Stolida
906 1605 1010 1690 quippe
1031 1617 1098 1670 suot
1117 1606 1190 1670 baec

59 1708 129 1782 atque
150 1701 292 1782 ridicula,
324 1723 397 1787 qnae
419 1704 549 1788 quisquis
572 1703 710 1768 divinitus
728 1704 907 1790 prudentiam
928 1717 1030 1770 nactus
1051 1708 1090 1771 sit
1110 1707 1189 1772 nullo

58 1804 162 1884 negotio
180 1803 343 1888 pervideat.
377 1801 526 1889 Siquidem
542 1806 697 1891 voluptatis
714 1806 805 1890 gratia
820 1827 884 1869 enm
898 1807 1024 1892 seipsos,
1041 1819 1100 1872 tum
1116 1831 1190 1893 quos

57 1899 151 1967 babent
166 1916 331 1970 sectatores
347 1905 533 1990 perdiderunt
546 1907 725 1992 penduntque
740 1907 879 1992 quotidie.
923 1907 963 1972 Et
977 1909 1092 1994 quidem
1106 1931 1189 1974 erro·

55 2001 88 2064 ris
108 2005 156 2070 iile
177 2008 298 2092 spiritus
321 2007 435 2092 quidam
457 2009 537 2072 velut
553 2009 581 2070 in
603 2009 672 2072 tibia
690 2008 773 2072 datus
796 1995 859 2088 est,
892 2010 941 2093 qni
956 2032 1187 2097 unumquemque

54 2101 240 2191 insipientium
258 2109 402 2173 bominum
417 2109 541 2174 diversis
556 2120 656 2173 contro
673 2110 825 2173 veritatem
839 2111 1044 2194 agitationibus
1059 2135 1189 2178 eommo-

53 2217 104 2270 ret.
146 2211 247 2294 Atque
264 2211 338 2274 adeo
355 2210 424 2274 tibia
443 2211 588 2297 serpentis
607 2213 727 2296 figuram
745 2210 852 2276 imitari
871 2212 1001 2294 videtur,
1033 2235 1188 2300 perquem

53 2309 133 2373 maius
149 2311 273 2376 daemon
289 2313 403 2376 leontos
419 2323 474 2392 est,
495 2323 582 2397 atque
597 2311 690 2376 Evam
705 2309 828 2398 decepit.
873 2313 920 2378 Ad
937 2315 1019 2379 cuins
1036 2317 1188 2402 exemplar

51 2427 184 2496 expressa
208 2424 236 2476 et
259 2413 294 2476 od
313 2413 467 2478 humanum
488 2435 581 2497 genus
599 2414 773 2478 illudendum
793 2416 924 2478 confecta
945 2417 1014 2481 tibia
1032 2427 1089 2482 est.
1135 2416 1185 2482 'l'u

50 2531 112 2576 reno
126 2525 156 2578 et
169 2515 247 2578 ilium
262 2513 329 2578 mibi
346 2517 467 2598 effigiem
481 2515 594 2580 intuere
609 2536 692 2600 quam
708 2516 756 2601 qui
769 2516 839 2579 tibia
854 2517 931 2579 eooit
942 2517 971 2580 in
987 2538 1055 2581 sese
1067 2539 1186 2604 reprae-

48 2626 147 2677 sentat.
194 2615 251 2680 ttio
268 2617 343 2680 euius
361 2637 476 2680 sursunt
495 2618 597 2680 faciem
613 2617 735 2697 attollit,
758 2639 793 2681 ac
811 2617 946 2682 deorsum
961 2618 1099 2699 demittit,
1124 2630 1184 2682 tum
1246 2667 1250 2684 .

48 2715 78 2776 ad
94 2717 200 2782 dextra
219 2717 396 2802 sinistraque
417 2719 538 2803 perinde
559 2731 591 2782 ut
610 2719 785 2803 illevergit.
830 2718 944 2805 Quippe
963 2719 1093 2786 diabolus
1111 2721 1183 2786 iisee

46 2819 171 2896 gestibus
188 2820 296 2898 utitur,
320 2831 352 2883 ut
370 2820 572 2883 coutumeliam
588 2821 617 2882 iu
633 2841 756 2906 superos
772 2831 917 2899 ostentet,
942 2831 972 2886 et
986 2844 1060 2908 quac
1075 2824 1105 2886 in
1122 2833 1183 2887 ter-

46 2937 73 2980 ra
88 2930 158 2983 sunt
172 2921 300 2984 funditus
316 2931 447 3000 evertat,
470 2931 619 3006 totumque
633 2923 707 2985 adeo
725 2934 868 2986 terrarum
883 2922 982 2988 orbem
1000 2925 1102 2988 eodem
1118 2926 1183 2989 exi·

45 3020 80 3081 tio
93 3023 336 3108 comprehendat,
361 3022 426 3085 dum
445 3022 548 3086 dextra
565 3022 723 3108 pariterue
739 3024 858 3088 sinistra
874 3024 1032 3111 perniciem
1046 3027 1083 3089 iis
1099 3026 1186 3090 affert

46 3123 133 3203 quiin
154 3124 220 3188 eins
241 3145 274 3188 se
294 3124 423 3188 fraudem
443 3125 642 3202 committunt,
672 3145 707 3186 oo
725 3126 769 3188 sic
790 3137 924 3211 unquam
942 3126 1053 3192 musico
1072 3127 1181 3192 instru-

43 3238 134 3288 mento
156 3226 350 3289 fraudulentis
372 3225 448 3289 iiiios
470 3225 653 3290 sermonibus
676 3227 848 3291 efficiuntur.

120 3323 199 3392 Sunt
217 3337 247 3389 et
264 3326 313 3389 olii
329 3327 441 3410 quidam
460 3345 500 3389 es
517 3325 730 3391 baereticorum
746 3327 858 3392 iliorum
877 3350 985 3415 grege,
1016 3329 1065 3416 qui
1081 3330 1180 3395 inania
1199 3335 1257 3404 cap.
1275 3335 1307 3387 V·

43 3431 178 3507 quaedam
196 3427 315 3491 nemina
330 3428 510 3511 contingunt,
532 3427 630 3512 itaque
647 3427 762 3492 dieunt:
786 3427 873 3494 loitio
890 3431 1027 3496 tenebras
1044 3453 1079 3496 uc
1094 3453 1180 3498 vora·

40 3527 132 3608 gisem
151 3541 182 3593 et
199 3549 303 3614 aquam
320 3530 430 3608 tuisse,
453 3550 528 3613 quae
546 3551 563 3592 a
579 3549 612 3592 se
628 3528 753 3595 invicem
768 3533 888 3616 spiritus
902 3532 1074 3597 secreverit.
1118 3532 1196 3602 vc-

40 3648 97 3692 rnm
112 3632 254 3695 tenebrae
269 3641 371 3694 centra
384 3630 515 3716 spiritum
530 3630 677 3694 iracundia
694 3653 728 3694 ac
742 3633 840 3696 sorore
856 3634 983 3718 percitae
997 3655 1112 3699 sursum
1125 3656 1180 3698 ex·

40 3744 189 3796 correntes
207 3753 272 3794 com
289 3752 325 3794 eo
342 3753 518 3814 congressae
535 3744 613 3795 sunt.
657 3728 729 3796 Inde
745 3731 858 3796 Matrix
876 3734 975 3800 neseio
991 3757 1066 3821 quae
1081 3737 1180 3821 genita

38 3833 157 3913 prodiit,
189 3853 265 3917 qoae
284 3832 413 3896 eiusdem
438 3831 563 3919 Spiritus
586 3834 823 3899 consuetudinem
844 3835 974 3921 appetiit.
1018 3835 1068 3902 Ex
1086 3859 1187 3922 eaque.

36 3945 159 4016 quatuor
181 3933 303 3998 Aeones
327 3936 458 4020 producti
482 3945 560 3999 suut.
605 3935 652 3998 Ab
676 3936 720 4000 bis
735 3933 813 4000 xlv
834 3938 882 4000 otii
905 3939 1061 4022 procreati.
1106 3937 1179 4002 item

35 4029 151 4097 Dextra
166 4032 371 4120 Sinistraquc,
399 4057 453 4100 neo
470 4057 527 4100 non
543 4035 659 4102 Lumen
677 4058 711 4101 ac
729 4036 898 4102 Tenebrae.
943 4037 1109 4105 Secundum
1126 4039 1180 4104 bos

34 4154 135 4199 omnes
158 4147 273 4222 turpem
295 4139 436 4221 quendam
458 4138 592 4203 Aeonem
617 4138 723 4202 editum
746 4150 881 4220 narrant,
915 4162 1036 4227 eumque
1057 4163 1120 4204 cum
1143 4162 1179 4206 eu

34 4257 116 4318 quam
135 4238 223 4324 paulo
240 4249 308 4304 ante
325 4239 450 4320 diximus
465 4237 593 4305 Matrice
611 4239 735 4321 coiisse,
765 4252 795 4304 et
811 4241 848 4304 ab
866 4253 988 4328 utroque
1005 4244 1076 4306 deos
1092 4255 1178 4329 atque

31 4393 95 4440 Abest
113 4407 131 4440 a
149 4377 200 4441 cod
217 4393 315 4455 Rttadip.
333 4397 354 4442 et
370 4395 406 4444 ed.
417 4395 493 4456 prino
660 4393 684 4444 2.
701 4389 822 4460 ἀγγέλους
836 4397 888 4446 ced.
900 4399 973 4448 Votie.
991 4399 1086 4461 Rbedip.
1120 4395 1178 4457 τοὺς

62 4458 124 4508 cas.
138 4459 170 4510 V.
188 4487 222 4498 -·
241 4461 263 4510 t.
284 4461 349 4510 Libri
363 4463 432 4526 uotqo
448 4477 521 4530 φησι.
627 4457 746 4528 ἀγγέλους
761 4465 814 4513 liert
830 4465 892 4514 editi.
