2984 4996
334 332 468 384 rimanti
485 333 549 384 Llll.
565 333 583 383 l.
600 331 681 385 Tum.
695 332 738 384 lll.
757 330 854 382 flius.
870 329 952 379 XLll.
1156 316 1217 378 647

156 451 260 517 liciat.
281 447 324 516 lll
340 463 370 515 ct
381 448 440 515 Xl.
476 448 510 516 Si
529 451 612 516 huius
628 450 719 516 seculi
733 449 879 537 principes
893 459 962 512 suut
976 448 1074 529 multi,
1097 447 1144 532 qui
1155 449 1219 532 qui-

55 555 134 618 dem
153 564 348 634 evacuantur,
373 575 430 618 non
454 552 539 616 trium
560 552 681 638 amplius
700 549 932 637 Principiorum,
955 548 1088 629 Marcio,
1113 551 1219 636 stirpes

55 680 101 722 ac
121 657 236 722 radices
254 656 393 741 indagare
411 655 544 739 cogaris,
576 656 627 719 sed
650 653 736 718 aliam
755 651 935 718 comminisci
958 651 1100 733 tabulam,
1131 663 1218 739 atque

54 760 223 824 multorum
246 759 282 824 ad
299 756 512 844 Principiorum
534 741 565 822 ct
588 757 735 834 radicum,
767 767 797 818 ct
818 755 944 839 ingentis
962 753 1082 818 alicuius
1099 765 1217 840 tragoe-

53 863 133 926 iliae
151 861 365 944 inquisitionem
389 871 418 925 tc
441 871 627 924 convertere.
674 855 806 944 Cumque
829 857 929 920 nescio
951 855 1017 940 quid
1037 856 1216 922 calumniose

51 963 232 1041 struxeris,
265 983 358 1047 neque
385 961 460 1026 enim
485 962 619 1025 invenire
644 959 753 1046 poteris
774 959 1012 1044 quemadmodum
1036 958 1129 1022 everha
1153 961 1214 1040 illa,

53 1073 124 1148 Qui
138 1077 325 1140 emcucntur,
358 1065 578 1142 accommodes,
611 1084 651 1127 cx
673 1061 728 1126 hoc
745 1062 809 1148 ipso
825 1065 981 1124 evacuandi
993 1060 1134 1126 vocabulo
1151 1075 1216 1127 ruat

49 1171 115 1234 illa
133 1189 255 1232 neccsse
270 1177 327 1246 εει,
351 1187 435 1250 quam
453 1165 549 1250 lingis,
572 1163 787 1249 principiorum
802 1163 904 1242 radix,
930 1183 1035 1226 carens
1050 1164 1114 1249 ipso
1129 1162 1215 1228 Prin·

49 1271 155 1357 cipio.
200 1267 344 1353 Quicquid
362 1267 439 1330 anim
457 1266 564 1331 desinit
579 1268 749 1351 aliquando,
780 1266 987 1349 sempiternum
1006 1285 1072 1329 esse
1091 1289 1148 1330 nnn
1164 1291 1214 1353 po·

49 1384 142 1436 test:
166 1373 217 1436 scd
235 1372 261 1435 si
278 1371 448 1460 principium
465 1369 580 1455 aliquod
598 1370 672 1433 unde
689 1389 754 1432 esse
772 1368 868 1452 coepit
884 1366 1032 1446 habuerit,
1063 1369 1152 1432 finem
1170 1370 1214 1433 in-

48 1496 155 1561 super
175 1473 327 1538 obtinebit.
372 1469 454 1536 Fieri
477 1471 580 1558 quippe
603 1471 703 1556 nequit
725 1482 756 1534 ut
777 1471 852 1554 quod
871 1469 1042 1555 principium
1060 1470 1148 1536 habet
1163 1494 1214 1557 pc·

48 1599 157 1642 reone
178 1576 217 1640 sit
239 1597 273 1640 ac
291 1586 474 1661 perpetuum.
520 1573 638 1658 Alioqui
657 1573 724 1659 quid
742 1572 811 1637 illud
828 1572 882 1636 sibi
899 1570 988 1636 vellet
1004 1573 1078 1655 quod
1095 1573 1211 1654 dicitur,

47 1682 88 1744 iil
115 1679 192 1764 quod
213 1689 260 1742 est
279 1677 343 1742 cius
358 1697 425 1740 esse
443 1695 576 1739 caussam
593 1676 668 1760 quod
683 1676 837 1761 aliquando
853 1694 910 1738 non
928 1675 1016 1738 luerit
1033 1686 1063 1738 at
1079 1697 1146 1740 esse
1163 1679 1212 1742 de·

48 1804 142 1846 mum
159 1780 308 1866 coeperit?
352 1777 479 1864 ldipsum
495 1797 584 1863 porro
601 1778 676 1860 quod
696 1788 758 1854 cst,
782 1787 866 1864 pater
884 1788 929 1842 est
943 1788 974 1841 ct
991 1777 1084 1856 iilius,
1109 1790 1138 1843 et
1154 1778 1213 1865 spi·

48 1885 137 1948 ritas
155 1893 285 1946 sanctus.
332 1877 441 1945 Cetera
459 1879 574 1960 omnia,
607 1900 680 1964 quae
698 1879 813 1943 condita
836 1890 922 1957 sunt,
952 1899 1010 1943 non
1028 1901 1095 1944 esse
1112 1881 1212 1946 dicun·

49 1999 126 2064 tur,
159 2006 233 2070 quae
253 2006 269 2046 a
286 1980 436 2068 Principio
454 1983 577 2066 quodam
598 1992 691 2045 ortum
709 1981 888 2061 habuerunt3
919 1981 996 2045 intcr
1013 2003 1087 2065 quae
1105 1985 1210 2048 malum

47 2089 151 2154 etiam
167 2087 242 2171 quod
259 2087 364 2150 dicitur
376 2084 562 2149 referendum
578 2094 634 2162 est,
658 2084 762 2146 malum
777 2082 892 2167 inquam
908 2085 983 2168 quod
997 2083 1033 2148 ab
1048 2085 1211 2152 hominibus

47 2193 118 2255 iam
134 2189 166 2252 in
179 2189 272 2252 lucem
286 2188 373 2252 editis
385 2198 528 2272 tamquam
544 2208 561 2250 a
576 2186 717 2272 principio
731 2188 871 2264 manarit,
895 2207 959 2249 oum
973 2199 1002 2250 et
1015 2187 1068 2271 ipsi
1082 2190 1211 2271 quaudo-

47 2313 116 2378 que
142 2311 200 2355 uon
224 2290 349 2368 luerint,
383 2300 414 2352 ct
435 2299 496 2352 tum
518 2308 584 2352 esse
607 2288 711 2351 malum
735 2288 865 2373 coeperit
887 2309 951 2351 cum
975 2289 1128 2371 stimmo,
1161 2294 1210 2379 qui

47 2405 146 2460 antea
163 2413 219 2456 non
235 2403 310 2472 crat,
334 2391 477 2476 originem
491 2391 615 2476 accepit.
662 2387 763 2472 Quare
779 2390 878 2454 reniet
897 2401 1007 2477 tempus
1024 2413 1088 2456 cum
1103 2395 1209 2460 molum

47 2497 183 2581 amplius
208 2517 267 2558 non
289 2495 361 2574 crit,
394 2515 459 2557 cum
478 2490 608 2578 Principi
629 2492 683 2578 ipsi
706 2491 822 2555 minime
844 2493 922 2556 istud
945 2493 1101 2578 placuerit,
1132 2499 1208 2581 quod

46 2609 154 2664 ortum
173 2617 190 2660 a
206 2596 347 2682 principio
365 2595 458 2682 ipsum
478 2596 508 2660 in
526 2596 666 2659 malorum
683 2615 804 2658 numero
820 2605 904 2680 atque
921 2597 1021 2661 ordine
1039 2598 1206 2664 collocarat.

46 2701 153 2786 lgitur
170 2720 228 2763 noo
245 2697 337 2762 solum
355 2708 420 2783 post
436 2719 589 2784 corporum
608 2697 854 2763 resurrectionem
874 2699 1004 2778 desinet,
1029 2702 1080 2764 sed
1097 2700 1208 2767 iamdu-

46 2805 124 2867 dum
142 2800 257 2887 abipsa
273 2801 347 2884 legis
364 2799 612 2888 promulgatione,
636 2799 694 2862 imo
711 2810 779 2863 ante
795 2801 890 2885 legem
906 2801 998 2886 ipsam
1016 2802 1045 2865 iu
1062 2803 1207 2889 plerisque

46 2903 162 2982 desiit,
194 2903 241 2988 qui
265 2903 354 2966 vitam
376 2925 458 2967 suani
480 2923 519 2966 ex
542 2901 683 2966 naturalis
704 2901 778 2987 legia
797 2904 976 2990 praescripto
996 2915 1205 2990 temperarunt.

49 3005 118 3072 Sed
138 3006 228 3068 multo
249 3005 341 3088 magis
359 3015 423 3091 post
440 3000 550 3068 Christi
569 3004 725 3068 salvatoris
744 3005 917 3084 adventum,
949 3027 983 3070 ac
1001 3006 1124 3091 denique
1142 3022 1208 3095 post

47 3119 237 3174 mortuorum
260 3105 519 3171 Resurrectionem
542 3107 628 3191 louge
651 3106 678 3170 id
702 3106 874 3171 cumulatius
898 3109 1020 3172 accidet.
1066 3108 1206 3193 Quando-

49 3211 175 3296 quidem
198 3213 380 3272 Scminontur
402 3215 432 3272 i'n
454 3215 647 3290 corruptione,
679 3222 804 3290 surgunt
820 3222 911 3272 cutem
933 3215 961 3272 i'n
983 3217 1202 3294 incorruptione,
1220 3232 1301 3277 scon

47 3335 109 3376 nec
131 3311 238 3375 malum
260 3311 382 3396 amplius
407 3321 589 3397 perpetrant,
622 3331 716 3395 neque
737 3312 910 3377 moriuntur.
955 3315 1001 3380 Ac
1024 3327 1204 3381 cessaturum
1218 3283 1294 3339 Μ’

48 3414 172 3499 quidem
187 3414 304 3476 omnino
323 3414 429 3477 malum
444 3413 544 3478 eadem
560 3414 609 3478 illa
625 3413 747 3499 apostoli
764 3425 887 3479 testatur
903 3418 1014 3482 oratio:
1044 3423 1205 3501 Prioeipuni

47 3522 138 3580 naim
155 3519 260 3590 seond,
284 3521 527 3597 qm'euocuontnr.
573 3513 624 3579 Ex
638 3537 695 3600 quo
714 3537 818 3581 vanum
837 3528 913 3581 tuum
931 3519 1000 3584 illud
1016 3521 1120 3605 dogma
1135 3542 1204 3586 con·

48 3619 140 3696 cidit,
175 3615 308 3683 Marcio!
345 3620 420 3703 quod
437 3619 574 3706 opinions
590 3618 653 3682 sola
670 3618 826 3684 confictum
845 3621 988 3703 mendax,
1021 3625 1201 3704 inconstans,

46 3719 218 3804 rationique
240 3719 357 3784 minime
380 3733 608 3787 consentaneum
631 3732 688 3786 cst.

137 3819 241 3887 Schol.
259 3820 303 3887 lV
323 3833 353 3886 et
368 3820 443 3888 Xll.
477 3821 624 3910 Scriptum
654 3833 700 3887 est
724 3823 818 3889 euim:
853 3831 910 3904 (lui
930 3833 1136 3910 comprehendit
1156 3849 1341 3909 sii-capam.

46 3931 161 4005 pientes
175 3928 204 3986 in
218 3931 323 3987 ostano
337 3949 443 3990 eorum.
490 3927 530 3990 Ei
544 3929 666 3993 iterum:
690 3933 825 3991 Dominam
837 3936 917 3992 noni't
926 3937 1099 4012 cognitiones
1113 3936 1201 3995 lomi'·
1214 3953 1271 4000 titt.
1283 3957 1315 4002 ao.

48 4051 131 4104 num,
157 4033 224 4110 puio
245 4043 428 4092 concocunt.
1092 4089 1094 4094 .

135 4127 241 4194 Relut.
262 4115 358 4196 lv'oi
378 4129 453 4197 Xll.
489 4130 568 4198 lstud
593 4134 704 4220 ipsum:
736 4139 879 4215 Scri'pituni
905 4149 948 4199 εει
971 4149 1025 4200 etc.
1058 4135 1093 4204 ad
1118 4161 1201 4206 usum

51 4369 97 4420 qua
119 4349 243 4420 placuerit
263 4351 300 4404 illi
322 4353 390 4435 qnod
414 4363 468 4416 εει,
495 4354 611 4422 quodque
677 4351 702 4405 5.
724 4356 790 4406 titis
812 4361 882 4422 culpo
905 4359 1055 4428 κεκτημένα.
1096 4361 1201 4432 „aequi-

52 4438 135 4471 cansaa
152 4420 248 4471 factum
260 4431 299 4472 cst
310 4438 361 4472 eius
378 4428 427 4474 celi.
461 4426 536 4487 Neque
555 4427 611 4476 Gor·
644 4421 710 4472 aita¹‘
724 4425 793 4473 uarlll
808 4427 942 4479 comorius.

50 4493 221 4609 ffi.m
233 4493 343 4542 remorm
359 4493 420 4542 lunc
435 4494 511 4542 tociiin
525 4494 612 4543 tntctti-
678 4489 703 4542 6.
721 4484 781 4543 ὄντα
794 4494 843 4543 cod.
858 4497 929 4547 lotio.
953 4490 1058 4566 lippescit
1072 4502 1126 4552 tisri
1136 4503 1199 4554 rdi'tt.
