<?xml version="1.0" encoding="UTF-8"?>
<!DOCTYPE html PUBLIC "-//W3C//DTD XHTML 1.0 Transitional//EN"
    "http://www.w3.org/TR/xhtml1/DTD/xhtml1-transitional.dtd">
<html xmlns="http://www.w3.org/1999/xhtml" xml:lang="en" lang="en">
 <head>
  <title>
</title>
<meta http-equiv="Content-Type" content="text/html;charset=utf-8" />
  <meta name='ocr-system' content='tesseract 3.04.00' />
  <meta name='ocr-capabilities' content='ocr_page ocr_carea ocr_par ocr_line ocrx_word'/>
</head>
<body>
  <div class='ocr_page' id='page_1' title='image "./corporishaerese03oehlgoog_0481.png"; bbox 0 0 3010 5000; ppageno 0'>
   <div class='ocr_carea' id='block_1_1' title="bbox 139 543 248 600">
    <p class='ocr_par' dir='ltr' id='par_1_1' title="bbox 139 543 248 600">
     <span class='ocr_line' id='line_1_1' title="bbox 139 543 248 600; baseline 0 -14"><span class='ocrx_word' id='word_1_1' title='bbox 139 555 189 600; x_wconf 70' lang='grc' dir='ltr'><strong><em>φας.</em></strong></span> <span class='ocrx_word' id='word_1_2' title='bbox 202 543 248 587; x_wconf 74' lang='lat'><strong><em>25⁰.</em></strong></span> 
     </span>
    </p>
   </div>
   <div class='ocr_carea' id='block_1_2' title="bbox 125 933 243 1005">
    <p class='ocr_par' dir='ltr' id='par_1_2' title="bbox 125 933 243 1005">
     <span class='ocr_line' id='line_1_2' title="bbox 125 933 243 1005; baseline -0.025 -14"><span class='ocrx_word' id='word_1_3' title='bbox 125 937 192 1005; x_wconf 83' lang='grc' dir='ltr'><strong><em>Κεφ.</em></strong></span> <span class='ocrx_word' id='word_1_4' title='bbox 205 933 243 990; x_wconf 82' lang='grc' dir='ltr'><strong><em>ιε’.</em></strong></span> 
     </span>
    </p>
   </div>
   <div class='ocr_carea' id='block_1_3' title="bbox 260 297 987 360">
    <p class='ocr_par' dir='ltr' id='par_1_3' title="bbox 260 297 987 360">
     <span class='ocr_line' id='line_1_3' title="bbox 260 297 987 360; baseline -0.007 -1"><span class='ocrx_word' id='word_1_5' title='bbox 260 297 321 360; x_wconf 81' lang='grc'><strong><em>464</em></strong></span> <span class='ocrx_word' id='word_1_6' title='bbox 682 305 802 357; x_wconf 76' lang='lat' dir='ltr'>SANGTI</span> <span class='ocrx_word' id='word_1_7' title='bbox 820 303 987 355; x_wconf 81' lang='grc' dir='ltr'><strong>ΕΡΙΡΗΔΝΙΙ</strong></span> 
     </span>
    </p>
   </div>
   <div class='ocr_carea' id='block_1_4' title="bbox 260 417 1400 814">
    <p class='ocr_par' dir='ltr' id='par_1_4' title="bbox 260 417 1400 814">
     <span class='ocr_line' id='line_1_4' title="bbox 261 417 1398 508; baseline -0.006 -19"><span class='ocrx_word' id='word_1_8' title='bbox 261 451 290 490; x_wconf 90' lang='grc' dir='ltr'><strong><em>τε</em></strong></span> <span class='ocrx_word' id='word_1_9' title='bbox 309 431 458 498; x_wconf 79' lang='grc' dir='ltr'><strong><em>πολυετεῖς</em></strong></span> <span class='ocrx_word' id='word_1_10' title='bbox 474 419 507 488; x_wconf 86' lang='grc' dir='ltr'><strong><em>τό</em></strong></span> <span class='ocrx_word' id='word_1_11' title='bbox 526 421 646 488; x_wconf 85' lang='grc' dir='ltr'><strong><em>αίάνιον</em></strong></span> <span class='ocrx_word' id='word_1_12' title='bbox 664 418 757 505; x_wconf 77' lang='grc' dir='ltr'><strong><em>αύτῖγς</em></strong></span> <span class='ocrx_word' id='word_1_13' title='bbox 774 429 1017 499; x_wconf 77' lang='grc' dir='ltr'><strong><em>κατατεθεῖσθαι,</em></strong></span> <span class='ocrx_word' id='word_1_14' title='bbox 1040 417 1176 502; x_wconf 78' lang='grc' dir='ltr'><strong><em>οἰόμενον</em></strong></span> <span class='ocrx_word' id='word_1_15' title='bbox 1193 421 1225 484; x_wconf 88' lang='grc' dir='ltr'><strong><em>έν</em></strong></span> <span class='ocrx_word' id='word_1_16' title='bbox 1241 426 1282 508; x_wconf 81' lang='grc' dir='ltr'><strong><em>τρῖ</em></strong></span> <span class='ocrx_word' id='word_1_17' title='bbox 1299 417 1398 502; x_wconf 71' lang='grc' dir='ltr'><strong><em>πλάθει</em></strong></span> 
     </span>
     <span class='ocr_line' id='line_1_5' title="bbox 261 520 1400 611; baseline -0.006 -20"><span class='ocrx_word' id='word_1_18' title='bbox 261 532 319 592; x_wconf 78' lang='grc' dir='ltr'><strong><em>των</em></strong></span> <span class='ocrx_word' id='word_1_19' title='bbox 333 524 447 611; x_wconf 83' lang='grc' dir='ltr'><strong><em>χρόνων</em></strong></span> <span class='ocrx_word' id='word_1_20' title='bbox 461 524 645 608; x_wconf 80' lang='grc' dir='ltr'><strong><em>μιμήσασθαι</em></strong></span> <span class='ocrx_word' id='word_1_21' title='bbox 661 521 752 606; x_wconf 83' lang='grc' dir='ltr'><strong><em>αύτῆς</em></strong></span> <span class='ocrx_word' id='word_1_22' title='bbox 765 523 799 589; x_wconf 84' lang='grc' dir='ltr'><strong><em>τό</em></strong></span> <span class='ocrx_word' id='word_1_23' title='bbox 818 531 853 569; x_wconf 80' lang='lat'><strong><em>2⁰</em></strong></span> <span class='ocrx_word' id='word_1_24' title='bbox 862 521 1036 608; x_wconf 86' lang='grc' dir='ltr'><strong><em>άπέραντον.</em></strong></span> <span class='ocrx_word' id='word_1_25' title='bbox 1070 520 1218 588; x_wconf 82' lang='grc' dir='ltr'><strong><em>Ἐνταῦθά</em></strong></span> <span class='ocrx_word' id='word_1_26' title='bbox 1234 548 1262 586; x_wconf 91' lang='grc' dir='ltr'><strong><em>τε</em></strong></span> <span class='ocrx_word' id='word_1_27' title='bbox 1275 523 1400 606; x_wconf 75' lang='grc' dir='ltr'><strong><em>λέγουσιν</em></strong></span> 
     </span>
     <span class='ocr_line' id='line_1_6' title="bbox 262 621 1400 714; baseline -0.007 -20"><span class='ocrx_word' id='word_1_28' title='bbox 262 626 450 714; x_wconf 69' lang='grc' dir='ltr'><strong><em>ἐκφυγούσας</em></strong></span> <span class='ocrx_word' id='word_1_29' title='bbox 467 624 555 692; x_wconf 87' lang='grc' dir='ltr'><strong><em>αύτδν</em></strong></span> <span class='ocrx_word' id='word_1_30' title='bbox 572 635 625 710; x_wconf 80' lang='grc' dir='ltr'><strong><em>τῆς</em></strong></span> <span class='ocrx_word' id='word_1_31' title='bbox 639 625 792 709; x_wconf 75' lang='grc' dir='ltr'><strong><em>Ἀληθείας</em></strong></span> <span class='ocrx_word' id='word_1_32' title='bbox 808 627 1083 710; x_wconf 68' lang='grc' dir='ltr'><strong><em>ἐπηκολουθηκέναι</em></strong></span> <span class='ocrx_word' id='word_1_33' title='bbox 1098 622 1131 689; x_wconf 83' lang='grc' dir='ltr'><strong><em>τό</em></strong></span> <span class='ocrx_word' id='word_1_34' title='bbox 1146 629 1273 706; x_wconf 83' lang='grc' dir='ltr'><strong><em>ψεῦδος,</em></strong></span> <span class='ocrx_word' id='word_1_35' title='bbox 1294 625 1345 688; x_wconf 85' lang='grc' dir='ltr'><strong><em>καῖ</em></strong></span> <span class='ocrx_word' id='word_1_36' title='bbox 1359 621 1400 687; x_wconf 83' lang='grc' dir='ltr'><strong><em>διά</em></strong></span> 
     </span>
     <span class='ocr_line' id='line_1_7' title="bbox 260 725 1379 814; baseline -0.006 -18"><span class='ocrx_word' id='word_1_37' title='bbox 260 739 348 797; x_wconf 87' lang='grc' dir='ltr'><strong><em>τοῦτο</em></strong></span> <span class='ocrx_word' id='word_1_38' title='bbox 370 728 525 796; x_wconf 88' lang='grc' dir='ltr'><strong><em>κατάλυσιν</em></strong></span> <span class='ocrx_word' id='word_1_39' title='bbox 547 731 766 814; x_wconf 74' lang='grc' dir='ltr'><strong><em>πληρωθέντων</em></strong></span> <span class='ocrx_word' id='word_1_40' title='bbox 786 737 844 794; x_wconf 78' lang='grc' dir='ltr'><strong><em>τῶν</em></strong></span> <span class='ocrx_word' id='word_1_41' title='bbox 865 728 978 814; x_wconf 79' lang='grc' dir='ltr'><strong><em>χρόνων</em></strong></span> <span class='ocrx_word' id='word_1_42' title='bbox 998 731 1098 810; x_wconf 83' lang='grc' dir='ltr'><strong><em>λαβεῖν</em></strong></span> <span class='ocrx_word' id='word_1_43' title='bbox 1119 725 1210 794; x_wconf 75' lang='grc' dir='ltr'><strong><em>αὐτοῦ</em></strong></span> <span class='ocrx_word' id='word_1_44' title='bbox 1233 725 1265 793; x_wconf 86' lang='grc' dir='ltr'><strong><em>τό</em></strong></span> <span class='ocrx_word' id='word_1_45' title='bbox 1287 728 1379 812; x_wconf 76' lang='grc' dir='ltr'><strong><em>ἔργον.</em></strong></span> 
     </span>
    </p>
   </div>
   <div class='ocr_carea' id='block_1_5' title="bbox 259 930 1406 2251">
    <p class='ocr_par' dir='ltr' id='par_1_5' title="bbox 259 930 1406 2251">
     <span class='ocr_line' id='line_1_8' title="bbox 347 930 1403 1020; baseline -0.005 -20"><span class='ocrx_word' id='word_1_46' title='bbox 347 937 407 1000; x_wconf 83' lang='grc' dir='ltr'><strong><em>Καί</em></strong></span> <span class='ocrx_word' id='word_1_47' title='bbox 425 937 493 1020; x_wconf 82' lang='grc' dir='ltr'><strong><em>περὶ</em></strong></span> <span class='ocrx_word' id='word_1_48' title='bbox 511 936 563 1018; x_wconf 86' lang='grc' dir='ltr'><strong><em>μέν</em></strong></span> <span class='ocrx_word' id='word_1_49' title='bbox 580 941 633 1017; x_wconf 82' lang='grc' dir='ltr'><strong><em>τῆς</em></strong></span> <span class='ocrx_word' id='word_1_50' title='bbox 650 939 769 1011; x_wconf 83' lang='grc' dir='ltr'><strong><em>κτίσεως</em></strong></span> <span class='ocrx_word' id='word_1_51' title='bbox 784 941 906 1000; x_wconf 83' lang='grc' dir='ltr'><strong><em>τοιαῦτα</em></strong></span> <span class='ocrx_word' id='word_1_52' title='bbox 921 936 1053 1018; x_wconf 82' lang='grc' dir='ltr'><strong><em>λέγοντες</em></strong></span> <span class='ocrx_word' id='word_1_53' title='bbox 1067 931 1137 998; x_wconf 86' lang='grc' dir='ltr'><strong><em>καθ’</em></strong></span> <span class='ocrx_word' id='word_1_54' title='bbox 1155 931 1282 1014; x_wconf 87' lang='grc' dir='ltr'><strong><em>έκάστην</em></strong></span> <span class='ocrx_word' id='word_1_55' title='bbox 1298 930 1403 1018; x_wconf 73' lang='grc' dir='ltr'><strong><em>ἡμέραν</em></strong></span> 
     </span>
     <span class='ocr_line' id='line_1_9' title="bbox 259 1035 1402 1126; baseline -0.005 -20"><span class='ocrx_word' id='word_1_56' title='bbox 259 1043 393 1126; x_wconf 80' lang='grc' dir='ltr'><strong><em>έπιγεννγῖ</em></strong></span> <span class='ocrx_word' id='word_1_57' title='bbox 410 1040 530 1112; x_wconf 72' lang='grc' dir='ltr'><strong><em>ἕκαστος</em></strong></span> <span class='ocrx_word' id='word_1_58' title='bbox 547 1035 644 1102; x_wconf 83' lang='grc' dir='ltr'><strong><em>αύτοῖν</em></strong></span> <span class='ocrx_word' id='word_1_59' title='bbox 660 1035 766 1113; x_wconf 84' lang='grc' dir='ltr'><strong><em>καθάς</em></strong></span> <span class='ocrx_word' id='word_1_60' title='bbox 783 1036 905 1102; x_wconf 90' lang='grc' dir='ltr'><strong><em>δύναται</em></strong></span> <span class='ocrx_word' id='word_1_61' title='bbox 922 1035 1094 1121; x_wconf 89' lang='grc' dir='ltr'><strong><em>καινότερόν</em></strong></span> <span class='ocrx_word' id='word_1_62' title='bbox 1115 1045 1172 1100; x_wconf 83' lang='grc' dir='ltr'><strong><em>1τι.</em></strong></span> <span class='ocrx_word' id='word_1_63' title='bbox 1221 1038 1336 1112; x_wconf 79' lang='grc' dir='ltr'><strong><em>Τέλειος</em></strong></span> <span class='ocrx_word' id='word_1_64' title='bbox 1353 1035 1402 1122; x_wconf 85' lang='grc' dir='ltr'><strong><em>γάρ</em></strong></span> 
     </span>
     <span class='ocr_line' id='line_1_10' title="bbox 260 1135 1403 1226; baseline -0.006 -19"><span class='ocrx_word' id='word_1_65' title='bbox 260 1140 358 1217; x_wconf 86' lang='grc' dir='ltr'><strong><em>ούδείς</em></strong></span> <span class='ocrx_word' id='word_1_66' title='bbox 372 1138 390 1206; x_wconf 88' lang='grc' dir='ltr'><strong><em>ό</em></strong></span> <span class='ocrx_word' id='word_1_67' title='bbox 404 1139 444 1224; x_wconf 72' lang='grc' dir='ltr'><strong><em>μή</em></strong></span> <span class='ocrx_word' id='word_1_68' title='bbox 460 1139 568 1226; x_wconf 86' lang='grc' dir='ltr'><strong><em>μεγάλα</em></strong></span> <span class='ocrx_word' id='word_1_69' title='bbox 583 1138 740 1222; x_wconf 82' lang='grc' dir='ltr'><strong><em>ψεύσματα</em></strong></span> <span class='ocrx_word' id='word_1_70' title='bbox 755 1136 823 1225; x_wconf 91' lang='grc' dir='ltr'><strong><em>παρ’</em></strong></span> <span class='ocrx_word' id='word_1_71' title='bbox 841 1137 941 1216; x_wconf 88' lang='grc' dir='ltr'><strong><em>αύτοῖς</em></strong></span> <span class='ocrx_word' id='word_1_72' title='bbox 955 1138 1195 1224; x_wconf 83' lang='grc' dir='ltr'><strong><em>καρποφυρησας.</em></strong></span> <span class='ocrx_word' id='word_1_73' title='bbox 1236 1135 1289 1203; x_wconf 85' lang='grc' dir='ltr'><strong><em>Ἐκ</em></strong></span> <span class='ocrx_word' id='word_1_74' title='bbox 1304 1139 1336 1202; x_wconf 86' lang='grc' dir='ltr'><strong><em>δέ</em></strong></span> <span class='ocrx_word' id='word_1_75' title='bbox 1351 1163 1403 1201; x_wconf 78' lang='grc' dir='ltr'><strong><em>τιν</em></strong></span> 
     </span>
     <span class='ocr_line' id='line_1_11' title="bbox 259 1239 1404 1328; baseline -0.005 -19"><span class='ocrx_word' id='word_1_76' title='bbox 259 1249 451 1328; x_wconf 79' lang='grc' dir='ltr'><strong><em>προφητικῶν</em></strong></span> <span class='ocrx_word' id='word_1_77' title='bbox 470 1242 526 1308; x_wconf 83' lang='grc' dir='ltr'><strong><em>ὅσα</em></strong></span> <span class='ocrx_word' id='word_1_78' title='bbox 548 1241 844 1326; x_wconf 59' lang='grc' dir='ltr'><strong><em>έμεταμορφάζουσιν</em></strong></span> <span class='ocrx_word' id='word_1_79' title='bbox 861 1240 1023 1328; x_wconf 87' lang='grc' dir='ltr'><strong><em>άναγκαῖον</em></strong></span> <span class='ocrx_word' id='word_1_80' title='bbox 1040 1239 1209 1324; x_wconf 85' lang='grc' dir='ltr'><strong><em>μηνύσαντα</em></strong></span> <span class='ocrx_word' id='word_1_81' title='bbox 1226 1239 1279 1306; x_wconf 87' lang='grc' dir='ltr'><strong><em>τόν</em></strong></span> <span class='ocrx_word' id='word_1_82' title='bbox 1296 1242 1404 1325; x_wconf 76' lang='grc' dir='ltr'><strong><em>ἔλεγχον</em></strong></span> 
     </span>
     <span class='ocr_line' id='line_1_12' title="bbox 260 1339 1405 1430; baseline -0.005 -19"><span class='ocrx_word' id='word_1_83' title='bbox 260 1345 361 1422; x_wconf 84' lang='grc' dir='ltr'><strong><em>αύτοῖς</em></strong></span> <span class='ocrx_word' id='word_1_84' title='bbox 375 1344 500 1430; x_wconf 78' lang='grc' dir='ltr'><strong><em>ἐπάγειν.</em></strong></span> <span class='ocrx_word' id='word_1_85' title='bbox 543 1343 576 1409; x_wconf 90' lang='grc' dir='ltr'><em>Ὁ</em></span> <span class='ocrx_word' id='word_1_86' title='bbox 593 1344 648 1428; x_wconf 83' lang='grc' dir='ltr'><strong><em>γάρ</em></strong></span> <span class='ocrx_word' id='word_1_87' title='bbox 663 1351 810 1427; x_wconf 78' lang='grc' dir='ltr'><strong><em>Μωυσῆς,</em></strong></span> <span class='ocrx_word' id='word_1_88' title='bbox 833 1346 935 1426; x_wconf 81' lang='grc' dir='ltr'><strong><em>φασίν,</em></strong></span> <span class='ocrx_word' id='word_1_89' title='bbox 957 1341 1119 1428; x_wconf 70' lang='grc' dir='ltr'><strong><em>ἀρχόμενος</em></strong></span> <span class='ocrx_word' id='word_1_90' title='bbox 1132 1351 1185 1424; x_wconf 78' lang='grc' dir='ltr'><strong><em>τῆς</em></strong></span> <span class='ocrx_word' id='word_1_91' title='bbox 1198 1339 1274 1407; x_wconf 83' lang='grc' dir='ltr'><strong><em>κατά</em></strong></span> <span class='ocrx_word' id='word_1_92' title='bbox 1285 1340 1340 1424; x_wconf 74' lang='grc' dir='ltr'><strong><em>τὴν</em></strong></span> <span class='ocrx_word' id='word_1_93' title='bbox 1353 1347 1405 1406; x_wconf 87' lang='grc' dir='ltr'><strong><em>κτί-</em></strong></span> 
     </span>
     <span class='ocr_line' id='line_1_13' title="bbox 261 1444 1405 1535; baseline -0.007 -20"><span class='ocrx_word' id='word_1_94' title='bbox 261 1473 307 1515; x_wconf 86' lang='grc' dir='ltr'><strong><em>σιν</em></strong></span> <span class='ocrx_word' id='word_1_95' title='bbox 329 1453 541 1535; x_wconf 89' lang='grc' dir='ltr'><strong><em>πραγματείας,</em></strong></span> <span class='ocrx_word' id='word_1_96' title='bbox 572 1444 666 1522; x_wconf 86' lang='grc' dir='ltr'><strong><em>εύθύς</em></strong></span> <span class='ocrx_word' id='word_1_97' title='bbox 690 1449 723 1512; x_wconf 83' lang='grc' dir='ltr'><strong><em>έν</em></strong></span> <span class='ocrx_word' id='word_1_98' title='bbox 745 1444 820 1535; x_wconf 75' lang='grc' dir='ltr'><strong><em>άρχῇ</em></strong></span> <span class='ocrx_word' id='word_1_99' title='bbox 842 1446 895 1530; x_wconf 74' lang='grc' dir='ltr'><strong><em>τὴν</em></strong></span> <span class='ocrx_word' id='word_1_100' title='bbox 918 1448 1046 1528; x_wconf 80' lang='grc' dir='ltr'><strong><em>Μητέρα</em></strong></span> <span class='ocrx_word' id='word_1_101' title='bbox 1073 1452 1132 1512; x_wconf 78' lang='grc' dir='ltr'><strong><em>τῶν</em></strong></span> <span class='ocrx_word' id='word_1_102' title='bbox 1156 1445 1234 1511; x_wconf 80' lang='grc' dir='ltr'><strong><em>ὅλων</em></strong></span> <span class='ocrx_word' id='word_1_103' title='bbox 1255 1447 1405 1521; x_wconf 80' lang='grc' dir='ltr'><strong><em>ἐπέδειξεν,</em></strong></span> 
     </span>
     <span class='ocr_line' id='line_1_14' title="bbox 261 1547 1406 1638; baseline -0.008 -21"><span class='ocrx_word' id='word_1_104' title='bbox 261 1550 361 1631; x_wconf 79' lang='grc' dir='ltr'><strong><em>εἰπάν,</em></strong></span> <span class='ocrx_word' id='word_1_105' title='bbox 387 1547 458 1615; x_wconf 60' lang='grc' dir='ltr'><strong><em>θἘν</em></strong></span> <span class='ocrx_word' id='word_1_106' title='bbox 476 1547 549 1638; x_wconf 77' lang='grc' dir='ltr'><strong><em>άργῇ</em></strong></span> <span class='ocrx_word' id='word_1_107' title='bbox 565 1551 700 1631; x_wconf 81' lang='grc' dir='ltr'><strong><em>ἐποίησεν</em></strong></span> <span class='ocrx_word' id='word_1_108' title='bbox 715 1547 733 1615; x_wconf 85' lang='grc' dir='ltr'><strong><em>ό</em></strong></span> <span class='ocrx_word' id='word_1_109' title='bbox 746 1547 820 1625; x_wconf 89' lang='grc' dir='ltr'><strong><em>θεδς</em></strong></span> <span class='ocrx_word' id='word_1_110' title='bbox 834 1547 886 1614; x_wconf 85' lang='grc' dir='ltr'><strong><em>τόν</em></strong></span> <span class='ocrx_word' id='word_1_111' title='bbox 899 1547 1027 1634; x_wconf 86' lang='grc' dir='ltr'><strong><em>ούρανόν</em></strong></span> <span class='ocrx_word' id='word_1_112' title='bbox 1041 1551 1092 1614; x_wconf 87' lang='grc' dir='ltr'><strong><em>καί</em></strong></span> <span class='ocrx_word' id='word_1_113' title='bbox 1105 1548 1161 1630; x_wconf 74' lang='grc' dir='ltr'><strong><em>τήν</em></strong></span> <span class='ocrx_word' id='word_1_114' title='bbox 1173 1555 1236 1634; x_wconf 80' lang='grc' dir='ltr'><strong><em>γῆν.</em></strong></span> <span class='ocrx_word' id='word_1_115' title='bbox 1280 1549 1406 1628; x_wconf 81' lang='grc' dir='ltr'><strong><em>Τέσσαρα</em></strong></span> 
     </span>
     <span class='ocr_line' id='line_1_15' title="bbox 261 1645 1406 1736; baseline -0.008 -14"><span class='ocrx_word' id='word_1_116' title='bbox 261 1648 316 1722; x_wconf 85' lang='grc' dir='ltr'><strong><em>οὖν</em></strong></span> <span class='ocrx_word' id='word_1_117' title='bbox 330 1661 420 1718; x_wconf 83' lang='grc' dir='ltr'><strong><em>ταῦτα</em></strong></span> <span class='ocrx_word' id='word_1_118' title='bbox 434 1651 592 1734; x_wconf 80' lang='grc' dir='ltr'><strong><em>ὀνομάσας,</em></strong></span> <span class='ocrx_word' id='word_1_119' title='bbox 614 1649 687 1717; x_wconf 85' lang='grc' dir='ltr'><strong><em>θεάν</em></strong></span> <span class='ocrx_word' id='word_1_120' title='bbox 701 1653 753 1716; x_wconf 85' lang='grc' dir='ltr'><strong><em>καί</em></strong></span> <span class='ocrx_word' id='word_1_121' title='bbox 766 1649 867 1735; x_wconf 77' lang='grc' dir='ltr'><strong><em>άρχίγν,</em></strong></span> <span class='ocrx_word' id='word_1_122' title='bbox 890 1648 1019 1736; x_wconf 87' lang='grc' dir='ltr'><strong><em>ούρανόν</em></strong></span> <span class='ocrx_word' id='word_1_123' title='bbox 1032 1653 1082 1716; x_wconf 85' lang='grc' dir='ltr'><strong><em>καί</em></strong></span> <span class='ocrx_word' id='word_1_124' title='bbox 1097 1658 1162 1734; x_wconf 80' lang='grc' dir='ltr'><strong><em>γῆν,</em></strong></span> <span class='ocrx_word' id='word_1_125' title='bbox 1182 1647 1238 1732; x_wconf 78' lang='grc' dir='ltr'><strong><em>την</em></strong></span> <span class='ocrx_word' id='word_1_126' title='bbox 1252 1645 1406 1734; x_wconf 71' lang='grc' dir='ltr'><strong><em>τετρακτύν</em></strong></span> 
     </span>
     <span class='ocr_line' id='line_1_16' title="bbox 261 1746 1404 1838; baseline -0.007 -16"><span class='ocrx_word' id='word_1_127' title='bbox 261 1755 373 1834; x_wconf 84' lang='grc' dir='ltr'><strong><em>αύτοῖν,</em></strong></span> <span class='ocrx_word' id='word_1_128' title='bbox 396 1751 437 1830; x_wconf 72' lang='grc' dir='ltr'><strong><em>οῖς</em></strong></span> <span class='ocrx_word' id='word_1_129' title='bbox 452 1751 537 1820; x_wconf 81' lang='grc' dir='ltr'><strong><em>αύτοῖ</em></strong></span> <span class='ocrx_word' id='word_1_130' title='bbox 553 1755 685 1838; x_wconf 83' lang='grc' dir='ltr'><strong><em>λέγουσι,</em></strong></span> <span class='ocrx_word' id='word_1_131' title='bbox 709 1752 877 1820; x_wconf 88' lang='grc' dir='ltr'><strong><em>διετύπωσε.</em></strong></span> <span class='ocrx_word' id='word_1_132' title='bbox 922 1755 983 1819; x_wconf 81' lang='grc' dir='ltr'><strong><em>Καὶ</em></strong></span> <span class='ocrx_word' id='word_1_133' title='bbox 1006 1751 1063 1818; x_wconf 69' lang='grc' dir='ltr'><strong><em>4τά</em></strong></span> <span class='ocrx_word' id='word_1_134' title='bbox 1086 1751 1214 1836; x_wconf 84' lang='grc' dir='ltr'><strong><em>α’όρατον</em></strong></span> <span class='ocrx_word' id='word_1_135' title='bbox 1229 1753 1262 1817; x_wconf 82' lang='grc' dir='ltr'><strong><em>δέ</em></strong></span> <span class='ocrx_word' id='word_1_136' title='bbox 1279 1754 1334 1816; x_wconf 84' lang='grc' dir='ltr'><strong><em>καί</em></strong></span> <span class='ocrx_word' id='word_1_137' title='bbox 1352 1746 1404 1813; x_wconf 69' lang='grc' dir='ltr'><strong><em>ὅτό</em></strong></span> 
     </span>
     <span class='ocr_line' id='line_1_17' title="bbox 261 1847 1403 1942; baseline -0.005 -18"><span class='ocrx_word' id='word_1_138' title='bbox 261 1857 437 1942; x_wconf 83' lang='grc' dir='ltr'><strong><em>άπύκρυφον</em></strong></span> <span class='ocrx_word' id='word_1_139' title='bbox 457 1854 549 1938; x_wconf 79' lang='grc' dir='ltr'><strong><em>αὐτῆς</em></strong></span> <span class='ocrx_word' id='word_1_140' title='bbox 570 1855 721 1939; x_wconf 80' lang='grc' dir='ltr'><strong><em>μηνύοντα</em></strong></span> <span class='ocrx_word' id='word_1_141' title='bbox 741 1859 848 1936; x_wconf 86' lang='grc' dir='ltr'><strong><em>εἰπεῖν,</em></strong></span> <span class='ocrx_word' id='word_1_142' title='bbox 877 1854 912 1920; x_wconf 86' lang='grc' dir='ltr'><strong><em>Ἡ</em></strong></span> <span class='ocrx_word' id='word_1_143' title='bbox 932 1858 963 1922; x_wconf 84' lang='grc' dir='ltr'><strong><em>δὲ</em></strong></span> <span class='ocrx_word' id='word_1_144' title='bbox 981 1863 1018 1941; x_wconf 83' lang='grc' dir='ltr'><strong><em>γῆ</em></strong></span> <span class='ocrx_word' id='word_1_145' title='bbox 1039 1847 1075 1938; x_wconf 81' lang='grc' dir='ltr'><strong><em>ἦν</em></strong></span> <span class='ocrx_word' id='word_1_146' title='bbox 1091 1852 1218 1938; x_wconf 84' lang='grc' dir='ltr'><strong><em>άόρατος</em></strong></span> <span class='ocrx_word' id='word_1_147' title='bbox 1234 1857 1286 1920; x_wconf 83' lang='grc' dir='ltr'><strong><em>καί</em></strong></span> <span class='ocrx_word' id='word_1_148' title='bbox 1303 1853 1403 1920; x_wconf 82' lang='grc' dir='ltr'><strong><em>άκατα-</em></strong></span> 
     </span>
     <span class='ocr_line' id='line_1_18' title="bbox 260 1955 1403 2044; baseline -0.007 -17"><span class='ocrx_word' id='word_1_149' title='bbox 260 1963 426 2035; x_wconf 86' lang='grc' dir='ltr'><strong><em>σκεύαστος.</em></strong></span> <span class='ocrx_word' id='word_1_150' title='bbox 479 1956 539 2040; x_wconf 76' lang='grc' dir='ltr'><strong><em>Τὴν</em></strong></span> <span class='ocrx_word' id='word_1_151' title='bbox 567 1959 620 2024; x_wconf 72' lang='grc' dir='ltr'><strong><em>0δέ</em></strong></span> <span class='ocrx_word' id='word_1_152' title='bbox 645 1959 783 2042; x_wconf 86' lang='grc' dir='ltr'><strong><em>δευτέραν</em></strong></span> <span class='ocrx_word' id='word_1_153' title='bbox 812 1958 942 2043; x_wconf 86' lang='grc' dir='ltr'><strong><em>Τετράδα</em></strong></span> <span class='ocrx_word' id='word_1_154' title='bbox 964 1961 1094 2042; x_wconf 83' lang='grc' dir='ltr'><strong><em>γέννημα</em></strong></span> <span class='ocrx_word' id='word_1_155' title='bbox 1121 1956 1240 2044; x_wconf 77' lang='grc' dir='ltr'><strong><em>πραότης</em></strong></span> <span class='ocrx_word' id='word_1_156' title='bbox 1265 1955 1403 2040; x_wconf 82' lang='grc' dir='ltr'><strong><em>Τετράδυς</em></strong></span> 
     </span>
     <span class='ocr_line' id='line_1_19' title="bbox 261 2057 1404 2147; baseline -0.006 -18"><span class='ocrx_word' id='word_1_157' title='bbox 261 2062 357 2138; x_wconf 74' lang='grc' dir='ltr'><strong><em>οὕτως</em></strong></span> <span class='ocrx_word' id='word_1_158' title='bbox 374 2058 463 2126; x_wconf 87' lang='grc' dir='ltr'><strong><em>αύτόν</em></strong></span> <span class='ocrx_word' id='word_1_159' title='bbox 480 2062 625 2146; x_wconf 80' lang='grc' dir='ltr'><strong><em>εἰρηκέναι</em></strong></span> <span class='ocrx_word' id='word_1_160' title='bbox 639 2062 787 2140; x_wconf 87' lang='grc' dir='ltr'><strong><em>θέλουσιν,</em></strong></span> <span class='ocrx_word' id='word_1_161' title='bbox 810 2059 942 2147; x_wconf 81' lang='grc' dir='ltr'><strong><em>άβυσσον</em></strong></span> <span class='ocrx_word' id='word_1_162' title='bbox 955 2058 1142 2142; x_wconf 78' lang='grc' dir='ltr'><strong><em>ὀνομάζοντα,</em></strong></span> <span class='ocrx_word' id='word_1_163' title='bbox 1164 2061 1213 2124; x_wconf 88' lang='grc' dir='ltr'><strong><em>καί</em></strong></span> <span class='ocrx_word' id='word_1_164' title='bbox 1229 2057 1336 2135; x_wconf 84' lang='grc' dir='ltr'><strong><em>σκότος</em></strong></span> <span class='ocrx_word' id='word_1_165' title='bbox 1353 2059 1404 2121; x_wconf 66' lang='lat' dir='ltr'><strong><em>&#39;h</em></strong></span> 
     </span>
     <span class='ocr_line' id='line_1_20' title="bbox 261 2154 1402 2251; baseline -0.006 -20"><span class='ocrx_word' id='word_1_166' title='bbox 261 2170 360 2246; x_wconf 89' lang='grc' dir='ltr'><strong><em>σφίσιν</em></strong></span> <span class='ocrx_word' id='word_1_167' title='bbox 375 2160 486 2241; x_wconf 89' lang='grc' dir='ltr'><strong><em>αύτοῖς,</em></strong></span> <span class='ocrx_word' id='word_1_168' title='bbox 503 2166 555 2229; x_wconf 87' lang='grc' dir='ltr'><strong><em>καί</em></strong></span> <span class='ocrx_word' id='word_1_169' title='bbox 570 2162 662 2246; x_wconf 72' lang='grc' dir='ltr'><strong><em>ὕδωρ,</em></strong></span> <span class='ocrx_word' id='word_1_170' title='bbox 679 2165 730 2228; x_wconf 82' lang='grc' dir='ltr'><strong><em>καί</em></strong></span> <span class='ocrx_word' id='word_1_171' title='bbox 744 2160 776 2227; x_wconf 86' lang='grc' dir='ltr'><strong><em>τό</em></strong></span> <span class='ocrx_word' id='word_1_172' title='bbox 792 2162 1004 2246; x_wconf 77' lang='grc' dir='ltr'><strong><em>ἐπιφερόμενον</em></strong></span> <span class='ocrx_word' id='word_1_173' title='bbox 1016 2170 1056 2251; x_wconf 80' lang='grc' dir='ltr'><strong><em>τῷ</em></strong></span> <span class='ocrx_word' id='word_1_174' title='bbox 1071 2160 1157 2228; x_wconf 86' lang='grc' dir='ltr'><strong><em>ύδατι</em></strong></span> <span class='ocrx_word' id='word_1_175' title='bbox 1169 2169 1293 2244; x_wconf 85' lang='grc' dir='ltr'><strong><em>πνεῦμα.</em></strong></span> <span class='ocrx_word' id='word_1_176' title='bbox 1326 2154 1402 2226; x_wconf 84' lang='grc' dir='ltr'><strong><em>Μεθ’</em></strong></span> 
     </span>
    </p>
   </div>
   <div class='ocr_carea' id='block_1_6' title="bbox 148 2261 1403 2351">
    <p class='ocr_par' dir='ltr' id='par_1_6' title="bbox 148 2261 1403 2351">
     <span class='ocr_line' id='line_1_21' title="bbox 148 2261 1403 2351; baseline -0.009 -17"><span class='ocrx_word' id='word_1_177' title='bbox 148 2341 150 2350; x_wconf 19' lang='lat' dir='ltr'><em>A</em></span> <span class='ocrx_word' id='word_1_178' title='bbox 260 2268 298 2351; x_wconf 75' lang='grc' dir='ltr'><strong><em>ἣν</em></strong></span> <span class='ocrx_word' id='word_1_179' title='bbox 315 2275 367 2349; x_wconf 82' lang='grc' dir='ltr'><strong><em>τῆς</em></strong></span> <span class='ocrx_word' id='word_1_180' title='bbox 385 2265 519 2340; x_wconf 88' lang='grc' dir='ltr'><strong><em>Δεκάδος</em></strong></span> <span class='ocrx_word' id='word_1_181' title='bbox 534 2265 755 2349; x_wconf 87' lang='grc' dir='ltr'><strong><em>μνημονεύοντα</em></strong></span> <span class='ocrx_word' id='word_1_182' title='bbox 772 2271 862 2346; x_wconf 69' lang='grc' dir='ltr'><strong><em>8φοῖς</em></strong></span> <span class='ocrx_word' id='word_1_183' title='bbox 877 2267 982 2350; x_wconf 85' lang='grc' dir='ltr'><strong><em>λέγειν,</em></strong></span> <span class='ocrx_word' id='word_1_184' title='bbox 1014 2267 1066 2330; x_wconf 79' lang='grc' dir='ltr'><strong><em>καὶ</em></strong></span> <span class='ocrx_word' id='word_1_185' title='bbox 1081 2263 1208 2349; x_wconf 75' lang='grc' dir='ltr'><strong><em>ἡμέραν,</em></strong></span> <span class='ocrx_word' id='word_1_186' title='bbox 1238 2265 1291 2329; x_wconf 85' lang='grc' dir='ltr'><strong><em>καί</em></strong></span> <span class='ocrx_word' id='word_1_187' title='bbox 1306 2261 1403 2338; x_wconf 84' lang='grc' dir='ltr'><strong><em>νύκτα,</em></strong></span> 
     </span>
    </p>
   </div>
   <div class='ocr_carea' id='block_1_7' title="bbox 258 2365 1406 3885">
    <p class='ocr_par' dir='ltr' id='par_1_7' title="bbox 258 2365 1406 3885">
     <span class='ocr_line' id='line_1_22' title="bbox 260 2365 1405 2454; baseline -0.004 -20"><span class='ocrx_word' id='word_1_188' title='bbox 260 2367 408 2454; x_wconf 80' lang='grc' dir='ltr'><strong><em>στερέωμά</em></strong></span> <span class='ocrx_word' id='word_1_189' title='bbox 426 2393 456 2432; x_wconf 85' lang='grc' dir='ltr'><strong><em>τε</em></strong></span> <span class='ocrx_word' id='word_1_190' title='bbox 472 2371 523 2434; x_wconf 84' lang='grc' dir='ltr'><strong><em>καί</em></strong></span> <span class='ocrx_word' id='word_1_191' title='bbox 541 2369 667 2453; x_wconf 75' lang='grc' dir='ltr'><strong><em>ἑσπέραν</em></strong></span> <span class='ocrx_word' id='word_1_192' title='bbox 673 2419 681 2448; x_wconf 94' lang='grc'><strong><em>,</em></strong></span> <span class='ocrx_word' id='word_1_193' title='bbox 712 2371 764 2433; x_wconf 78' lang='grc' dir='ltr'><strong><em>καὶ</em></strong></span> <span class='ocrx_word' id='word_1_194' title='bbox 779 2366 797 2434; x_wconf 82' lang='grc' dir='ltr'><strong><em>δ</em></strong></span> <span class='ocrx_word' id='word_1_195' title='bbox 812 2375 940 2432; x_wconf 88' lang='grc' dir='ltr'><strong><em>καλεῖται</em></strong></span> <span class='ocrx_word' id='word_1_196' title='bbox 956 2372 1051 2451; x_wconf 81' lang='grc' dir='ltr'><strong><em>πρωῒ,</em></strong></span> <span class='ocrx_word' id='word_1_197' title='bbox 1081 2365 1174 2452; x_wconf 80' lang='grc' dir='ltr'><strong><em>ξηράν</em></strong></span> <span class='ocrx_word' id='word_1_198' title='bbox 1190 2390 1220 2430; x_wconf 86' lang='grc' dir='ltr'><strong><em>τε</em></strong></span> <span class='ocrx_word' id='word_1_199' title='bbox 1233 2369 1286 2430; x_wconf 83' lang='grc' dir='ltr'><strong><em>καί</em></strong></span> <span class='ocrx_word' id='word_1_200' title='bbox 1301 2367 1405 2430; x_wconf 80' lang='grc' dir='ltr'><strong><em>θάλασ-</em></strong></span> 
     </span>
     <span class='ocr_line' id='line_1_23' title="bbox 261 2465 1406 2560; baseline -0.007 -24"><span class='ocrx_word' id='word_1_201' title='bbox 261 2493 332 2551; x_wconf 89' lang='grc' dir='ltr'><strong><em>σαν,</em></strong></span> <span class='ocrx_word' id='word_1_202' title='bbox 362 2473 403 2535; x_wconf 83' lang='grc' dir='ltr'><strong><em>έττ</em></strong></span> <span class='ocrx_word' id='word_1_203' title='bbox 421 2495 451 2535; x_wconf 91' lang='grc' dir='ltr'><strong><em>τε</em></strong></span> <span class='ocrx_word' id='word_1_204' title='bbox 470 2469 614 2553; x_wconf 76' lang='grc' dir='ltr'><strong><em>βοτάνην,</em></strong></span> <span class='ocrx_word' id='word_1_205' title='bbox 642 2472 693 2535; x_wconf 82' lang='grc' dir='ltr'><strong><em>καὶ</em></strong></span> <span class='ocrx_word' id='word_1_206' title='bbox 711 2470 821 2560; x_wconf 77' lang='grc' dir='ltr'><strong><em>δεκάτῳ</em></strong></span> <span class='ocrx_word' id='word_1_207' title='bbox 838 2469 920 2558; x_wconf 79' lang='grc' dir='ltr'><strong><em>τόπῳ</em></strong></span> <span class='ocrx_word' id='word_1_208' title='bbox 939 2468 995 2536; x_wconf 68' lang='grc' dir='ltr'><strong><em>9τό</em></strong></span> <span class='ocrx_word' id='word_1_209' title='bbox 1012 2467 1111 2547; x_wconf 83' lang='grc' dir='ltr'><strong><em>ξύλον·</em></strong></span> <span class='ocrx_word' id='word_1_210' title='bbox 1142 2467 1221 2534; x_wconf 83' lang='grc' dir='ltr'><strong><em>υύτω</em></strong></span> <span class='ocrx_word' id='word_1_211' title='bbox 1238 2469 1271 2533; x_wconf 82' lang='grc' dir='ltr'><strong><em>δέ</em></strong></span> <span class='ocrx_word' id='word_1_212' title='bbox 1287 2465 1336 2532; x_wconf 85' lang='grc' dir='ltr'><strong><em>διά</em></strong></span> <span class='ocrx_word' id='word_1_213' title='bbox 1351 2472 1406 2529; x_wconf 81' lang='grc' dir='ltr'><strong><em>τοῖν</em></strong></span> 
     </span>
     <span class='ocr_line' id='line_1_24' title="bbox 261 2567 1405 2655; baseline -0.004 -18"><span class='ocrx_word' id='word_1_214' title='bbox 261 2575 333 2638; x_wconf 81' lang='grc' dir='ltr'><strong><em>δέκα</em></strong></span> <span class='ocrx_word' id='word_1_215' title='bbox 355 2570 507 2653; x_wconf 88' lang='grc' dir='ltr'><strong><em>όνομάτων</em></strong></span> <span class='ocrx_word' id='word_1_216' title='bbox 527 2571 596 2648; x_wconf 84' lang='grc' dir='ltr'><strong><em>τούς</em></strong></span> <span class='ocrx_word' id='word_1_217' title='bbox 614 2573 685 2638; x_wconf 83' lang='grc' dir='ltr'><strong><em>δέκα</em></strong></span> <span class='ocrx_word' id='word_1_218' title='bbox 702 2576 825 2648; x_wconf 80' lang='grc' dir='ltr'><strong><em>Αίοῖνας</em></strong></span> <span class='ocrx_word' id='word_1_219' title='bbox 841 2573 1046 2655; x_wconf 86' lang='grc' dir='ltr'><strong><em>μεμηνυκέναι.</em></strong></span> <span class='ocrx_word' id='word_1_220' title='bbox 1093 2579 1153 2654; x_wconf 80' lang='grc' dir='ltr'><strong><em>Τῆς</em></strong></span> <span class='ocrx_word' id='word_1_221' title='bbox 1169 2571 1201 2636; x_wconf 77' lang='grc' dir='ltr'><strong><em>δέ</em></strong></span> <span class='ocrx_word' id='word_1_222' title='bbox 1217 2567 1405 2641; x_wconf 84' lang='grc' dir='ltr'><strong><em>Δυοδεκάδος</em></strong></span> 
     </span>
     <span class='ocr_line' id='line_1_25' title="bbox 261 2669 1405 2763; baseline -0.007 -23"><span class='ocrx_word' id='word_1_223' title='bbox 261 2675 356 2751; x_wconf 77' lang='grc' dir='ltr'><strong><em>οὕτως</em></strong></span> <span class='ocrx_word' id='word_1_224' title='bbox 377 2677 570 2752; x_wconf 85' lang='grc' dir='ltr'><strong><em>έξεικονίσθαι</em></strong></span> <span class='ocrx_word' id='word_1_225' title='bbox 592 2672 660 2758; x_wconf 88' lang='grc' dir='ltr'><strong><em>παρ’</em></strong></span> <span class='ocrx_word' id='word_1_226' title='bbox 682 2673 762 2763; x_wconf 78' lang='grc' dir='ltr'><strong><em>αύτῷ</em></strong></span> <span class='ocrx_word' id='word_1_227' title='bbox 784 2672 838 2758; x_wconf 73' lang='grc' dir='ltr'><strong><em>τὴν</em></strong></span> <span class='ocrx_word' id='word_1_228' title='bbox 856 2673 991 2757; x_wconf 87' lang='grc' dir='ltr'><strong><em>δύναμιν.</em></strong></span> <span class='ocrx_word' id='word_1_229' title='bbox 1025 2671 1132 2738; x_wconf 83' lang='grc' dir='ltr'><strong><em>Ἥλιον</em></strong></span> <span class='ocrx_word' id='word_1_230' title='bbox 1149 2670 1206 2758; x_wconf 85' lang='grc' dir='ltr'><strong><em>γάρ</em></strong></span> <span class='ocrx_word' id='word_1_231' title='bbox 1222 2675 1332 2758; x_wconf 81' lang='grc' dir='ltr'><strong><em>λέγειν,</em></strong></span> <span class='ocrx_word' id='word_1_232' title='bbox 1359 2669 1405 2735; x_wconf 85' lang='grc' dir='ltr'><strong><em>καί</em></strong></span> 
     </span>
     <span class='ocr_line' id='line_1_26' title="bbox 261 2765 1405 2861; baseline -0.006 -19"><span class='ocrx_word' id='word_1_233' title='bbox 261 2775 397 2859; x_wconf 82' lang='grc' dir='ltr'><strong><em>σελήνην,</em></strong></span> <span class='ocrx_word' id='word_1_234' title='bbox 422 2775 543 2861; x_wconf 90' lang='grc' dir='ltr'><strong><em>άστέρας</em></strong></span> <span class='ocrx_word' id='word_1_235' title='bbox 560 2801 590 2841; x_wconf 88' lang='grc' dir='ltr'><strong><em>τε</em></strong></span> <span class='ocrx_word' id='word_1_236' title='bbox 604 2779 656 2842; x_wconf 85' lang='grc' dir='ltr'><strong><em>καί</em></strong></span> <span class='ocrx_word' id='word_1_237' title='bbox 670 2775 808 2861; x_wconf 84' lang='grc' dir='ltr'><strong><em>καιρούς,</em></strong></span> <span class='ocrx_word' id='word_1_238' title='bbox 830 2775 986 2853; x_wconf 76' lang='grc' dir='ltr'><strong><em>ἐνιαυτούς</em></strong></span> <span class='ocrx_word' id='word_1_239' title='bbox 1002 2801 1033 2840; x_wconf 90' lang='grc' dir='ltr'><strong><em>τε</em></strong></span> <span class='ocrx_word' id='word_1_240' title='bbox 1049 2778 1100 2840; x_wconf 86' lang='grc' dir='ltr'><strong><em>καί</em></strong></span> <span class='ocrx_word' id='word_1_241' title='bbox 1117 2773 1208 2857; x_wconf 74' lang='grc' dir='ltr'><strong><em>κύτη,</em></strong></span> <span class='ocrx_word' id='word_1_242' title='bbox 1230 2765 1347 2856; x_wconf 77' lang='grc' dir='ltr'><strong><em>ίχθύας</em></strong></span> <span class='ocrx_word' id='word_1_243' title='bbox 1360 2772 1405 2836; x_wconf 81' lang='grc' dir='ltr'><strong><em>καῖ</em></strong></span> 
     </span>
     <span class='ocr_line' id='line_1_27' title="bbox 262 2875 1404 2964; baseline -0.004 -20"><span class='ocrx_word' id='word_1_244' title='bbox 262 2879 376 2964; x_wconf 78' lang='grc' dir='ltr'><strong><em>ἑρπετά,</em></strong></span> <span class='ocrx_word' id='word_1_245' title='bbox 399 2876 515 2944; x_wconf 89' lang='grc' dir='ltr'><strong><em>πετεινά</em></strong></span> <span class='ocrx_word' id='word_1_246' title='bbox 529 2880 580 2944; x_wconf 83' lang='grc' dir='ltr'><strong><em>καί</em></strong></span> <span class='ocrx_word' id='word_1_247' title='bbox 595 2878 769 2964; x_wconf 84' lang='grc' dir='ltr'><strong><em>τετράποδα,</em></strong></span> <span class='ocrx_word' id='word_1_248' title='bbox 791 2883 886 2960; x_wconf 84' lang='grc' dir='ltr'><strong><em>θηρία</em></strong></span> <span class='ocrx_word' id='word_1_249' title='bbox 899 2905 929 2944; x_wconf 91' lang='grc' dir='ltr'><strong><em>τε</em></strong></span> <span class='ocrx_word' id='word_1_250' title='bbox 944 2881 995 2944; x_wconf 80' lang='grc' dir='ltr'><strong><em>καὶ</em></strong></span> <span class='ocrx_word' id='word_1_251' title='bbox 1014 2879 1107 2944; x_wconf 66' lang='grc' dir='ltr'><strong><em>ῑθίπί</em></strong></span> <span class='ocrx_word' id='word_1_252' title='bbox 1124 2883 1197 2942; x_wconf 83' lang='grc' dir='ltr'><strong><em>πᾶσι</em></strong></span> <span class='ocrx_word' id='word_1_253' title='bbox 1210 2875 1330 2952; x_wconf 76' lang='grc' dir='ltr'><strong><em>τούτοις</em></strong></span> <span class='ocrx_word' id='word_1_254' title='bbox 1342 2878 1404 2939; x_wconf 91' lang='grc' dir='ltr'><strong><em>δυο-</em></strong></span> 
     </span>
     <span class='ocr_line' id='line_1_28' title="bbox 260 2977 1404 3066; baseline -0.005 -20"><span class='ocrx_word' id='word_1_255' title='bbox 260 2983 383 3046; x_wconf 87' lang='grc' dir='ltr'><strong><em>δέκατσν</em></strong></span> <span class='ocrx_word' id='word_1_256' title='bbox 401 2979 453 3046; x_wconf 84' lang='grc' dir='ltr'><strong><em>τόν</em></strong></span> <span class='ocrx_word' id='word_1_257' title='bbox 470 2980 640 3066; x_wconf 83' lang='grc' dir='ltr'><strong><em>άνθρωπον.</em></strong></span> <span class='ocrx_word' id='word_1_258' title='bbox 687 2981 791 3057; x_wconf 81' lang='grc' dir='ltr'><strong><em>Ούτως</em></strong></span> <span class='ocrx_word' id='word_1_259' title='bbox 811 2979 872 3046; x_wconf 88' lang='grc' dir='ltr'><strong><em>ύττδ</em></strong></span> <span class='ocrx_word' id='word_1_260' title='bbox 894 2988 947 3046; x_wconf 83' lang='grc' dir='ltr'><strong><em>τοῦ</em></strong></span> <span class='ocrx_word' id='word_1_261' title='bbox 965 2977 1131 3062; x_wconf 88' lang='grc' dir='ltr'><strong><em>πνεύματος</em></strong></span> <span class='ocrx_word' id='word_1_262' title='bbox 1149 2977 1248 3062; x_wconf 70' lang='grc' dir='ltr'><strong><em>ιιτήν</em></strong></span> <span class='ocrx_word' id='word_1_263' title='bbox 1270 2987 1404 3064; x_wconf 78' lang='grc' dir='ltr'><strong><em>Τριακον·</em></strong></span> 
     </span>
     <span class='ocr_line' id='line_1_29' title="bbox 260 3076 1406 3170; baseline -0.003 -23"><span class='ocrx_word' id='word_1_264' title='bbox 260 3082 335 3148; x_wconf 89' lang='grc' dir='ltr'><strong><em>τάδοι</em></strong></span> <span class='ocrx_word' id='word_1_265' title='bbox 350 3082 399 3148; x_wconf 85' lang='grc' dir='ltr'><strong><em>διά</em></strong></span> <span class='ocrx_word' id='word_1_266' title='bbox 416 3085 573 3158; x_wconf 84' lang='grc' dir='ltr'><strong><em>Μωϋσέως</em></strong></span> <span class='ocrx_word' id='word_1_267' title='bbox 590 3087 727 3170; x_wconf 78' lang='grc' dir='ltr'><strong><em>εἰρῆσθαι</em></strong></span> <span class='ocrx_word' id='word_1_268' title='bbox 740 3083 939 3149; x_wconf 72' lang='grc' dir='ltr'><strong><em>διδάσκουσιν.</em></strong></span> <span class='ocrx_word' id='word_1_269' title='bbox 981 3080 1064 3146; x_wconf 83' lang='grc' dir='ltr'><strong><em>Ἀλλά</em></strong></span> <span class='ocrx_word' id='word_1_270' title='bbox 1078 3081 1137 3165; x_wconf 71' lang='grc' dir='ltr'><strong><em>μὴν</em></strong></span> <span class='ocrx_word' id='word_1_271' title='bbox 1149 3084 1201 3146; x_wconf 88' lang='grc' dir='ltr'><strong><em>καί</em></strong></span> <span class='ocrx_word' id='word_1_272' title='bbox 1215 3078 1269 3146; x_wconf 87' lang='grc' dir='ltr'><strong><em>τόν</em></strong></span> <span class='ocrx_word' id='word_1_273' title='bbox 1282 3076 1406 3146; x_wconf 77' lang='grc' dir='ltr'><strong><em>πλαστάν</em></strong></span> 
     </span>
     <span class='ocr_line' id='line_1_30' title="bbox 259 3181 1406 3272; baseline 0.001 -23"><span class='ocrx_word' id='word_1_274' title='bbox 259 3183 422 3270; x_wconf 85' lang='grc' dir='ltr'><strong><em>άνθρωπον</em></strong></span> <span class='ocrx_word' id='word_1_275' title='bbox 442 3183 505 3250; x_wconf 88' lang='grc' dir='ltr'><strong><em>κατ’</em></strong></span> <span class='ocrx_word' id='word_1_276' title='bbox 526 3184 626 3252; x_wconf 89' lang='grc' dir='ltr'><strong><em>είκόνα</em></strong></span> <span class='ocrx_word' id='word_1_277' title='bbox 646 3193 700 3268; x_wconf 82' lang='grc' dir='ltr'><strong><em>τῆς</em></strong></span> <span class='ocrx_word' id='word_1_278' title='bbox 720 3183 780 3250; x_wconf 82' lang='grc' dir='ltr'><strong><em>άνω</em></strong></span> <span class='ocrx_word' id='word_1_279' title='bbox 797 3185 950 3268; x_wconf 87' lang='grc' dir='ltr'><strong><em>δυνάμεως</em></strong></span> <span class='ocrx_word' id='word_1_280' title='bbox 968 3187 1043 3267; x_wconf 88' lang='grc' dir='ltr'><strong><em>έχειν</em></strong></span> <span class='ocrx_word' id='word_1_281' title='bbox 1061 3187 1093 3250; x_wconf 88' lang='grc' dir='ltr'><strong><em>ίυ</em></strong></span> <span class='ocrx_word' id='word_1_282' title='bbox 1116 3182 1195 3272; x_wconf 82' lang='grc' dir='ltr'><strong><em>αύτρῖ</em></strong></span> <span class='ocrx_word' id='word_1_283' title='bbox 1213 3181 1269 3265; x_wconf 72' lang='grc' dir='ltr'><strong><em>τήν</em></strong></span> <span class='ocrx_word' id='word_1_284' title='bbox 1284 3181 1345 3250; x_wconf 80' lang='grc' dir='ltr'><strong><em>άπδ</em></strong></span> <span class='ocrx_word' id='word_1_285' title='bbox 1360 3189 1406 3263; x_wconf 76' lang='grc' dir='ltr'><strong><em>τῆς</em></strong></span> 
     </span>
     <span class='ocr_line' id='line_1_31' title="bbox 259 3283 1405 3374; baseline -0.005 -21"><span class='ocrx_word' id='word_1_286' title='bbox 259 3295 329 3371; x_wconf 81' lang='grc' dir='ltr'><strong><em>μιᾶς</em></strong></span> <span class='ocrx_word' id='word_1_287' title='bbox 350 3293 490 3371; x_wconf 63' lang='grc' dir='ltr'><strong><em>12πηγῆς</em></strong></span> <span class='ocrx_word' id='word_1_288' title='bbox 508 3287 648 3370; x_wconf 89' lang='grc' dir='ltr'><strong><em>δύναμιν,</em></strong></span> <span class='ocrx_word' id='word_1_289' title='bbox 680 3291 821 3373; x_wconf 85' lang='grc' dir='ltr'><strong><em>ίδρῦοθαι</em></strong></span> <span class='ocrx_word' id='word_1_290' title='bbox 838 3289 870 3354; x_wconf 83' lang='grc' dir='ltr'><strong><em>δέ</em></strong></span> <span class='ocrx_word' id='word_1_291' title='bbox 891 3286 1041 3369; x_wconf 65' lang='grc' dir='ltr'><strong><em>1’ταύτην</em></strong></span> <span class='ocrx_word' id='word_1_292' title='bbox 1062 3288 1094 3352; x_wconf 83' lang='grc' dir='ltr'><strong><em>έν</em></strong></span> <span class='ocrx_word' id='word_1_293' title='bbox 1111 3293 1152 3374; x_wconf 76' lang='grc' dir='ltr'><strong><em>τῷ</em></strong></span> <span class='ocrx_word' id='word_1_294' title='bbox 1169 3283 1243 3350; x_wconf 82' lang='grc' dir='ltr'><strong><em>κατά</em></strong></span> <span class='ocrx_word' id='word_1_295' title='bbox 1260 3284 1315 3350; x_wconf 85' lang='grc' dir='ltr'><strong><em>τάν</em></strong></span> <span class='ocrx_word' id='word_1_296' title='bbox 1333 3284 1405 3370; x_wconf 74' lang='grc' dir='ltr'><strong><em>ἐγκέ-</em></strong></span> 
     </span>
     <span class='ocr_line' id='line_1_32' title="bbox 259 3384 1405 3479; baseline -0.003 -26"><span class='ocrx_word' id='word_1_297' title='bbox 259 3397 353 3468; x_wconf 91' lang='grc' dir='ltr'><strong><em>φαλον</em></strong></span> <span class='ocrx_word' id='word_1_298' title='bbox 371 3389 465 3479; x_wconf 81' lang='grc' dir='ltr'><strong><em>τόπῳ·</em></strong></span> <span class='ocrx_word' id='word_1_299' title='bbox 497 3387 548 3470; x_wconf 85' lang='grc' dir='ltr'><strong><em>άφ’</em></strong></span> <span class='ocrx_word' id='word_1_300' title='bbox 564 3384 601 3472; x_wconf 73' lang='grc' dir='ltr'><strong><em>ἧς</em></strong></span> <span class='ocrx_word' id='word_1_301' title='bbox 617 3388 757 3475; x_wconf 87' lang='grc' dir='ltr'><strong><em>άπορρεῖν</em></strong></span> <span class='ocrx_word' id='word_1_302' title='bbox 773 3389 913 3472; x_wconf 87' lang='grc' dir='ltr'><strong><em>δυνάμεις</em></strong></span> <span class='ocrx_word' id='word_1_303' title='bbox 929 3392 1070 3473; x_wconf 85' lang='grc' dir='ltr'><strong><em>τέσσαρας</em></strong></span> <span class='ocrx_word' id='word_1_304' title='bbox 1085 3386 1146 3455; x_wconf 86' lang='grc' dir='ltr'><strong><em>κατ’</em></strong></span> <span class='ocrx_word' id='word_1_305' title='bbox 1164 3385 1265 3453; x_wconf 87' lang='grc' dir='ltr'><strong><em>είκόνα</em></strong></span> <span class='ocrx_word' id='word_1_306' title='bbox 1280 3395 1334 3470; x_wconf 78' lang='grc' dir='ltr'><strong><em>τῆς</em></strong></span> <span class='ocrx_word' id='word_1_307' title='bbox 1348 3384 1405 3450; x_wconf 75' lang='grc' dir='ltr'><strong><em>άνω</em></strong></span> 
     </span>
     <span class='ocr_line' id='line_1_33' title="bbox 263 3487 1406 3577; baseline -0.003 -21"><span class='ocrx_word' id='word_1_308' title='bbox 263 3490 408 3577; x_wconf 86' lang='grc' dir='ltr'><strong><em>Τετράδος</em></strong></span> <span class='ocrx_word' id='word_1_309' title='bbox 429 3494 609 3574; x_wconf 86' lang='grc' dir='ltr'><strong><em>καλουμένας</em></strong></span> <span class='ocrx_word' id='word_1_310' title='bbox 631 3491 686 3574; x_wconf 79' lang='grc' dir='ltr'><strong><em>τὴν</em></strong></span> <span class='ocrx_word' id='word_1_311' title='bbox 706 3493 758 3574; x_wconf 82' lang='grc' dir='ltr'><strong><em>μέν</em></strong></span> <span class='ocrx_word' id='word_1_312' title='bbox 777 3491 895 3577; x_wconf 75' lang='grc' dir='ltr'><strong><em>όρασινς</em></strong></span> <span class='ocrx_word' id='word_1_313' title='bbox 926 3490 979 3575; x_wconf 69' lang='grc' dir='ltr'><strong><em>τόν</em></strong></span> <span class='ocrx_word' id='word_1_314' title='bbox 996 3493 1028 3556; x_wconf 85' lang='grc' dir='ltr'><strong><em>δέ</em></strong></span> <span class='ocrx_word' id='word_1_315' title='bbox 1046 3488 1157 3574; x_wconf 77' lang='grc' dir='ltr'><strong><em>α’κοήν,</em></strong></span> <span class='ocrx_word' id='word_1_316' title='bbox 1187 3487 1242 3572; x_wconf 71' lang='grc' dir='ltr'><strong><em>τὴν</em></strong></span> <span class='ocrx_word' id='word_1_317' title='bbox 1261 3491 1293 3556; x_wconf 77' lang='grc' dir='ltr'><strong><em>δὲ</em></strong></span> <span class='ocrx_word' id='word_1_318' title='bbox 1309 3493 1406 3574; x_wconf 84' lang='grc' dir='ltr'><strong><em>τρίτην</em></strong></span> 
     </span>
     <span class='ocr_line' id='line_1_34' title="bbox 259 3591 1405 3679; baseline -0.004 -21"><span class='ocrx_word' id='word_1_319' title='bbox 259 3591 415 3679; x_wconf 87' lang='grc' dir='ltr'><strong><em>ύοφρησιυ,</em></strong></span> <span class='ocrx_word' id='word_1_320' title='bbox 437 3596 488 3658; x_wconf 86' lang='grc' dir='ltr'><strong><em>καί</em></strong></span> <span class='ocrx_word' id='word_1_321' title='bbox 503 3593 557 3677; x_wconf 73' lang='grc' dir='ltr'><strong><em>τήν</em></strong></span> <span class='ocrx_word' id='word_1_322' title='bbox 572 3593 710 3679; x_wconf 88' lang='grc' dir='ltr'><strong><em>τετάρτην</em></strong></span> <span class='ocrx_word' id='word_1_323' title='bbox 725 3601 831 3679; x_wconf 86' lang='grc' dir='ltr'><strong><em>γεῦσιν.</em></strong></span> <span class='ocrx_word' id='word_1_324' title='bbox 874 3594 934 3678; x_wconf 73' lang='grc' dir='ltr'><strong><em>Τὴν</em></strong></span> <span class='ocrx_word' id='word_1_325' title='bbox 951 3595 983 3658; x_wconf 83' lang='grc' dir='ltr'><strong><em>δέ</em></strong></span> <span class='ocrx_word' id='word_1_326' title='bbox 996 3592 1143 3679; x_wconf 88' lang='grc' dir='ltr'><strong><em>Ὀγδοάδα</em></strong></span> <span class='ocrx_word' id='word_1_327' title='bbox 1158 3593 1231 3672; x_wconf 87' lang='grc' dir='ltr'><strong><em>φασὶ</em></strong></span> <span class='ocrx_word' id='word_1_328' title='bbox 1245 3591 1405 3674; x_wconf 87' lang='grc' dir='ltr'><strong><em>μηυύεσθαι</em></strong></span> 
     </span>
     <span class='ocr_line' id='line_1_35' title="bbox 258 3692 1405 3781; baseline -0.003 -22"><span class='ocrx_word' id='word_1_329' title='bbox 258 3694 306 3760; x_wconf 80' lang='grc' dir='ltr'><strong><em>διά</em></strong></span> <span class='ocrx_word' id='word_1_330' title='bbox 328 3703 381 3761; x_wconf 86' lang='grc' dir='ltr'><strong><em>τοῦ</em></strong></span> <span class='ocrx_word' id='word_1_331' title='bbox 399 3694 576 3781; x_wconf 78' lang='grc' dir='ltr'><strong><em>Ἀνθρώπου</em></strong></span> <span class='ocrx_word' id='word_1_332' title='bbox 594 3696 704 3774; x_wconf 77' lang='grc' dir='ltr'><strong><em>οὕτως,</em></strong></span> <span class='ocrx_word' id='word_1_333' title='bbox 734 3693 827 3771; x_wconf 86' lang='grc' dir='ltr'><strong><em>άκοάς</em></strong></span> <span class='ocrx_word' id='word_1_334' title='bbox 843 3697 895 3778; x_wconf 75' lang='grc' dir='ltr'><strong><em>μέν</em></strong></span> <span class='ocrx_word' id='word_1_335' title='bbox 913 3695 968 3762; x_wconf 90' lang='grc' dir='ltr'><strong><em>δύο</em></strong></span> <span class='ocrx_word' id='word_1_336' title='bbox 992 3699 1169 3779; x_wconf 78' lang='grc' dir='ltr'><strong><em>14έχοντος,</em></strong></span> <span class='ocrx_word' id='word_1_337' title='bbox 1197 3696 1250 3758; x_wconf 81' lang='grc' dir='ltr'><strong><em>καί</em></strong></span> <span class='ocrx_word' id='word_1_338' title='bbox 1265 3692 1405 3766; x_wconf 84' lang='grc' dir='ltr'><strong><em>τοσαύτας</em></strong></span> 
     </span>
     <span class='ocr_line' id='line_1_36' title="bbox 259 3795 1403 3885; baseline -0.005 -21"><span class='ocrx_word' id='word_1_339' title='bbox 259 3795 392 3882; x_wconf 86' lang='grc' dir='ltr'><strong><em>δράσεις,</em></strong></span> <span class='ocrx_word' id='word_1_340' title='bbox 413 3799 455 3863; x_wconf 82' lang='grc' dir='ltr'><strong><em>έτι</em></strong></span> <span class='ocrx_word' id='word_1_341' title='bbox 469 3823 499 3864; x_wconf 90' lang='grc' dir='ltr'><strong><em>τε</em></strong></span> <span class='ocrx_word' id='word_1_342' title='bbox 514 3797 672 3885; x_wconf 80' lang='grc' dir='ltr'><strong><em>άσφρήσεις</em></strong></span> <span class='ocrx_word' id='word_1_343' title='bbox 687 3801 759 3876; x_wconf 88' lang='grc' dir='ltr'><strong><em>δύο,</em></strong></span> <span class='ocrx_word' id='word_1_344' title='bbox 782 3801 832 3863; x_wconf 86' lang='grc' dir='ltr'><strong><em>καῖ</em></strong></span> <span class='ocrx_word' id='word_1_345' title='bbox 845 3801 952 3880; x_wconf 82' lang='grc' dir='ltr'><strong><em>διπλῆν</em></strong></span> <span class='ocrx_word' id='word_1_346' title='bbox 966 3803 1078 3883; x_wconf 81' lang='grc' dir='ltr'><strong><em>γεῦσιν,</em></strong></span> <span class='ocrx_word' id='word_1_347' title='bbox 1101 3800 1210 3880; x_wconf 83' lang='grc' dir='ltr'><strong><em>πικροῦ</em></strong></span> <span class='ocrx_word' id='word_1_348' title='bbox 1228 3821 1259 3862; x_wconf 91' lang='grc' dir='ltr'><strong><em>τε</em></strong></span> <span class='ocrx_word' id='word_1_349' title='bbox 1276 3797 1327 3861; x_wconf 80' lang='grc' dir='ltr'><strong><em>καί</em></strong></span> <span class='ocrx_word' id='word_1_350' title='bbox 1343 3803 1403 3881; x_wconf 83' lang='grc' dir='ltr'><strong><em>γλυ·</em></strong></span> 
     </span>
    </p>
   </div>
   <div class='ocr_carea' id='block_1_8' title="bbox 257 3982 1401 4600">
    <p class='ocr_par' dir='ltr' id='par_1_8' title="bbox 291 3982 1401 4056">
     <span class='ocr_line' id='line_1_37' title="bbox 291 3982 1401 4056; baseline -0.004 -16"><span class='ocrx_word' id='word_1_351' title='bbox 291 3987 332 4040; x_wconf 77' lang='grc'><strong><em>20.</em></strong></span> <span class='ocrx_word' id='word_1_352' title='bbox 349 3983 454 4053; x_wconf 75' lang='grc' dir='ltr'><strong><em>ἀόρατον</em></strong></span> <span class='ocrx_word' id='word_1_353' title='bbox 472 3991 564 4042; x_wconf 68' lang='lat' dir='ltr'>Pseudo</span> <span class='ocrx_word' id='word_1_354' title='bbox 571 4018 581 4028; x_wconf 92' lang='lat'><strong>·</strong></span> <span class='ocrx_word' id='word_1_355' title='bbox 589 3993 705 4052; x_wconf 81' lang='grc' dir='ltr'><strong><em>Ονίςτιιεε.</em></strong></span> <span class='ocrx_word' id='word_1_356' title='bbox 881 3987 904 4039; x_wconf 88' lang='grc'><strong><em>3.</em></strong></span> <span class='ocrx_word' id='word_1_357' title='bbox 920 3992 993 4039; x_wconf 82' lang='lat' dir='ltr'><strong><em>Verba</em></strong></span> <span class='ocrx_word' id='word_1_358' title='bbox 1008 3987 1033 4040; x_wconf 81' lang='grc' dir='ltr'><strong><em>ἐν</em></strong></span> <span class='ocrx_word' id='word_1_359' title='bbox 1043 3982 1111 4056; x_wconf 66' lang='grc' dir='ltr'><strong><em>άρχῃ·</em></strong></span> <span class='ocrx_word' id='word_1_360' title='bbox 1122 4015 1155 4028; x_wconf 91' lang='lat'><strong><em>-·</em></strong></span> <span class='ocrx_word' id='word_1_361' title='bbox 1168 4013 1197 4026; x_wconf 90' lang='grc'><strong><em>·-</em></strong></span> <span class='ocrx_word' id='word_1_362' title='bbox 1207 4017 1239 4026; x_wconf 95' lang='grc'>-</span> <span class='ocrx_word' id='word_1_363' title='bbox 1251 3987 1296 4040; x_wconf 79' lang='grc' dir='ltr'><strong><em>καλ</em></strong></span> <span class='ocrx_word' id='word_1_364' title='bbox 1309 3985 1354 4052; x_wconf 80' lang='grc' dir='ltr'><strong><em>γῆν</em></strong></span> <span class='ocrx_word' id='word_1_365' title='bbox 1365 3985 1401 4032; x_wconf 80' lang='grc' dir='ltr'><strong><em>δι·</em></strong></span> 
     </span>
    </p>

    <p class='ocr_par' dir='ltr' id='par_1_9' title="bbox 258 4055 1401 4186">
     <span class='ocr_line' id='line_1_38' title="bbox 295 4055 1401 4118; baseline -0.003 -13"><span class='ocrx_word' id='word_1_366' title='bbox 295 4055 352 4106; x_wconf 69' lang='grc' dir='ltr'><strong><em>(λετ.</em></strong></span> <span class='ocrx_word' id='word_1_367' title='bbox 368 4058 425 4108; x_wconf 85' lang='lat' dir='ltr'><strong><em>XV.</em></strong></span> <span class='ocrx_word' id='word_1_368' title='bbox 444 4085 476 4097; x_wconf 91' lang='lat'><strong>—</strong></span> <span class='ocrx_word' id='word_1_369' title='bbox 497 4059 519 4108; x_wconf 88' lang='lat'><strong><em>1.</em></strong></span> <span class='ocrx_word' id='word_1_370' title='bbox 535 4075 559 4110; x_wconf 89' lang='grc' dir='ltr'><strong><em>τι</em></strong></span> <span class='ocrx_word' id='word_1_371' title='bbox 575 4060 651 4108; x_wconf 78' lang='lat' dir='ltr'><strong><em>adieci</em></strong></span> <span class='ocrx_word' id='word_1_372' title='bbox 667 4071 696 4108; x_wconf 79' lang='grc' dir='ltr'><strong><em>τε</em></strong></span> <span class='ocrx_word' id='word_1_373' title='bbox 715 4059 760 4106; x_wconf 76' lang='lat' dir='ltr'><em>Vct.</em></span> <span class='ocrx_word' id='word_1_374' title='bbox 776 4059 814 4108; x_wconf 87' lang='grc' dir='ltr'><strong><em>ίτ-</em></strong></span> <span class='ocrx_word' id='word_1_375' title='bbox 848 4057 980 4106; x_wconf 60' lang='lat' dir='ltr'><strong><em>sacrantur</em></strong></span> <span class='ocrx_word' id='word_1_376' title='bbox 994 4059 1067 4107; x_wconf 77' lang='grc' dir='ltr'><strong><em>ίατδ.</em></strong></span> <span class='ocrx_word' id='word_1_377' title='bbox 1081 4060 1155 4118; x_wconf 72' lang='lat' dir='ltr'><em>princ.</em></span> <span class='ocrx_word' id='word_1_378' title='bbox 1183 4058 1294 4106; x_wconf 81' lang='grc' dir='ltr'><strong><em>Ριίσοῖαε</em></strong></span> <span class='ocrx_word' id='word_1_379' title='bbox 1305 4059 1401 4118; x_wconf 74' lang='lat' dir='ltr'><strong><em>prim</em></strong></span> 
     </span>
     <span class='ocr_line' id='line_1_39' title="bbox 258 4126 1187 4186; baseline -0.004 -12"><span class='ocrx_word' id='word_1_380' title='bbox 258 4129 360 4186; x_wconf 70' lang='lat' dir='ltr'><strong><em>temeto.</em></strong></span> <span class='ocrx_word' id='word_1_381' title='bbox 847 4138 876 4174; x_wconf 84' lang='grc' dir='ltr'><strong><em>το</em></strong></span> <span class='ocrx_word' id='word_1_382' title='bbox 893 4126 986 4174; x_wconf 75' lang='grc' dir='ltr'><strong><em>αδδιδιτ</em></strong></span> <span class='ocrx_word' id='word_1_383' title='bbox 1003 4139 1031 4174; x_wconf 82' lang='grc' dir='ltr'><strong><em>ιτ</em></strong></span> <span class='ocrx_word' id='word_1_384' title='bbox 1047 4126 1098 4174; x_wconf 77' lang='grc' dir='ltr'><strong><em>οοδ</em></strong></span> <span class='ocrx_word' id='word_1_385' title='bbox 1115 4127 1187 4174; x_wconf 70' lang='lat' dir='ltr'><strong><em>Vane.</em></strong></span> 
     </span>
    </p>

    <p class='ocr_par' dir='ltr' id='par_1_10' title="bbox 257 4189 1401 4600">
     <span class='ocr_line' id='line_1_40' title="bbox 291 4189 1401 4260; baseline -0.003 -18"><span class='ocrx_word' id='word_1_386' title='bbox 291 4193 316 4242; x_wconf 71' lang='lat'><strong><em>2.</em></strong></span> <span class='ocrx_word' id='word_1_387' title='bbox 332 4189 564 4260; x_wconf 81' lang='grc' dir='ltr'><strong><em>μεταμορφάζυυοιι</em></strong></span> <span class='ocrx_word' id='word_1_388' title='bbox 575 4195 642 4244; x_wconf 83' lang='lat' dir='ltr'><strong>codd.</strong></span> <span class='ocrx_word' id='word_1_389' title='bbox 654 4196 707 4243; x_wconf 80' lang='lat' dir='ltr'><strong><em>Vm.</em></strong></span> <span class='ocrx_word' id='word_1_390' title='bbox 718 4194 814 4254; x_wconf 73' lang='grc' dir='ltr'><strong><em>λλιδῖρ.</em></strong></span> <span class='ocrx_word' id='word_1_391' title='bbox 881 4189 905 4243; x_wconf 79' lang='grc' dir='ltr'><strong><em>ί.</em></strong></span> <span class='ocrx_word' id='word_1_392' title='bbox 922 4189 950 4244; x_wconf 79' lang='grc' dir='ltr'><strong><em>τέ</em></strong></span> <span class='ocrx_word' id='word_1_393' title='bbox 965 4195 1056 4244; x_wconf 71' lang='lat' dir='ltr'><strong><em>correxi</em></strong></span> <span class='ocrx_word' id='word_1_394' title='bbox 1066 4205 1096 4242; x_wconf 79' lang='grc' dir='ltr'><strong><em>εκ</em></strong></span> <span class='ocrx_word' id='word_1_395' title='bbox 1112 4194 1158 4242; x_wconf 74' lang='grc' dir='ltr'><strong><em>λἰί.</em></strong></span> <span class='ocrx_word' id='word_1_396' title='bbox 1170 4194 1302 4256; x_wconf 80' lang='grc' dir='ltr'><strong><em>ίαίετρττίτ.</em></strong></span> <span class='ocrx_word' id='word_1_397' title='bbox 1336 4191 1401 4250; x_wconf 75' lang='grc' dir='ltr'><strong><em>ῖιιῖςο</em></strong></span> 
     </span>
     <span class='ocr_line' id='line_1_41' title="bbox 259 4257 978 4327; baseline -0.004 -16"><span class='ocrx_word' id='word_1_398' title='bbox 259 4261 357 4322; x_wconf 69' lang='lat' dir='ltr'><strong><em>Paris..</em></strong></span> <span class='ocrx_word' id='word_1_399' title='bbox 380 4265 401 4310; x_wconf 81' lang='grc' dir='ltr'><strong><em>τι</em></strong></span> <span class='ocrx_word' id='word_1_400' title='bbox 417 4262 453 4310; x_wconf 85' lang='grc' dir='ltr'><strong><em>ιδ.</em></strong></span> <span class='ocrx_word' id='word_1_401' title='bbox 469 4265 549 4312; x_wconf 64' lang='lat' dir='ltr'><strong><em>Peleu.</em></strong></span> <span class='ocrx_word' id='word_1_402' title='bbox 584 4259 815 4327; x_wconf 73' lang='grc' dir='ltr'><strong><em>μεταμαρφόζουσιι</em></strong></span> <span class='ocrx_word' id='word_1_403' title='bbox 848 4265 911 4310; x_wconf 78' lang='grc' dir='ltr'><strong><em>ταλαί</em></strong></span> <span class='ocrx_word' id='word_1_404' title='bbox 927 4257 978 4312; x_wconf 85' lang='grc' dir='ltr'><strong><em>τόι.</em></strong></span> 
     </span>
     <span class='ocr_line' id='line_1_42' title="bbox 259 4326 1339 4392; baseline 0 -15"><span class='ocrx_word' id='word_1_405' title='bbox 259 4328 295 4378; x_wconf 87' lang='grc' dir='ltr'><strong><em>εδ.</em></strong></span> <span class='ocrx_word' id='word_1_406' title='bbox 308 4331 382 4389; x_wconf 77' lang='lat' dir='ltr'><strong><em>princ.</em></strong></span> <span class='ocrx_word' id='word_1_407' title='bbox 411 4330 456 4376; x_wconf 82' lang='grc' dir='ltr'><strong><em>λ’τί.</em></strong></span> <span class='ocrx_word' id='word_1_408' title='bbox 468 4332 595 4389; x_wconf 63' lang='lat' dir='ltr'><strong><em>luteam:</em></strong></span> <span class='ocrx_word' id='word_1_409' title='bbox 608 4330 814 4377; x_wconf 72' lang='lat' dir='ltr'>transformantes</span> <span class='ocrx_word' id='word_1_410' title='bbox 881 4331 904 4380; x_wconf 78' lang='lat'><strong><em>5.</em></strong></span> <span class='ocrx_word' id='word_1_411' title='bbox 926 4330 997 4392; x_wconf 79' lang='grc' dir='ltr'><strong><em>λἰιίφο</em></strong></span> <span class='ocrx_word' id='word_1_412' title='bbox 1014 4326 1065 4382; x_wconf 85' lang='grc' dir='ltr'><strong><em>τδν.</em></strong></span> <span class='ocrx_word' id='word_1_413' title='bbox 1100 4331 1180 4380; x_wconf 83' lang='grc' dir='ltr'><strong><em>Οοιῖίί.</em></strong></span> <span class='ocrx_word' id='word_1_414' title='bbox 1195 4331 1246 4380; x_wconf 86' lang='grc' dir='ltr'><strong><em>οοδ.</em></strong></span> <span class='ocrx_word' id='word_1_415' title='bbox 1264 4331 1339 4379; x_wconf 63' lang='grc' dir='ltr'><strong><em>νυκτί.</em></strong></span> 
     </span>
     <span class='ocr_line' id='line_1_43' title="bbox 260 4395 1398 4460; baseline -0.001 -16"><span class='ocrx_word' id='word_1_416' title='bbox 260 4405 385 4460; x_wconf 73' lang='grc' dir='ltr'><strong><em>σοεφῑιαε.</em></strong></span> <span class='ocrx_word' id='word_1_417' title='bbox 412 4397 495 4448; x_wconf 67' lang='lat' dir='ltr'><strong><em>nimus</em></strong></span> <span class='ocrx_word' id='word_1_418' title='bbox 511 4403 532 4447; x_wconf 80' lang='grc' dir='ltr'><strong><em>τί</em></strong></span> <span class='ocrx_word' id='word_1_419' title='bbox 546 4399 629 4447; x_wconf 78' lang='lat' dir='ltr'><strong><em>Fronto</em></strong></span> <span class='ocrx_word' id='word_1_420' title='bbox 642 4399 748 4446; x_wconf 79' lang='grc' dir='ltr'><strong><em>θυοοταε</em></strong></span> <span class='ocrx_word' id='word_1_421' title='bbox 761 4399 815 4446; x_wconf 76' lang='lat' dir='ltr'><strong><em>bene</em></strong></span> <span class='ocrx_word' id='word_1_422' title='bbox 880 4395 905 4448; x_wconf 87' lang='lat'><strong><em>6.</em></strong></span> <span class='ocrx_word' id='word_1_423' title='bbox 923 4395 952 4450; x_wconf 74' lang='grc' dir='ltr'><strong><em>δέ</em></strong></span> <span class='ocrx_word' id='word_1_424' title='bbox 963 4399 1112 4460; x_wconf 74' lang='lat' dir='ltr'><strong><em>particulam,</em></strong></span> <span class='ocrx_word' id='word_1_425' title='bbox 1124 4413 1197 4459; x_wconf 79' lang='grc' dir='ltr'><strong><em>φασιν</em></strong></span> <span class='ocrx_word' id='word_1_426' title='bbox 1209 4400 1263 4460; x_wconf 80' lang='grc' dir='ltr'><strong><em>ίεςίί</em></strong></span> <span class='ocrx_word' id='word_1_427' title='bbox 1278 4399 1323 4447; x_wconf 60' lang='lat' dir='ltr'><strong><em>Veh</em></strong></span> <span class='ocrx_word' id='word_1_428' title='bbox 1332 4397 1398 4448; x_wconf 81' lang='grc' dir='ltr'><strong><em>ίκίιτ·</em></strong></span> 
     </span>
     <span class='ocr_line' id='line_1_44' title="bbox 258 4461 1397 4530; baseline 0 -18"><span class='ocrx_word' id='word_1_429' title='bbox 258 4468 404 4513; x_wconf 77' lang='grc' dir='ltr'><strong><em>τοττιτττυκί</em></strong></span> <span class='ocrx_word' id='word_1_430' title='bbox 416 4461 612 4529; x_wconf 66' lang='grc' dir='ltr'><strong><em>μεθαρμύζαυοι,</em></strong></span> <span class='ocrx_word' id='word_1_431' title='bbox 631 4467 758 4516; x_wconf 60' lang='lat' dir='ltr'><strong><em>Manutius</em></strong></span> <span class='ocrx_word' id='word_1_432' title='bbox 770 4480 814 4530; x_wconf 85' lang='grc' dir='ltr'><strong><em>με·</em></strong></span> <span class='ocrx_word' id='word_1_433' title='bbox 845 4479 914 4527; x_wconf 78' lang='grc' dir='ltr'><strong><em>ητα,</em></strong></span> <span class='ocrx_word' id='word_1_434' title='bbox 931 4467 1060 4527; x_wconf 70' lang='lat' dir='ltr'><strong><em>postulante</em></strong></span> <span class='ocrx_word' id='word_1_435' title='bbox 1077 4468 1188 4515; x_wconf 81' lang='grc' dir='ltr'><strong><em>τιαίιιιίῖσ</em></strong></span> <span class='ocrx_word' id='word_1_436' title='bbox 1202 4469 1298 4527; x_wconf 65' lang='lat' dir='ltr'><strong><em>remim·</em></strong></span> <span class='ocrx_word' id='word_1_437' title='bbox 1312 4480 1341 4515; x_wconf 80' lang='grc' dir='ltr'><strong><em>ετ</em></strong></span> <span class='ocrx_word' id='word_1_438' title='bbox 1352 4476 1397 4512; x_wconf 73' lang='grc' dir='ltr'><strong><em>τοι</em></strong></span> 
     </span>
     <span class='ocr_line' id='line_1_45' title="bbox 257 4529 1398 4600; baseline 0.001 -18"><span class='ocrx_word' id='word_1_439' title='bbox 257 4529 459 4598; x_wconf 77' lang='grc' dir='ltr'><strong><em>ταμτρφάζοιτει</em></strong></span> <span class='ocrx_word' id='word_1_440' title='bbox 475 4529 672 4599; x_wconf 63' lang='grc' dir='ltr'><strong><em>μεθαρμόζουσι.</em></strong></span> <span class='ocrx_word' id='word_1_441' title='bbox 847 4532 972 4600; x_wconf 81' lang='grc' dir='ltr'><strong><em>διυτέραν.</em></strong></span> <span class='ocrx_word' id='word_1_442' title='bbox 1008 4535 1156 4584; x_wconf 65' lang='lat' dir='ltr'><strong><em>numeratur</em></strong></span> <span class='ocrx_word' id='word_1_443' title='bbox 1176 4537 1238 4585; x_wconf 83' lang='grc' dir='ltr'><strong><em>αδτκ</em></strong></span> <span class='ocrx_word' id='word_1_444' title='bbox 1258 4537 1284 4585; x_wconf 70' lang='lat' dir='ltr'><strong><em>in</em></strong></span> <span class='ocrx_word' id='word_1_445' title='bbox 1301 4533 1398 4585; x_wconf 73' lang='grc' dir='ltr'><strong><em>σακίων</em></strong></span> 
     </span>
    </p>
   </div>
   <div class='ocr_carea' id='block_1_9' title="bbox 0 0 1510 4996">
    <p class='ocr_par' dir='ltr' id='par_1_11' title="bbox 0 0 1510 4996">
     <span class='ocr_line' id='line_1_46' title="bbox 0 0 1510 4996; baseline 0 0"><span class='ocrx_word' id='word_1_446' title='bbox 0 0 1510 4996; x_wconf 95' lang='lat' dir='ltr'><strong><em> </em></strong></span> 
     </span>
    </p>
   </div>
  </div>
 </body>
</html>
