3036 4998
343 315 478 366 rauanu
497 275 560 368 nra.
575 318 594 368 ι.
612 315 693 368 ron.
709 317 739 368 ιι.
757 316 856 369 nanu.
872 313 973 367 xxxv.
1176 307 1238 371 359

79 455 154 520 gena
176 454 216 500 ex
237 451 306 500 sese
327 434 393 499 illas
414 433 558 500 eiusmodi
580 455 647 500 esse
666 445 758 521 potet.
804 434 1002 520 Quamobrem
1021 437 1178 523 prophetas
1198 459 1237 504 err

78 538 135 618 iis,
159 537 207 602 vel
224 538 411 616 sacerdotes,
434 537 483 600 vel
500 557 586 620 reges
604 537 747 615 institnit,
771 558 806 601 ae
822 539 989 623 pleraqnea
1006 528 1153 627 prophetis
1167 561 1235 628 pro·

78 639 214 706 mundata
232 638 269 702 de
284 639 342 703 isto
358 639 470 704 sencino
485 640 728 724 interpretantur,
753 640 836 725 quasi
853 641 967 706 illorum
981 641 1096 708 animae
1112 653 1234 708 naturae

76 743 228 807 cniusdam
246 740 423 806 sublimioris
441 741 606 806 extiterint.
640 739 807 825 Quinetiam
823 744 859 807 de
875 743 1052 810 coelestibus
1069 746 1158 810 multa
1174 747 1234 810 dis·

77 855 200 931 putasae
216 841 362 923 Matrem,
395 843 488 928 deque
504 844 611 908 animis
629 865 702 929 qrros
721 846 768 911 vel
790 845 840 908 ille
862 844 911 910 vel
932 846 980 930 qai
996 848 1033 911 ab
1049 847 1099 912 illo
1117 847 1232 912 oriundi

76 957 148 1012 sunt
171 945 383 1032 produxerunt.
437 943 521 1010 Unde
544 957 575 1009 et
598 947 802 1032 prophetarum
826 946 963 1012 vaticinia
988 949 1029 1012 ita
1055 949 1230 1035 partiuntur,

76 1050 220 1134 quaedam
238 1058 270 1112 ot
285 1048 372 1111 effata
388 1045 496 1112 Matris
514 1069 581 1114 esse
600 1049 708 1128 velint,
733 1049 788 1116 alio
806 1049 842 1114 ah
859 1050 988 1130 semine,
1013 1052 1100 1116 aliaa
1121 1047 1232 1118 Concdi-

76 1161 144 1215 lore
160 1151 301 1235 prolecta.
339 1147 438 1238 lpsum
455 1150 543 1214 etiarn
559 1147 654 1216 lasum
671 1151 773 1236 partim
789 1173 806 1214 a
821 1148 978 1217 Salvatore
993 1153 1110 1233 tradita,
1129 1155 1231 1238 partim

74 1237 230 1330 ahiatre,
257 1251 362 1338 partim
380 1252 504 1337 deniqne
523 1274 541 1316 a
559 1247 721 1318 Conditore
738 1254 867 1333 dixisse,
891 1254 919 1317 id
938 1255 1013 1339 qnod
1034 1256 1064 1320 in
1082 1257 1232 1341 sequenti·

74 1357 132 1422 hus
149 1354 347 1420 ostendemus.
394 1351 584 1422 Conditorem
601 1351 673 1420 vero
689 1377 790 1420 eorum
807 1377 882 1441 quaa
897 1376 985 1443 supra
1001 1377 1034 1422 se
1049 1368 1135 1422 eraut
1148 1359 1232 1443 igna-

74 1481 160 1538 rum,
183 1457 221 1522 iis
238 1477 309 1522 sana
327 1477 401 1541 quae
417 1458 710 1522 commemoravimus
728 1457 819 1522 luisse
835 1471 1029 1540 commotum,
1060 1463 1112 1525 sed
1128 1461 1230 1526 eadem

74 1560 290 1646 contempsisse
305 1558 511 1639 nihilominus,
544 1570 574 1623 et
592 1560 666 1624 alias
684 1559 769 1624 aliam
788 1580 856 1626 ease
875 1581 1008 1626 caussam
1028 1561 1227 1642 existimasse,

72 1665 141 1728 sive
157 1661 325 1748 prophetico
341 1660 439 1726 afflatu
452 1661 613 1746 praeditum
628 1663 774 1748 spiritum,
790 1663 866 1747 quod
883 1663 999 1749 proprio
1014 1665 1135 1749 quodam
1150 1673 1231 1730 motu

73 1769 183 1846 cietur,
199 1765 263 1830 sive
279 1763 436 1842 hominem,
451 1764 516 1829 siva
530 1764 706 1828 deteriorum
724 1765 970 1850 complexionem.
999 1763 1034 1832 lu
1049 1787 1141 1853 eaque
1156 1778 1228 1832 tanr-

73 1869 124 1934 diu
143 1867 327 1954 ignoratione
343 1876 491 1932 versatum
509 1866 602 1950 quoad
619 1863 764 1932 Dominus
778 1867 942 1932 advenerit.
989 1866 1083 1936 Simul
1099 1870 1176 1934 euim
1193 1889 1228 1934 ao

72 1967 216 2036 Salvator
230 1969 372 2049 accessit,
396 1968 433 2032 ah
450 1989 486 2032 eo
504 1978 610 2032 cuncto
627 1969 763 2034 didicisse
781 1978 898 2055 putant,
921 1980 951 2036 et
968 1972 1003 2034 ad
1020 1993 1086 2040 curn
1096 1972 1229 2037 libenter

72 2095 140 2138 cum
157 2071 292 2138 omnibus
310 2071 371 2137 suis
389 2071 482 2156 copiis
500 2071 670 2150 transiisse,
695 2093 818 2158 eumque
834 2070 912 2136 illum
931 2093 998 2138 esse
1015 2071 1227 2140 Centurionem

72 2177 123 2263 qui
141 2177 171 2240 in
189 2174 341 2260 evangelio
360 2173 400 2239 ita
415 2171 601 2239 Salvatorem
619 2173 792 2259 alloquitur:
822 2177 895 2238 Nam
912 2187 942 2238 et
956 2197 1009 2258 ego
1026 2181 1056 2238 ιἰι
1073 2197 1132 2242 mea
1146 2189 1227 2258 pate·
1238 2187 1377 2246 neutuna.

71 2291 148 2342 stote
168 2279 258 2342 hodoo
279 2281 398 2352 milites,
421 2288 453 2339 et
469 2299 581 2350 aeroas,
611 2288 639 2340 et
659 2281 849 2359 quodcumque
869 2283 1041 2360 rhrpernuero
1059 2281 1222 2361 perflarunt.
1237 2259 1293 2306 ¹¹⁸⁰·
1306 2259 1328 2312 τ’
1340 2258 1360 2303 ⁸·

73 2382 198 2446 Addunt
214 2381 311 2444 mundi
327 2380 405 2444 illum
424 2378 623 2465 procurationi
638 2380 674 2442 ad
689 2380 825 2444 idoneum
843 2401 934 2464 usqne
951 2390 1064 2467 tempus
1078 2383 1228 2467 praelatu·

71 2505 158 2562 rum,
194 2483 365 2566 praesertim
392 2481 429 2546 oh
453 2479 607 2546 Ecclesiae
631 2482 929 2562 administrationem,
963 2482 1085 2569 eiusque
1107 2483 1226 2572 praemii

72 2585 286 2670 cognitionem,
310 2585 385 2669 quod
402 2584 495 2650 eidem
512 2592 559 2648 eat
573 2583 780 2666 constitutum,
806 2584 940 2652 nimirum
959 2596 991 2650 ut
1006 2587 1041 2651 ad
1057 2582 1165 2650 Matris
1179 2607 1227 2651 sc·

72 2687 317 2754 demerebatur.

162 2890 319 2958 Hominum
339 2912 427 2978 porra
445 2892 502 2956 tria
519 2911 630 2976 genera
646 2901 832 2969 statuuntur,
856 2888 1015 2978 Spiritale,
1043 2890 1223 2971 Terrenum,
1261 2908 1320 2974 cop.

73 2996 233 3074 Animale,
258 3015 331 3080 quae
349 2994 378 3058 in
394 2990 507 3075 Caino,
532 2995 626 3058 Ahala
643 3015 679 3060 ao
693 2992 786 3059 Setho
803 3003 973 3058 cernuntur.
1019 2995 1046 3058 A
1063 2994 1166 3079 quihus
1182 3005 1226 3058 to·
1249 2974 1335 3026 xxv·

72 3101 165 3164 tidem
182 3109 305 3162 naturae
321 3118 379 3162 non
397 3097 455 3160 iam
474 3097 503 3160 in
521 3094 661 3181 singulis,
691 3096 743 3160 sed
762 3116 814 3181 per
830 3116 938 3180 genera
954 3106 1132 3183 propagatae
1146 3105 1224 3160 sont.

70 3200 125 3266 Ex
141 3201 181 3264 iis
198 3198 364 3264 Terrenum
383 3199 570 3283 corruptione
588 3198 725 3276 dissolvi,
749 3197 886 3264 Animole
902 3217 993 3278 vero,
1015 3199 1041 3263 si
1058 3218 1091 3262 se
1109 3197 1229 3283 potiori·

71 3305 129 3368 hos
145 3300 301 3379 dediderit,
326 3301 465 3364 mediocri
480 3301 509 3364 in
525 3301 646 3384 regione
661 3301 883 3386 conquiescere,
903 3299 949 3362 sio
964 3300 1110 3366 deteriora
1125 3301 1226 3386 eligat,

71 3408 107 3470 ad
134 3404 244 3470 similia
265 3405 432 3468 trauslerri.
478 3399 628 3492 Spiritalia
653 3403 797 3488 deniqne,
831 3421 906 3487 quae
928 3402 1043 3488 quidem
1065 3402 1229 3468 Achamoth

72 3507 264 3585 conseverit,
298 3527 338 3570 ex
360 3505 410 3569 illo
432 3517 562 3592 tempore
583 3506 613 3569 in
636 3505 805 3570 hodiernum
828 3525 919 3590 usque
938 3504 1049 3591 piarum
1069 3505 1229 3569 animarum

72 3607 247 3696 disciplinae
270 3608 424 3672 commissa
451 3619 482 3672 et
504 3608 644 3686 educata,
679 3609 754 3692 quod
781 3607 874 3672 adhuc
898 3606 1020 3673 iulantia
1043 3609 1132 3674 missa
1157 3606 1228 3686 sint,

72 3725 180 3801 postea
197 3711 245 3776 uui
263 3711 470 3796 perlectionem
489 3710 591 3794 adepta
609 3710 734 3790 tuerint,
759 3705 923 3776 Salvatoris
939 3710 1064 3795 Angelis
1081 3711 1230 3775 matrimo-

72 3817 124 3881 nio
143 3814 303 3894 collocari,
335 3833 400 3878 oum
419 3813 535 3878 interim
555 3813 671 3878 animae
691 3811 772 3898 ipsae
792 3833 857 3878 oum
878 3809 1040 3878 conditore
1060 3813 1229 3879 necessario

71 4077 114 4140 pai
134 4073 219 4124 hahet:
243 4070 293 4122 iam
318 4085 368 4121 noo
390 4067 524 4120 seeundum
547 4085 636 4120 noum·
704 4070 728 4121 5.
745 4068 871 4136 τραφέντα
887 4071 937 4120 eod.
954 4071 1008 4120 Vra.

73 4142 318 4260 qugmqiesspfflm
335 4131 394 4192 καθ’
409 4134 437 4192 dv
454 4141 524 4188 catat.
704 4135 729 4256 i·
745 4135 919 4259 {scinopodae
935 4139 987 4223 eod.
1002 4139 1059 4260 ἔοι).
1130 4207 1187 4256 Μ
1199 4208 1217 4256 Γ

127 4226 168 4262 ,τ
284 4223 320 4258 ιιι.
722 4225 772 4258 .v
824 4221 854 4260 aa
888 4221 978 4260 τιιιατ
1020 4223 1114 4258 mxv
1208 4221 1229 4256 r·

106 4274 132 4330 l.
151 4281 189 4330 tta
199 4279 288 4326 reuirat
295 4279 384 4338 partlm
394 4289 423 4326 re
433 4277 485 4326 aad.
496 4276 585 4336 Veneto,
598 4277 639 4340 put
671 4275 707 4322 hrt
718 4279 740 4325 et
754 4222 887 4326 eminenti
909 4276 986 4328 noma
994 4221 1100 4328 tttnrtYlvn
1107 4269 1230 4341 μεσότητι

72 4349 144 4398 hahet
156 4340 315 4409 aucupaturi
328 4341 529 4410 amazonarum
543 4357 638 4396 canun-
670 4356 700 4393 cc
714 4346 850 4393 auctoritato
866 4343 918 4396 cod.
934 4343 1017 4394 Veneti.

72 4419 143 4466 trente
163 4413 211 4462 νει.
224 4415 363 4474 tuterprnr,
378 4415 420 4476 pot
435 4409 561 4478 spiritalia
577 4427 637 4461 vero
704 4408 795 4465 talttoa
810 4412 910 4464 αιῑιιιιπι
923 4407 949 4466 dv
964 4407 1088 4478 μεσότητι
1099 4413 1158 4464 delet
1171 4414 1229 4464 lother

71 4480 209 4532 inseminat
223 4479 361 4531 Achamoth
376 4484 451 4532 mnu
486 4481 559 4546 Vulao
575 4483 639 4532 esan
673 4478 806 4530 totumne.

72 4545 90 4608 ἃ
108 4543 140 4605 ἂι
157 4547 325 4616 ιιιιιιισιιιῑρῃ.
