3036 4998
360 323 495 378 aenean
512 324 750 377 einamma.
767 323 867 378 nana.
880 327 967 379 xxx.
1168 317 1230 381 tra

92 441 169 508 vobis
194 442 288 508 iustos
309 442 376 507 iilos
400 443 579 528 praedieari,
609 441 704 528 iisqne
731 463 786 507 vos
811 444 981 528 parentibus
1006 447 1137 532 gloriari.
1180 447 1230 513 Ad

92 543 159 608 haee
180 545 222 608 ita
246 545 441 630 respondent,
473 544 529 608 sibi
552 544 580 608 id
607 565 624 608 a
647 541 767 608 Christo
791 547 978 629 patefactum.
1021 545 1104 633 Ergo
1124 549 1231 614 bonam

91 644 160 727 tegis
183 657 295 731 partem
321 646 532 710 contumeliose
557 647 726 722 traducunt,
756 656 786 709 et
807 643 1000 732 Sampsonem
1019 669 1054 712 aa
1071 641 1228 730 Davidem,

92 743 201 825 Etiam,
222 745 375 812 Etizaeum
396 759 570 831 ceterosque
591 756 744 832 respuunt.

169 845 230 913 Sed
250 870 268 912 a
286 845 405 913 Christo
422 847 539 911 domino
553 847 667 932 penitus
689 847 832 933 impostor
846 849 895 914 iile
910 849 1122 935 manifesteque
1138 851 1376 937 retal-cipxtx.

91 947 171 1028 litur,
202 950 250 1033 qui
274 951 459 1035 depravatam
483 970 598 1012 omnem
618 951 682 1013 eins
703 949 862 1014 doctrinam
885 951 985 1034 paneis
1010 951 1107 1016 verbis
1130 954 1231 1017 redar-

91 1050 166 1134 guit,
192 1071 256 1114 eum
276 1052 316 1114 ita
333 1051 476 1134 loquitur:
502 1055 585 1112 Venit
598 1055 717 1112 Ioannes
731 1057 761 1112 ria
775 1056 820 1121 otu
836 1056 959 1114 iustrtaiae
972 1074 1028 1114 noa
1043 1057 1225 1130 manducans,
1261 1059 1347 1156 ppatffi·

90 1175 174 1234 raeque
191 1154 302 1226 tatem,
325 1164 354 1213 et
366 1157 480 1226 danunt,
503 1156 683 1214 Daemonium
698 1155 799 1228 tator,-
829 1158 906 1216 uenit
917 1155 1003 1234 filiius
1016 1158 1134 1217 tammo
1149 1177 1228 1218 mau-
1291 1144 1298 1167 '

88 1259 192 1316 mam
208 1265 238 1315 at
250 1253 354 1316 damae.
401 1251 486 1336 Quod
509 1253 627 1337 perinde
646 1264 767 1316 nonest
788 1254 986 1340 aeoipiendum
1004 1276 1039 1320 aa
1056 1254 1082 1318 si
1103 1254 1231 1322 ioannes

90 1356 164 1420 nulia
185 1353 304 1418 omnino
323 1374 374 1432 re,
399 1351 535 1418 Christus
555 1354 688 1419 omnibus
712 1356 894 1440 promiscue,
926 1357 1056 1440 adeoque
1078 1356 1230 1441 prohibitis

89 1467 269 1520 imperetur.
315 1453 375 1519 Sed
395 1455 540 1542 scriptura
562 1456 622 1518 vim
639 1455 771 1520 veritatis
790 1458 954 1542 expressit,
978 1465 1010 1522 ut
1029 1479 1086 1522 non
1110 1460 1230 1524 mando·
1360 1529 1371 1552 x

89 1578 156 1621 raas
177 1567 209 1621 et
226 1556 328 1620 bibens
340 1557 415 1620 idem
434 1557 473 1620 sit
487 1578 522 1620 ae
536 1554 675 1621 loannem
693 1557 827 1622 uernibus
843 1561 969 1642 vinoque
985 1580 1043 1622 non
1059 1580 1140 1624 usum
1159 1559 1231 1626 nihii

90 1671 206 1742 praeter
224 1657 353 1722 locustas
370 1678 405 1720 ao
428 1657 485 1722 met
509 1659 622 1738 edisse,
645 1668 678 1722 ut
692 1679 795 1742 apuam
810 1658 926 1722 interim
943 1658 1109 1724 adhibuisse
1130 1662 1231 1725 ereda·

89 1769 145 1824 tur.
190 1758 302 1844 Ecquis
326 1758 420 1822 nescit
439 1756 589 1823 Christum
612 1759 759 1823 dominnm
778 1760 935 1825 excitatum
959 1782 976 1822 a
993 1761 1116 1826 mortuis
1133 1783 1231 1826 rome·

90 1861 187 1926 dissei
211 1861 450 1946 quemadmodum
466 1860 599 1924 veritatis
614 1861 766 1944 evangelia
783 1861 950 1941 continent,
995 1865 1122 1926 Oblatum
1138 1869 1230 1945 eipa-
1241 1887 1381 1945 nuatum

87 1985 146 2024 trem
163 1985 198 2026 ae
219 1967 308 2042 pascui
324 1967 385 2024 arai
398 1965 586 2042 parta'eulam,
618 1966 653 2023 de
676 1964 775 2042 quidus
798 1984 860 2024 eum
882 1969 1077 2028 manducasset
1096 1967 1230 2045 apostolas

85 2071 144 2126 ruat
161 2068 299 2145 relupume
312 2067 455 2144 impertiit.
502 2060 534 2126 ld
551 2063 627 2147 quod
644 2063 681 2126 ad
698 2061 862 2128 Tiberiadis
878 2087 957 2130 mare
972 2066 1058 2146 feeit,
1082 2066 1160 2145 edit,
1183 2067 1228 2129 in·
1249 2090 1364 2136 mmai.

87 2187 184 2249 qnam,
199 2187 235 2229 au
250 2165 407 2229 distribuit.
432 2160 496 2245 Qua
510 2164 545 2227 de
562 2184 594 2227 re
609 2164 729 2248 piurima
742 2165 861 2228 diaenda
878 2166 962 2230 uobis
977 2176 1144 2231 ouourrunt.
1170 2164 1231 2230 Sed

86 2270 120 2331 ad
136 2269 252 2352 putidos
268 2265 332 2330 ittos
349 2265 547 2349 absurdosqne
562 2285 726 2343 sermones,
750 2266 798 2349 qui
814 2266 850 2329 ab
865 2267 935 2351 ipsis
951 2267 1151 2346 instituuntur,
1169 2267 1230 2332 siu·

85 2369 207 2452 gidatim
225 2367 401 2432 refellendos
419 2377 506 2451 atque
523 2366 700 2430 evertendos
722 2367 924 2430 transferenda
941 2366 1025 2432 nobis
1041 2379 1087 2433 est
1102 2368 1208 2432 oratio.

169 2571 219 2635 Aa
240 2570 361 2654 primum
382 2569 418 2632 de
436 2567 571 2648 Christo,
595 2592 653 2634 nou
670 2590 781 2634 memm
800 2569 945 2634 bominem
963 2591 1031 2636 esse
1048 2572 1230 2637 demonstra·
1243 2592 1302 2662 cap.
1317 2593 1379 2645 xx.

83 2671 192 2737 bimus.
237 2669 344 2754 Neque
365 2671 441 2734 enim
465 2671 514 2754 qui
539 2671 609 2734 nihil
633 2672 750 2736 omnino
774 2673 813 2735 sit
834 2683 950 2757 praeter
967 2671 1130 2754 homiuem,
1153 2674 1233 2758 signi

83 2773 181 2838 instar
197 2773 331 2837 exhiberi
349 2774 455 2836 mundo
472 2783 584 2856 potest3
607 2775 683 2856 quod
698 2773 816 2858 spiritns
832 2784 950 2838 serratus
966 2775 1001 2838 de
1011 2769 1130 2839 Christo
1147 2795 1231 2860 prae-

84 2874 179 2953 dixit,
203 2896 269 2938 enm
286 2875 325 2938 ita
340 2874 463 2938 Aahuzo
487 2873 610 2938 loeutus.
627 2885 688 2938 este
718 2879 784 2936 Pete
800 2877 995 2956 tidr'signum:
1018 2875 1069 2938 itio
1086 2897 1158 2940 vero
1180 2895 1231 2961 pe-

84 2987 150 3040 tere
169 2978 362 3051 detrectante,
383 2976 521 3059 propheta
539 2974 675 3052 subiecit,
697 2980 762 3056 Ipra
775 2981 901 3038 domiuus
915 2979 996 3038 dabit
1007 2978 1083 3038 outa
1099 2981 1228 3058 supinum:

83 3100 146 3140 aare
169 3083 252 3158 urigo
276 3081 420 3158 oouarprit.
466 3074 599 3160 Virginis
620 3098 706 3161 porro
726 3077 842 3141 nomine
865 3100 922 3140 non
947 3097 982 3141 ea
1000 3077 1104 3141 mulier
1121 3077 1232 3162 signiti-

83 3191 170 3244 eatnr
188 3199 263 3263 quae
282 3178 431 3264 nupserit,
456 3188 485 3242 et
502 3199 567 3241 oum
587 3179 650 3241 viro
666 3178 820 3242 coniurata
837 3179 892 3257 sit,
916 3181 967 3242 sed
983 3199 1017 3241 ea
1033 3179 1147 3242 demum
1163 3199 1231 3264 pro·

84 3281 147 3364 prie
162 3282 249 3364 virgo
267 3281 372 3344 dieitur
393 3301 466 3365 quae
482 3279 611 3342 divinum
629 3279 749 3344 verbum
773 3279 802 3342 in
818 3299 852 3344 se
868 3279 976 3364 absque
999 3279 1058 3344 utto
1075 3280 1131 3344 viri
1149 3301 1229 3344 eom·

81 3382 174 3468 plexu
191 3380 337 3465 genuerit.
383 3378 630 3463 Quemadmodum
653 3378 758 3444 Esaias
783 3381 839 3444 aiio
863 3381 892 3443 in
911 3380 976 3444 loeo
997 3391 1136 3446 testatur:
1166 3387 1228 3445 Vou
1238 3400 1342 3456 satra,

82 3487 218 3546 maru
232 3505 270 3544 ee
286 3484 371 3556 urbe,
395 3505 482 3544 noae
501 3486 615 3563 templo,
639 3505 696 3544 vau
713 3486 820 3546 dumriai
837 3484 1047 3558 remtuomu,
1071 3486 1228 3546 remitum·

83 3591 121 3647 tis
142 3588 278 3647 ι’πῠιιιῐιὶι.
327 3589 487 3664 Antequam
506 3590 671 3662 parturient
690 3596 821 3666 pmerat,
853 3595 1000 3664 antequam
1023 3590 1132 3648 omai‘et
1149 3589 1231 3648 dolor

76 3698 201 3767 partus,
226 3689 346 3771 effugit,
370 3698 400 3747 et
411 3687 522 3766 peperit
539 3689 701 3746 musculum.
748 3691 817 3764 Quair
836 3689 944 3748 audiuit
959 3707 1079 3766 unquam
1100 3690 1177 3748 tale?
1202 3697 1232 3748 et

80 3794 147 3868 pua's
163 3791 237 3852 uitet
247 3791 314 3850 tuta
325 3790 438 3850 simile?
457 3789 602 3866 Numquid
609 3791 750 3866 partamri't
763 3799 840 3848 terra
854 3791 899 3848 die
913 3809 978 3862 ana,
1000 3799 1030 3848 et
1039 3792 1149 3868 peperit
1160 3810 1237 3868 geu-v

83 3901 138 3951 nna
156 3892 265 3952 minuit
292 3893 358 3969 paria
369 3891 527 3968 perterruit
541 3897 571 3947 et
582 3891 693 3966 pepem’t
704 3890 774 3948 Sion
785 3889 869 3966 fila'os
885 3911 961 3950 saar.
1006 3893 1071 3969 Ego
1088 3910 1152 3950 uero
1166 3892 1234 3950 dedi

80 3995 159 4054 tanc
175 3995 409 4072 amputationem,
432 3999 463 4049 et
476 4009 532 4050 nou
547 3991 693 4050 recordati
702 3999 771 4050 sunt
776 4033 785 4062 ,
810 3991 880 4050 deaut
894 3993 1030 4051 dommus.
1077 3986 1230 4072 Quaenam

80 4089 178 4176 igitur
194 4111 229 4154 ea
245 4103 293 4156 est
308 4089 495 4176 eupeetatiot
525 4088 639 4172 quinam
659 4087 687 4152 hi
703 4089 771 4168 titii,
795 4087 852 4152 nisi
870 4091 944 4174 quod
959 4091 1031 4154 eitra
1050 4089 1230 4176 parturiendi

80 4193 220 4256 laborem
235 4193 319 4275 virgo
342 4190 504 4278 pepererit,
528 4190 604 4274 qnod
622 4209 761 4274 nusquam
780 4200 868 4254 antea
885 4191 1068 4275 eontigerit?
1097 4192 1235 4275 qnodque

79 4324 228 4379 ioannem?
246 4325 320 4376 etiam
334 4325 356 4375 ei
370 4327 473 4376 tonnam
486 4341 531 4392 per
542 4323 643 4374 dolores
675 4339 731 4388 ται,
754 4324 799 4378 unt
818 4323 861 4378 τόι
878 4319 911 4380 δι’
934 4320 1009 4379 adadu
1031 4331 1081 4378 aad
1102 4340 1188 4388 reperio
1211 4331 1233 4377 rt

79 4405 173 4462 partus
191 4393 289 4462 genitus
303 4402 348 4444 est.
382 4395 556 4444 Resdtuendum
571 4396 644 4456 ipitur
675 4395 811 4455 interpretor
832 4397 879 4444 rte:
905 4409 978 4460 quem
998 4393 1066 4473 pund
1083 4393 1153 4461 virgo
1170 4393 1232 4444 citra

76 4465 181 4524 putavit
202 4459 352 4528 γεγένηται,
381 4463 444 4524 quoa
462 4465 533 4511 etiam
556 4463 582 4510 tn
605 4461 643 4510 ad.
676 4469 762 4526 partus
770 4459 883 4511 dolorem
894 4472 1021 4528 pepererat
1035 4460 1102 4530 quod
1113 4477 1232 4528 nusquam

76 4532 181 4582 Petunti
203 4543 338 4592 caprearum
358 4531 434 4580 uideo.
463 4532 513 4594 tipo
528 4525 644 4596 partim·
677 4537 776 4594 partum
790 4539 828 4579 est
842 4529 1232 4597 (tr.e.daum),ettoennemaett.

134 4609 231 4665 cvrpm
243 4608 377 4655 mmet.
390 4607 419 4654 n.
993 4619 1032 4682 18
