3010 5000
317 335 451 386 ιιιιιιιι
469 337 533 386 ιιι.
544 338 563 388 ι.
582 335 664 388 rou.
680 335 725 386 ιιι.
742 335 840 386 naen
855 337 980 388 xxxva.
1161 325 1221 388 493

72 464 120 516 tas
135 453 184 516 ihc
200 450 314 533 David,
339 475 403 518 com
420 476 487 519 eam
502 456 695 520 conscelerati
715 454 848 519 homines
864 467 1110 541 persequerentur
1123 477 1158 520 ac
1173 477 1222 520 ca·

74 554 193 620 iumaiis
215 557 415 636 incesserent,
446 561 558 639 instaur
579 581 658 632 rum,
684 557 793 642 inquit,
819 563 848 619 in
870 563 987 620 matera'u
1005 560 1144 641 prrrj'undi
1163 569 1219 622 etc.

158 656 269 722 Verum
288 660 537 744 quandoquidem,
564 682 581 723 o
599 659 762 739 Heracleo,
788 660 881 744 piacet
897 659 946 723 tihi
963 660 1112 722 materiam
1131 660 1222 724 homi·
1243 667 1301 738 cap.
1320 671 1348 720 ι’.

71 781 140 823 num
157 781 223 824 esse
241 781 383 846 corpora,
408 773 557 846 totamque
573 763 649 826 istud
667 762 851 838 universum,
880 783 989 846 quaero
1005 762 1057 826 abs
1074 772 1102 825 te
1119 762 1222 846 quihus

71 862 106 926 tie
120 863 234 928 caussis
247 863 370 928 animam
387 885 469 929 suam
482 865 623 928 materiae
638 873 755 928 creator
768 864 935 928 inseruerit.
969 860 1002 928 Si
1018 864 1122 928 malum
1137 866 1222 948 igno-

70 965 167 1042 ravit,
191 967 238 1049 qai
254 969 329 1050 quod
346 967 439 1031 moliri
454 968 516 1032 vuit
531 965 647 1051 ignorat
661 967 776 1030 efficere
791 967 908 1031 onrtrino
924 966 993 1031 nihii
1009 977 1113 1051 potest.
1158 965 1222 1030 Ne-

69 1087 128 1151 que
149 1067 224 1131 enim
246 1090 301 1133 nos
318 1069 348 1132 in
366 1069 489 1155 singuiis
505 1069 617 1133 artibus
634 1069 769 1132 molimur
790 1067 932 1153 quippiam
949 1071 1023 1151 quod
1041 1089 1097 1131 non
1115 1069 1222 1132 intehi·

68 1167 178 1252 girnus.
224 1167 368 1256 Quicquid
386 1185 481 1236 autern
501 1172 640 1257 perficere
659 1172 810 1249 volumus,
842 1171 869 1235 id
888 1171 935 1234 diu
954 1180 1021 1234 ante
1037 1172 1218 1250 meditamur,

68 1281 99 1334 et
115 1273 193 1356 quod
214 1275 375 1338 iaciendum
393 1275 590 1359 suscepimus,
622 1273 719 1338 animo
737 1285 804 1336 ante
822 1283 852 1336 et
871 1271 1037 1356 cognitione
1056 1274 1222 1358 complecti·

69 1395 148 1437 mur.
193 1375 283 1460 Atqui
302 1377 461 1440 imbecilles
481 1376 534 1462 ipsi
552 1399 671 1455 sumus,
703 1387 732 1439 et
749 1377 835 1460 longe
855 1397 871 1438 ι
888 1375 985 1438 diviua
1001 1384 1142 1459 potestate
1158 1376 1221 1438 virr-

68 1477 180 1555 cimur,
213 1488 242 1541 et
264 1490 359 1542 tameo
382 1500 434 1563 pro
454 1480 542 1543 insita
563 1480 598 1543 nb
620 1478 668 1542 iho
688 1481 789 1560 generi
809 1479 933 1542 humano
949 1477 1069 1540 solertia
1087 1478 1220 1542 norimus

68 1579 147 1643 istud
168 1591 198 1642 et
217 1591 314 1644 mente
334 1581 519 1666 percipimus.
566 1579 635 1644 Tibi
655 1592 752 1644 autem
771 1579 924 1657 nimirum,
957 1577 1120 1656 Heracleo,
1151 1602 1220 1642 con·

69 1701 157 1744 cessa
178 1681 226 1745 itta
250 1682 388 1746 diviuitas
411 1682 602 1766 intelligentia
623 1681 716 1746 iraudi
741 1682 810 1760 fuit,
842 1684 917 1766 quod
937 1703 994 1744 non
1015 1701 1054 1744 ex
1073 1679 1118 1744 dei
1137 1703 1220 1766 prae-

69 1785 202 1870 scripto,
233 1786 284 1848 sed
309 1807 349 1848 ex
366 1785 492 1870 pessimo
512 1785 599 1848 animi
618 1785 658 1847 tui
677 1785 772 1848 studio
790 1803 933 1848 exercere
949 1783 1027 1846 illam
1045 1783 1218 1847 institueris.

69 1885 136 1950 Hoc
156 1909 244 1950 unum
262 1887 383 1973 insuper
399 1888 485 1952 velim
505 1887 573 1951 mihi
591 1887 786 1970 respondeas,
819 1887 959 1950 undenam
976 1885 1115 1970 spiritalis
1129 1886 1219 1966 iilius,

67 2009 155 2072 quem
174 2001 204 2051 tu
220 1991 389 2054 interiorem
409 1991 553 2054 hominem
572 2010 681 2068 vocas,
707 2009 772 2052 oum
790 1988 905 2052 animali
923 2010 957 2050 ac
974 1987 1133 2067 materiali,
1157 1987 1221 2052 siro

67 2091 200 2154 secundo
215 2113 249 2154 ac
265 2093 364 2172 tertio,
389 2093 589 2176 exteriorique
605 2091 678 2154 adeo
694 2091 821 2168 homine,
846 2089 992 2154 coniuncti
1008 2091 1046 2153 sit
1063 2093 1137 2154 iacta
1152 2112 1221 2152 con·

67 2193 174 2256 cretio.
220 2191 254 2257 st
274 2195 310 2258 de
328 2213 482 2278 supremae
502 2195 635 2272 uirtutis,
669 2193 723 2256 hoc
743 2205 789 2257 est
802 2191 939 2259 Parentis
958 2193 1103 2270 omnium,
1136 2213 1220 2275 quem

67 2293 198 2380 Bythum
221 2296 307 2358 etiarn
330 2317 437 2374 vocas,
471 2295 619 2360 voluutate
640 2305 753 2380 gestum
779 2294 906 2373 dixeris,
938 2317 996 2360 uon
1015 2306 1102 2359 erunt
1119 2295 1219 2376 igitar,

70 2409 100 2460 at
118 2397 229 2460 dictam
249 2408 311 2475 est,
345 2409 464 2462 creatae
482 2397 556 2462 istae
573 2397 748 2482 intimaeque
762 2417 809 2460 res
827 2397 921 2461 omnis
939 2419 1002 2462 cunr
1021 2396 1220 2483 superioribus

69 2499 284 2564 communionis
302 2512 453 2584 expertes,
477 2501 504 2563 id
525 2501 676 2586 ipsumque
695 2501 730 2562 dc
749 2499 876 2584 supremi
893 2497 1027 2562 Parentis
1047 2499 1168 2578 consilio
1185 2519 1221 2561 nc

69 2601 194 2664 coelitus
218 2602 333 2687 delapsa
354 2604 403 2666 itta
423 2602 548 2667 scintiha
568 2613 803 2688 consequentur,
833 2602 881 2686 qui
900 2613 944 2665 est
959 2601 1076 2666 intimus
1094 2603 1142 2665 itte
1159 2601 1221 2686 opi·

68 2703 158 2768 trione
183 2714 231 2767 tua
255 2725 288 2768 ac
310 2705 450 2790 spiritatis
470 2707 566 2770 homo.
613 2703 666 2771 Sin
684 2705 864 2769 conditorem
883 2703 974 2767 mavis
995 2705 1025 2766 io
1046 2704 1161 2768 deiectu
1180 2719 1222 2769 at-

68 2827 123 2889 que
141 2818 276 2890 egestate
291 2809 498 2887 corastitutunr,
528 2821 577 2874 aut
595 2811 657 2874 cius
677 2819 817 2887 matrem,
847 2829 931 2892 quarn
950 2806 1112 2870 Achamoth
1130 2809 1222 2870 uomi-
1271 2803 1273 2808 ’

68 2929 137 2990 aas,
165 2909 224 2974 vim
241 2911 317 2974 iham
337 2910 471 2974 hausisse
490 2912 525 2973 de
541 2912 641 2989 coelo,
666 2910 720 2973 hoe
736 2910 830 2994 ipsura
847 2911 982 2974 videlicet
998 2909 1072 2993 quod
1091 2909 1221 2994 spiritale

67 3021 130 3088 est,
155 3011 290 3094 sequitur
308 3033 401 3095 neque
420 3014 618 3092 conditorem,
651 3033 744 3095 nequo
764 3033 849 3096 quam
867 3022 897 3075 tu
916 3023 1036 3074 matrem
1053 3011 1130 3074 iilius
1148 3033 1221 3074 nun·

67 3133 168 3196 copas,
193 3113 221 3176 in
238 3112 352 3175 deiectu
369 3114 491 3198 amphos
506 3115 728 3197 ignorantinque
745 3113 869 3176 versari.
917 3111 975 3197 Qui
993 3113 1069 3176 enirn
1084 3113 1221 3197 ignorare

67 3213 173 3298 aliquis
193 3225 287 3298 potest
303 3215 385 3278 cuins
400 3217 557 3300 cupiditate
573 3217 704 3279 discitur?
745 3213 823 3278 Nam
841 3216 865 3280 si
883 3215 1018 3292 arantino,
1043 3217 1117 3299 quod
1137 3234 1220 3299 prae·

66 3317 193 3380 stantius
210 3327 255 3379 est
270 3317 429 3395 desiderat,
455 3319 530 3401 quod
547 3318 697 3381 honestam
715 3329 761 3381 est
776 3317 940 3401 bonumque
956 3316 1118 3400 cognoscit.
1161 3315 1220 3399 Quoi

66 3431 163 3482 autem
187 3429 216 3480 et
234 3419 339 3482 honam
360 3419 525 3502 cognitione
548 3421 642 3505 capit,
674 3441 769 3504 nequo
788 3419 849 3482 odit
866 3419 951 3496 ittet,
976 3421 1026 3482 sesi
1046 3419 1171 3504 appetit,
1203 3439 1220 3480 a

67 3520 143 3584 bono
167 3541 348 3604 nequaquam
372 3522 485 3585 ahenas
507 3533 564 3586 est.

151 3619 212 3688 set
230 3643 265 3684 ne
281 3623 310 3685 in
328 3625 536 3708 persequendis
555 3623 710 3707 importuni
726 3624 803 3687 illius
822 3622 975 3686 nebulonis
994 3623 1142 3686 fraudibus
1158 3623 1220 3686 diu·
1239 3633 1298 3700 Cap.
1314 3629 1356 3680 vt.

67 3725 123 3790 tius
140 3725 294 3802 haeream,
318 3725 354 3789 iis
371 3746 445 3809 quae
463 3725 609 3811 proposita
625 3737 694 3788 sunt
710 3747 761 3789 ero
778 3735 943 3788 contentas.
991 3720 1065 3789 Cum
1086 3745 1221 3810 praeser-

67 3827 116 3890 tim
141 3827 190 3890 vel
212 3846 254 3889 ex
277 3827 332 3889 hoo
356 3847 416 3889 ono
437 3827 513 3890 illius
534 3837 713 3890 evanescant
731 3828 862 3904 somnia,
895 3828 969 3911 quoti
988 3847 1074 3890 nemo
1090 3837 1137 3889 est
1152 3825 1220 3909 quin

66 3929 271 3994 universorum
290 3927 435 3992 domiuum
453 3928 558 3992 honum
578 3949 645 3992 esse
664 3931 819 4013 omrriaqoe
837 3940 866 3991 et
890 3929 1060 4013 praevidere
1080 3940 1109 3991 et
1126 3928 1220 3992 moliri

66 4051 153 4114 posse
176 4031 301 4108 sentiat,
334 4042 479 4115 totamque
503 4051 599 4094 rerum
620 4041 751 4094 naturam
775 4031 811 4094 nh
834 4031 882 4093 ttto
903 4032 1047 4094 corrditam
1069 4032 1220 4114 praeclare

66 4133 185 4216 omnino
210 4131 378 4197 fabricatam
405 4131 565 4197 existimet.
612 4131 694 4196 Nihil
720 4134 796 4196 enim
824 4133 933 4218 absque
958 4135 1012 4196 deo
1038 4143 1133 4218 potest
1157 4131 1222 4196 exi-

67 4244 163 4314 stere,
199 4246 399 4320 praeterquam
417 4247 585 4319 peccatum,
619 4235 701 4298 cuius
718 4235 804 4298 radix
820 4246 850 4298 et
866 4237 949 4318 origo
969 4233 1109 4319 principio
1127 4245 1218 4315 caret,

68 4357 162 4422 neque
185 4349 324 4422 perpetuo
348 4347 462 4416 manet,
498 4339 549 4402 scd
572 4339 601 4402 iu
621 4337 793 4422 nobisipsis
812 4335 1097 4401 advcutitiumiaest
1118 4347 1148 4398 et
1167 4357 1220 4400 ex·

99 4489 122 4538 2'.
140 4487 174 4553 δὴ
194 4505 238 4540 om.
255 4492 292 4539 ert.
309 4493 388 4541 Petoa.
694 4487 718 4541 4.
735 4493 800 4540 Libri
816 4494 900 4540 habent
918 4488 1078 4556 συνημμένῳ.

98 4557 122 4607 3.
140 4561 292 4621 tteporoertnr
308 4552 323 4608 ὁ
341 4555 392 4612 ἔσω
409 4552 549 4624 ἄνθρωπος.
693 4560 717 4610 r't.
734 4561 800 4610 saut
815 4561 869 4610 hort
885 4561 968 4610 hahent
985 4555 1080 4626 μητῆρ.
