3036 4998
339 355 589 410 statuuntur.
606 357 686 410 ron.
700 357 732 410 n.
749 357 847 407 nana.
862 357 964 408 xxxr.
1163 348 1224 410 317

80 474 213 540 Homine
230 476 393 560 producens
416 441 534 557 (borum
557 497 630 542 vero
653 476 819 542 coniunctio
841 477 990 542 voluntate
1012 477 1076 541 sola
1098 479 1226 564 perlecta

81 585 139 662 cst)
159 576 324 644 Veritatem
346 579 446 644 edidit.
493 575 577 661 Quae
599 599 635 642 eo
658 580 773 644 nomios
796 578 900 644 merito
922 601 939 644 a
962 580 1098 664 perlectis
1121 581 1226 644 donata

78 695 140 762 est,
164 683 239 768 qnod
257 679 346 748 Matri
363 701 434 748 suae
451 679 523 766 Sige
540 681 636 766 reipsa
653 680 756 744 similis
773 692 864 759 essct,
888 703 962 766 quac
978 705 1017 746 ex
1035 682 1225 746 divisionibus
1263 723 1266 732 Δ

77 786 234 865 luminam,
259 796 316 850 tam
334 785 423 850 maris
441 803 524 869 quarn
544 784 687 860 laminae,
716 783 840 868 idipsum
858 784 979 868 aequale
996 803 1062 848 esso
1079 785 1222 863 voluerat,

78 898 107 953 ut
122 887 154 951 in
171 886 306 952 sensibus
323 887 455 974 exposita
472 885 579 950 lumina
596 885 727 970 dispersa
743 905 795 969 per
808 885 858 948 illa
874 886 937 971 ipsa
953 897 981 950 et
996 887 1110 971 idipsis
1125 886 1161 950 iis
1177 885 1224 970 qui

78 1011 115 1052 ox
132 990 197 1074 ipso
212 1000 242 1054 et
256 989 285 1052 in
300 989 363 1074 ipso
378 997 446 1054 sunt
462 1007 529 1054 sese
544 990 733 1074 patefaceret.
778 983 887 1052 Postea
903 985 1046 1053 Veritatis
1060 985 1225 1054 blaternam

77 1089 246 1156 Pruoiciam
259 1093 410 1175 proterens
423 1101 574 1176 parentem
589 1111 671 1156 suum
687 1089 779 1154 adsui
794 1110 922 1154 amorem
939 1091 1092 1175 pertraxit.
1126 1089 1225 1172 Quare

78 1193 163 1258 ambo
188 1195 354 1278 incorrupta
381 1193 564 1278 copulatione
592 1214 627 1257 ac
653 1213 797 1277 nunquam
822 1203 997 1258 senescente
1019 1191 1225 1256 coniunctione

77 1297 220 1362 commisti
242 1307 320 1362 sunt.
366 1293 449 1360 Unde
467 1293 607 1380 spiritalis
624 1295 745 1358 marium
765 1317 799 1360 ao
815 1295 986 1360 feminarum
1003 1296 1143 1380 quadriga
1159 1315 1226 1380 pro-

78 1399 146 1476 diit,
171 1398 277 1483 prioris
295 1398 415 1464 alterius
435 1397 557 1477 similis,
581 1418 653 1482 qnae
673 1397 709 1462 iis
729 1409 869 1482 quatuor,
894 1397 1003 1483 Bytho,
1026 1395 1111 1482 Sige,
1135 1394 1224 1461 Patre

78 1522 110 1564 ac
131 1499 286 1581 Veritate,
315 1499 478 1564 constabat.
523 1497 675 1564 Posterior
693 1521 763 1564 vero
780 1501 829 1566 illa
848 1521 888 1566 ex
904 1498 993 1565 Patre
1013 1523 1047 1565 ao
1067 1497 1139 1585 Sige
1157 1521 1225 1585 pro·

77 1605 162 1668 ducta
182 1603 253 1666 baec
269 1613 331 1666 estc
356 1600 464 1680 llomo,
489 1599 636 1682 Ecclesia,
662 1598 779 1684 Sermo,
806 1600 887 1666 Vita.
934 1602 1021 1668 Tunc
1037 1603 1226 1689 comprehcn-

78 1704 173 1768 dentis
193 1706 290 1768 omnia
308 1702 397 1790 Bythi
417 1705 568 1768 voluntate
585 1703 681 1768 llomo
698 1714 784 1789 atque
804 1703 937 1770 Ecclesia
958 1716 1144 1790 paternorum
1162 1727 1225 1770 ser-

77 1828 195 1870 monum
212 1827 357 1872 memores
373 1806 557 1891 invicemque
574 1808 727 1892 congressi
741 1805 934 1872 Pruniccrum
950 1805 1078 1872 Marium
1095 1830 1128 1872 ac
1143 1808 1225 1872 lemi-

77 1931 180 1974 norum
196 1907 381 1974 llodecadem
397 1921 599 1994 procrearunt.
644 1907 747 1974 Mares
762 1909 899 1974 videlicet
915 1910 1005 1988 istos,
1029 1907 1222 1988 Paracletum,

76 2009 255 2090 Paternum,
277 2009 461 2098 Maternum,
486 2011 607 2090 Aluum,
630 2009 798 2090 Tbcletnm,
823 2012 897 2096 quod
913 2012 988 2076 idem
1005 2022 1050 2076 est
1065 2033 1099 2076 ac
1115 2013 1223 2092 lumen,

75 2113 338 2180 Ecclesiastioumc
369 2113 493 2178 leminas
514 2134 605 2191 vero,
633 2109 754 2192 Fidem,
781 2111 888 2198 Spem,
913 2111 1091 2194 Caritatem,
1115 2111 1224 2178 intelli·

76 2217 224 2301 gentiam,
256 2213 465 2294 Fortunatam,
495 2213 686 2301 Sapientiam.
733 2213 848 2280 Deinde
867 2213 973 2282 Sermo
992 2237 1027 2280 ao
1045 2215 1116 2282 Vita
1138 2217 1224 2280 etiam

74 2321 128 2403 ipsi
149 2319 244 2384 laudis
263 2339 367 2384 munus
385 2319 554 2402 effingentes
572 2339 672 2382 secum
690 2317 816 2382 invicem
838 2318 997 2382 consociati
1016 2330 1094 2384 sunt.
1141 2315 1225 2401 Quae

75 2423 193 2506 quidem
210 2421 389 2486 consociatio
405 2421 553 2486 voluntate
569 2420 630 2484 sola
645 2432 762 2505 peracta
779 2431 836 2486 est.
878 2418 959 2505 Ergo
974 2421 1050 2486 inter
1064 2441 1131 2484 sese
1146 2441 1225 2484 com-

76 2523 156 2588 misti
172 2519 365 2588 Pruoicorum
380 2521 528 2588 Decedem
545 2543 585 2586 ex
598 2522 727 2586 maribus
746 2542 892 2608 peraeque
907 2543 941 2588 ac
957 2523 1070 2588 leminis
1088 2532 1225 2587 constan-

75 2637 134 2690 tem
157 2636 334 2709 genueruot.
381 2622 473 2692 Cuius
496 2625 524 2688 bi
545 2635 615 2690 sunt
635 2645 748 2688 mares:
776 2621 918 2709 Bythias,
943 2624 1107 2709 Ageratos,
1131 2625 1225 2689 Anto·

75 2729 184 2815 pbyes,
207 2724 354 2812 Unigena‚
379 2725 550 2792 immobilis.
595 2725 635 2790 lli
651 2727 686 2792 ad
703 2726 878 2792 continentis
894 2727 990 2790 omnia
1007 2728 1224 2792 contestandum

74 2831 202 2914 gloriam
224 2829 340 2894 sibimet
358 2828 421 2893 eins
441 2829 661 2915 appellationem
681 2828 857 2893 indiderunt.
902 2827 1044 2895 Feminae
1067 2849 1138 2894 vero
1158 2841 1227 2894 sunt

74 2929 195 3011 blistio,
218 2929 307 3012 Unio,
332 2930 534 3017 temperatio,
558 2929 675 3018 Unitas,
699 2928 854 3016 Voluptas.
901 2928 983 3014 Quae
1000 2951 1101 2996 omues
1118 2933 1153 2996 ad
1174 2931 1225 2996 ho-

75 3055 181 3100 norem
205 3029 292 3119 Siges
314 3033 488 3118 pertinentia
510 3033 653 3098 voeabula
679 3032 814 3096 similiter
836 3046 1023 3119 usurparunt.

163 3131 240 3201 Cum
258 3135 349 3220 igitur
364 3135 515 3202 absolutus
537 3135 592 3200 boc
613 3135 698 3200 modo
720 3131 862 3199 Veritatis
882 3137 1010 3222 parentis
1030 3136 1359 3212 Triocnariuscop.v1.

76 3243 173 3318 locet,
198 3259 282 3322 quem
301 3237 410 3302 terreni
429 3238 561 3302 homines
576 3237 746 3322 ignorantes
762 3249 932 3318 numerant,
958 3250 986 3302 et
1001 3259 1065 3304 cum
1080 3239 1115 3302 ad
1131 3238 1224 3324 ipsum

76 3340 287 3426 pervenerint,
318 3340 397 3404 nullo
423 3341 545 3426 amplius
567 3350 684 3424 roperto
707 3359 845 3418 numero,
879 3340 985 3404 iterato
1008 3341 1036 3404 in
1059 3361 1126 3406 sese
1148 3352 1226 3404 rete-

74 3456 165 3508 xant.
217 3441 368 3508 Eiusmodi
390 3453 486 3508 autem
509 3443 557 3508 ille
577 3454 639 3506 estc
670 3439 801 3528 Bytbns,
835 3438 923 3526 Sige,
954 3439 1060 3522 Pater,
1093 3441 1223 3522 Veritas,

74 3543 193 3624 llomo,
225 3541 377 3624 Ecclesia,
404 3541 526 3624 Sermo,
551 3542 637 3624 Vita,
660 3541 823 3625 Paternus,
845 3541 1017 3624 Maternus,
1040 3543 1224 3623 Paracletus,

74 3647 193 3728 Ainus,
222 3645 383 3726 Theletus,
416 3643 659 3724 Ecclesiasticus,
690 3643 800 3726 Fides,
833 3644 926 3732 Spes,
958 3643 1091 3726 Caritas,
1117 3645 1227 3711 lntelli·

73 3749 191 3834 gentia,
215 3744 391 3830 Fortunata,
415 3747 577 3836 Sapientia,
600 3747 736 3834 Bythias,
761 3748 922 3832 Ageratos,
946 3749 1131 3835 Aratopbyes,
1155 3745 1226 3812 Uni-

73 3872 165 3933 gena,
189 3849 360 3930 immobilis,
384 3849 498 3931 lllistio,
523 3845 674 3936 Cognitio,
700 3849 901 3936 Temperatio‚
925 3847 1043 3930 Unitas,
1068 3850 1223 3936 Voluptas.

73 3951 153 4018 Turn
177 3953 226 4040 qui
244 3953 382 4020 universa
401 3975 514 4020 summa
532 3975 585 4018 sua
606 3953 747 4038 sapientia
770 3953 900 4016 continet
916 3948 1085 4038 Ogdoadem
1104 3954 1224 4017 alteram

73 4055 142 4120 loco
162 4057 270 4142 prioris
289 4057 366 4121 illius
387 4077 422 4120 ac
440 4056 594 4142 primariae
615 4055 813 4141 appellandam
831 4075 898 4120 esse
917 4065 1065 4134 statuens,
1099 4077 1174 4138 quae
1195 4056 1224 4118 in

72 4191 165 4246 νώιων
183 4195 267 4256 reliqui
283 4195 343 4244 librt
704 4191 867 4242 Car.Vl.-·
888 4192 1122 4253 l.1toeodi'otto.,
1140 4193 1228 4242 ettam

107 4261 152 4313 2t.
219 4257 376 4321 πλάσαντες
392 4263 442 4313 eod
458 4263 513 4313 Van.
670 4263 723 4312 edit
737 4264 836 4311 Petenti.
856 4263 890 4312 ln
903 4263 971 4312 codd.
984 4263 1037 4312 Vere
1052 4228 1192 4323 etlttirdtp,
1207 4265 1229 4312 et

106 4329 152 4380 2¹2.
228 4327 331 4382 malama
347 4332 426 4393 eulpa
668 4331 695 4380 in
709 4331 744 4378 ert
759 4332 833 4391 ortae
852 4331 964 4392 scripturn
981 4334 1014 4380 est
1030 4321 1187 4393 teramum

107 4396 153 4448 23.
160 4389 368 4478 doprvobqlemiv
385 4399 469 4448 tabent
482 4411 559 4447 amaea
576 4399 636 4448 libri.
698 4397 722 4446 Ἰ.
737 4398 774 4448 tto
785 4402 932 4448 maererent
944 4399 1071 4448 Gornortua
1081 4402 1102 4448 et
1110 4399 1228 4448 Petoviua.

76 4465 133 4514 t’oo.
149 4453 201 4523 adu,
218 4467 281 4528 quod
295 4468 407 4530 seponto,
424 4469 487 4516 obest
501 4480 518 4514 o
532 4467 582 4516 cod.
596 4467 636 4517 i'a·
672 4459 791 4530 ολογενής
807 4467 890 4515 babent
907 4479 984 4515 omnes
1000 4467 1059 4514 litari.

74 4537 140 4583 neto.
705 4527 785 4584 daal
808 4534 997 4582 desideraturae
1018 4533 1092 4584 odilla.
1127 4535 1228 4586 Tueatur

109 4595 155 4652 tl.
173 4597 210 4662 alc
228 4597 277 4666 τήν
295 4596 370 4664 δόξαν
386 4603 482 4654 conecto
497 4603 615 4656 Petuntur.
672 4531 740 4652 codd.
758 4599 829 4651 totto.
848 4600 923 4652 tract.
939 4601 1036 4666 nanta.
