3008 4996
260 289 322 352 25ss
683 293 806 348 εκαυει
823 295 991 348 οειεειιαιι

259 414 321 500 θήλ
342 415 393 482 καί
410 411 540 499 Ἐφραίμ
558 412 608 478 ἐπλ
624 407 678 494 τήν
692 407 812 496 ,ὀρεινήν
827 408 1009 500 άνεργομένςο
1028 409 1089 479 άπδ
1105 419 1158 497 τῆς
1171 410 1329 500 Ἱεριχοῦς,
1358 417 1407 480 καλ
1497 451 1498 480 ι

259 515 460 600 άντιβάλλοντι
475 511 551 600 πρὸς
568 508 659 580 αάτδν
674 514 741 597 περλ
756 518 809 595 τῆς
824 520 879 578 τοῦ
896 521 1026 599 Χριστοῦ
1040 519 1219 601 παρουσίας,
1249 519 1299 582 καλ
1313 513 1405 582 αῦιοῦ
1497 545 1498 552 ¹

260 619 301 703 μή
318 616 522 703 ἀντιλέγοντος.
568 614 751 697 Θαυμάζοντι
769 616 801 679 δέ
817 639 883 696 μοι,
905 618 955 680 καί
972 619 1116 701 ἐρωτῶντι
1132 615 1223 682 αῦτδν
1238 616 1293 700 τήν
1309 621 1404 684 αἰτίαν

262 715 311 804 (ἦν
326 718 381 806 γάρ
396 720 447 784 καλ
460 715 638 800 νομομαθής
649 718 699 782 καλ
714 715 878 798 δυνάμενος
890 714 1054 804 άντιλίγειν)
1068 723 1149 795 τίνος
1160 717 1244 802 χάριν
1258 717 1315 785 οῦκ
1330 718 1404 784 άντι-
1497 727 1498 752 λ

258 824 349 908 λέγει,
380 818 450 884 άλλά
468 823 603 884 πείθεται
619 820 686 902 περί
706 822 836 903 Χριστοῦ
850 815 945 901 Ἰησοῦ
965 827 1018 886 τοῦ
1034 824 1140 906 κυρίου
1160 817 1257 904 ήμῶν,
1287 819 1406 888 άιιοάων

259 923 296 989 τά
311 929 449 1000 τοσαῦτα,
470 917 644 1001 άπεκάλνψέ
658 946 710 1002 μοι
724 922 774 985 καλ
787 912 876 997 οὗτος
891 917 933 997 τίς
947 923 1056 1004 μέλλων
1068 929 1201 988 τελευτᾶν
1214 913 1324 1005 ήκονσε
1338 913 1407 1007 πάρ’

260 1024 359 1092 αὐτῶν
374 1027 416 1100 είς
431 1021 525 1106 άκοήν
541 1021 629 1088 τίτλον
646 1024 676 1087 ἐν
690 1029 866 1110 ψιθυρισμῷ
881 1021 943 1101 ῦτι,
969 1020 1083 1104 Ἰησοῦς
1100 1021 1228 1110 Χριστός
1242 1022 1260 1090 ά
1275 1045 1406 1111 σταυρω-
1497 1079 1498 1108 ,

258 1130 327 1204 θείς
338 1125 405 1204 υίδς
417 1132 472 1192 τοῦ
485 1131 562 1190 θεοῦ
575 1125 669 1206 μέλλει
682 1146 714 1188 σε
729 1127 845 1206 κρίνειν.
886 1122 970 1188 Ἀλλά
982 1123 1074 1190 ταῦτά
1089 1151 1139 1209 μοι
1152 1129 1219 1209 περί
1230 1124 1347 1192 τοῦτον
1358 1129 1407 1191 καλ

260 1227 334 1296 κατά
355 1235 461 1294 τοῦτον
481 1225 533 1292 νῦν
553 1224 641 1311 λόγον
659 1226 791 1290 ἐνταῦθα
812 1250 862 1306 μοι
883 1227 914 1302 ἐξ
929 1223 1074 1310 άληθινῆς
1094 1224 1188 1310 άκοῆς
1203 1233 1406 1313 παρακείσθω.

161 1453 170 1466 ·
193 1473 199 1484 -
221 1429 240 1488 '·
334 1431 402 1498 Ἔτι
417 1431 450 1496 δέ
465 1425 638 1512 δἸάσηπος
653 1429 685 1494 ἐν
700 1425 778 1515 νδσφ
794 1419 848 1510 ήν,
870 1431 921 1494 καί
937 1427 1067 1506 άκοῦσας
1083 1429 1164 1516 παρά
1180 1437 1233 1496 τοῦ
1250 1435 1407 1518 πρεσβοτέ-
1497 1417 1498 1480 Ϊ

261 1561 332 1620 ρου,
354 1531 395 1609 οίς
410 1540 566 1618 προεῖπον,
588 1529 659 1612 μεταλ
672 1536 731 1594 τῦν
746 1527 837 1596 άλλων
850 1528 904 1610 ὅτι,
923 1529 1036 1614 Ἰησοῦς
1054 1531 1182 1616 Χριστός
1196 1555 1226 1598 σε
1240 1545 1346 1619 κρινεῖ,
1367 1538 1408 1600 ἔτι
1497 1613 1498 1616 ¹

262 1633 460 1720 ἐσκληρῦνετο.
500 1629 534 1696 ‘0
556 1632 589 1697 δέ
608 1629 712 1716 κάρτος
731 1631 819 1696 πάλιν
841 1631 917 1716 πρδς
933 1632 1023 1698 αῦτδν
1038 1631 1112 1698 κατά
1128 1632 1181 1718 τήν
1197 1632 1291 1702 αὐτοῦ
1306 1646 1408 1716 φιλαν-
1497 1639 1498 1710 J

260 1741 401 1821 θρωπίυν
415 1731 453 1799 δι’
467 1731 615 1819 δράματος
628 1735 777 1811 ἐνυπνίου,
797 1729 884 1813 Ἰδοῦ,
900 1736 1002 1818 φησὶν,
1025 1737 1114 1818 ίοῦμσί
1130 1757 1171 1814 σε,
1193 1733 1263 1802 άλλά
1279 1735 1409 1814 άναοτάς

262 1845 386 1904 πίστευε.
417 1833 558 1911 Ἀναστάς
572 1835 605 1900 δέ
617 1834 704 1899 πάλιν
715 1832 775 1899 α’πῦ
788 1841 840 1918 τῆς
853 1834 944 1901 νόσου
958 1833 1013 1902 οῦκ
1027 1839 1199 1904 ἐπίστευσεν.
1231 1835 1410 1923 ’Τγιαίνοντι
1497 1885 1498 1920 ,

243 1947 246 1960 '
261 1941 296 2006 δέ
310 1937 390 2026 αὐτῷ
403 1943 537 2019 φαίνεται
551 1933 569 2001 ῦ
582 1935 686 2021 κῦριος
698 1935 785 2001 πάλιν
796 1935 859 2000 κατ’
872 1935 955 2019 ὄναρ,
973 1941 1103 2023 ἐγκαλῶν
1116 1937 1196 2028 αὐτῷ
1207 1937 1245 2006 δι’
1258 1940 1298 2023 ἣν
1312 1945 1410 2007 αίτίαν
1497 1955 1498 1960 ’

139 2062 190 2106 ονε·
206 2048 249 2091 ¹³¹·
263 2038 319 2108 οῦκ
336 2043 510 2106 ἐπίστευσεν.
551 2034 768 2124 Ἐπαγγέλλεται
782 2039 813 2103 δέ
827 2036 906 2126 αὐτῷ
922 2042 1013 2125 λέγων
1028 2037 1047 2106 δ
1064 2040 1168 2126 κύριος
1182 2040 1240 2123 δἐι,
1263 2045 1324 2119 Εἰς
1337 2052 1409 2124 πλη·
1497 2065 1498 2070 ’

263 2146 411 2227 ροφορίαν
427 2144 551 2216 πίστεως
569 2143 598 2204 εί
610 2165 638 2203 τι
653 2137 754 2223 βοῦλει
770 2142 803 2205 ἐν
820 2137 943 2222 ὀνόματί
958 2167 1015 2224 μου
1030 2141 1207 2225 θεοσήμειον
1223 2145 1411 2228 ἐργάσασθαι
1497 2129 1498 2184 λ

263 2242 448 2321 ἐπικάλεσαι,
477 2239 558 2326 κάγοδ
581 2239 703 2322 ποιήσω.
746 2241 937 2324 Μαινόμενος
959 2245 991 2308 δέ
1011 2269 1056 2320 τις
1075 2237 1114 2328 ήν
1134 2247 1167 2310 ἐν
1185 2253 1221 2334 τῇ
1242 2243 1346 2326 πόλει,
1376 2245 1412 2322 ῦς

262 2343 374 2433 γυμνάς
388 2342 442 2426 τήν
457 2342 541 2408 πόλιν
559 2342 685 2432 περιῄει,
716 2345 792 2425 φημί
811 2343 843 2408 δέ
861 2345 892 2408 ἐν
914 2345 1077 2430 Τιβεριάδι,
1106 2347 1157 2411 καλ
1174 2344 1316 2424 πολλάκις
1333 2349 1411 2414 ἐνδι-

264 2444 444 2528 δυσκόμενος
459 2443 512 2527 τήν
527 2447 639 2527 ἐσθῆτα
656 2443 857 2531 διερρήγνυεν,
887 2443 928 2524 οῦς
943 2449 1015 2522 ἐθος
1030 2456 1092 2524 τοῖς
1107 2446 1259 2522 τοιούτοις.
1301 2447 1338 2514 ‘0
1355 2445 1413 2516 οῦν

261 2535 401 2630 Ἰώσηπος
414 2545 593 2630 βουλόμενος
607 2548 638 2610 ἐν
650 2550 736 2635 πείρᾳ
749 2549 885 2633 γενέσθαι
899 2556 952 2614 τοῦ
968 2545 1131 2634 δράματος,
1152 2547 1294 2626 διστάζων
1309 2552 1344 2616 δέ
1359 2555 1413 2629 ἐτι,

264 2653 345 2715 αι’δοῖ
356 2653 506 2732 κατείχετο.
544 2647 773 2732 Παραλαμβάνει
786 2656 859 2735 γοῦν
873 2657 976 2714 τοῦτον
988 2653 1083 2728 ἐνδον,
1098 2652 1148 2716 καλ
1163 2649 1343 2729 ἀποκλείσας
1357 2653 1414 2735 τήν
1497 2651 1498 2708 ἓ

262 2751 377 2834 θήραν,
400 2751 480 2834 ῦδωρ
494 2773 525 2814 τε
538 2747 636 2831 λαβοῦκ
652 2748 759 2832 είςτήν
775 2759 870 2834 χεῖρα,
892 2753 943 2815 καί
958 2756 1123 2837 σφραγίσας
1143 2750 1235 2818 ιαῦτδ
1244 2803 1253 2832 ,
1276 2753 1414 2840 ἐρράντι-
1497 2777 1498 2788 ’

262 2875 312 2918 σεν
329 2854 378 2917 ἐπὶ
394 2849 444 2917 τδν
459 2853 571 2933 ἐμμανῆ
586 2848 763 2936 άνθρωπον,
786 2851 898 2933 φήσας,
918 2849 967 2917 Ἐν
984 2851 1104 2936 σ’νδματι
1120 2861 1174 2921 τοῦ
1187 2852 1284 2937 Ἰησοῦ
1302 2863 1413 2936 Ναζω·
1497 2875 1498 2898 ¹

262 2959 349 3040 ραίου
363 2960 415 3018 τοῦ
431 2952 652 3035 σταυρωθέντος
667 2955 764 3028 ἔξελθε
778 2952 812 3018 τά
829 2952 983 3036 δαιμόνιον
996 2953 1046 3019 (ἐπ’
1062 2953 1169 3034 αῦτοῦ,
1192 2957 1241 3022 καλ
1258 2953 1351 3042 ῦγιής
1366 2961 1416 3044 γέ-
1497 2983 1498 2996 ’

262 3081 355 3137 νηταα
397 3051 429 3118 ‘0
451 3055 483 3119 δέ
502 3051 663 3135 ἅνθρωπος
678 3051 844 3139 άνακράξας
865 3058 938 3142 μέγα
958 3059 1009 3121 καλ
1026 3060 1116 3140 χαμαὶ
1132 3057 1246 3138 πεσεδν,
1277 3057 1416 3145 α’φρίσας
1497 3079 1498 3156 ζ

262 3155 353 3222 πολλά
365 3158 416 3220 καλ
428 3157 619 3241 οπαραγθελς,
635 3157 727 3238 ἔμεινε
740 3155 850 3237 πολλήν
865 3159 945 3239 ὥραν
959 3155 1105 3241 άκίνητος.
1132 3157 1276 3243 Ἰάσηπος
1288 3163 1323 3227 δὲ
1339 3160 1415 3228 ῦπε-
1497 3205 1498 3230 ο

261 3256 349 3340 νόησε
362 3255 415 3323 τδν
426 3255 589 3343 άνθρωπον
601 3255 755 3322 τεθνάναι·
774 3253 792 3322 ά
806 3258 838 3322 δὲ
850 3256 921 3340 μεταλ
933 3257 1013 3342 ῦραν
1024 3260 1254 3348 διατριψάμενος
1267 3261 1302 3327 τά
1315 3265 1414 3343 πρός-
1497 3241 1498 3290 3

262 3385 345 3424 ωπον
365 3357 486 3440 άνέστη,
518 3359 591 3422 Ξκαλ
608 3356 759 3440 θεώμενος
779 3358 833 3441 τήν
855 3363 933 3424 ίδίαν
949 3360 1096 3446 γύμνωσιν
1116 3362 1221 3428 ἕαυτδν
1245 3367 1415 3449 3ἐκρυπτε,

261 3463 310 3526 καί
327 3459 381 3535 τάς
395 3467 492 3544 χεῖρας
507 3461 556 3524 ἐπλ
572 3466 607 3548 τῇ
625 3445 744 3550 αἰσχύνη
762 3463 904 3544 ἐπετίθει,
932 3465 1035 3545 μηκέτι
1049 3467 1150 3549 φέρων
1168 3468 1241 3530 ίδεῖν
1254 3465 1310 3549 τήν
1330 3471 1416 3534 ίδίαν
1497 3527 1498 3538 ,

260 3559 417 3646 γύμνωσιν.
458 3559 585 3644 Ἰμάτιον
601 3561 633 3625 δέ
648 3559 716 3647 παρ’
733 3559 825 3627 αὐτοῦ
840 3570 895 3628 τοῦ
906 3561 1066 3647 Ἰωσήπου,
1095 3567 1126 3642 ἐξ
1143 3558 1183 3630 οἷν
1203 3563 1291 3649 εἶχεν,
1322 3572 1417 3636 ἐνδυ-

259 3665 343 3741 θελς,
372 3665 414 3738 είς
429 3661 605 3727 κατάστασιν
620 3665 762 3742 συνέσεως
777 3665 828 3728 καλ
845 3673 1054 3751 σωφρονισμοῦ
1071 3664 1182 3746 ἐλθοῦν,
1209 3675 1251 3757 τῷ
1268 3692 1299 3732 τε
1319 3668 1418 3758 άνδρλ
1497 3693 1498 3752 ζ

260 3761 352 3828 πολλά
366 3761 572 3849 εὐχαριστήσας
587 3766 639 3829 καλ
653 3772 731 3851 θεῷ,
761 3764 850 3848 γνοῦς
865 3764 911 3831 ῦτι
925 3764 963 3832 δι’
980 3765 1072 3834 αὐτοῦ
1087 3771 1166 3850 ἐκυγε
1180 3775 1234 3851 τῆς
1248 3778 1417 3858 σωτηρίας,

260 3867 292 3931 ἐν
305 3873 341 3954 τῇ
356 3863 436 3931 πόλει
452 3864 601 3948 διεφήμιζε
616 3863 668 3930 τδν
682 3863 790 3950 ἄνδρα,
811 3869 862 3932 καλ
877 3867 1005 3952 γνωστδν
1019 3871 1130 3955 ἐγένετο
1146 3879 1208 3946 τοῖς
1222 3873 1316 3936 ἐκεῖσε
1334 3872 1418 3940 Ἰου-
1497 3909 1498 3922 ¹

260 3968 355 4043 δαίοις
370 3975 455 4034 τοῦτο
473 3966 505 4033 τδ
522 3973 650 4050 σημεῖον.
697 3965 826 4052 Θράλλος
841 3969 873 4033 δέ
889 3967 981 4046 πολῦς
992 3966 1195 4052 ήκολοῦθησεν
1209 3975 1240 4037 ἐν
1254 3981 1291 4061 τῇ
1309 3973 1419 4058 πόλει,
1497 4027 1498 4036 ,

258 4069 399 4153 λεγόντοιν
418 4067 479 4148 ῦτι,
505 4066 653 4150 Ἰοάοηπος
672 4067 708 4132 τά
726 4067 926 4153 γαζοφυλάκια
941 4069 1072 4152 άνοίξας,
1101 4075 1152 4139 καλ
1167 4071 1261 4158 εῦροίν
1279 4099 1418 4164 γεγραμ.

260 4169 347 4251 μένον
366 4167 399 4234 τδ
421 4167 516 4254 ὄνομα
537 4177 591 4236 τοῦ
610 4177 700 4246 θεοῦ,
729 4171 781 4236 καλ
800 4168 962 4256 άναγνοῦς,
990 4183 1095 4256 σημεῖα
1116 4175 1226 4260 μεγάλα
1246 4176 1419 4260 ἐργάζεται.
1497 4201 1498 4224 λ

253 4262 310 4335 Ἠν
332 4271 363 4335 δέ
386 4267 493 4354 άληθές
513 4269 546 4338 τδ
569 4269 619 4335 ὕπ’
640 4269 738 4336 αὐτῶν
754 4271 925 4358 λεγόμενον,
956 4273 1010 4358 οῦχ
1031 4273 1072 4352 οἷς
1089 4275 1120 4341 δέ
1143 4275 1228 4345 αῦτολ
1245 4273 1420 4349 ῦττενῦουν.

295 4425 353 4477 (λιν.
370 4426 405 4476 Χ.
421 4453 455 4465 -
484 4426 506 4478 1.
522 4420 584 4481 αῦτδ
609 4429 658 4478 τοῦ.
674 4430 770 4492 Rhodia.
794 4435 814 4480 ελ
881 4430 906 4481 2.
925 4431 968 4486 καλ
984 4427 1095 4492 ἀναστάς
1111 4431 1156 4486 καὶ
1172 4429 1334 4500 θεασάμενος
1363 4441 1422 4490 ood-
1497 4419 1498 4496 λ

258 4495 313 4544 editi
329 4495 391 4544 λλλτλ
425 4489 453 4546 τδ
472 4487 540 4562 ῦδωρ
558 4497 625 4546 habet
639 4497 690 4546 οοδ.
707 4497 781 4547 λὀλίο.
849 4501 922 4550 Vatia.
