3008 4996
384 347 518 399 rennuit
536 348 596 399 nte.
610 348 629 399 l.
645 348 726 400 Tott
740 349 771 400 li.
788 347 885 400 nunu
901 348 999 398 XXIX.
1201 338 1262 400 235

205 462 292 548 Quod
317 465 431 549 quidem
456 477 657 548 argumentum
682 466 801 530 uberius
824 475 1047 550 pertractatum,
1077 465 1206 551 quisquis
1229 489 1263 531 es
1281 485 1340 552 cap.
1356 485 1386 536 v.

118 567 321 631 studiososid
341 563 472 630 Philonis
493 567 707 632 commentariis
728 567 880 646 iuvenies,
908 587 1002 652 euque
1024 567 1097 632 libro
1120 588 1204 653 quem
1227 571 1263 632 de

117 665 251 732 lemaeie
272 668 436 752 inscripsit,
469 668 517 732 ubi
538 669 652 733 illorum
675 669 753 733 vitae
774 669 952 754 disciplinam
980 691 1015 733 uo
1038 670 1263 755 praenominor·

118 769 257 847 leirena,
289 791 448 853 eorumque
477 771 672 849 monasteria,
704 791 779 855 quae
805 772 840 834 ad
862 769 1025 835 Marianam
1053 772 1184 856 paludem
1207 772 1263 834 uir·

117 891 303 955 eumquaque
325 871 420 957 posita
439 883 510 935 eunt
522 871 692 935 describens
714 893 771 935 nou
786 873 822 934 de
838 873 903 936 aliie
920 872 1003 951 ullis,
1027 893 1110 956 quam
1130 874 1165 936 de
1178 870 1264 936 Chri·

116 972 226 1036 etianie
246 973 302 1036 iata
318 973 460 1036 narrarit.
500 971 576 1038 Nam
594 995 658 1038 enm
678 993 741 1037 eam
759 974 908 1058 regionem
926 974 1079 1040 lustrasset
1100 971 1263 1054 (Mareotes

116 1073 167 1137 hio
183 1074 273 1156 vulgo
287 1075 369 1138 loeus
387 1076 503 1159 dieitur)
521 1086 606 1159 etque
625 1076 660 1137 ed
676 1075 774 1160 ipsos,
798 1095 954 1159 eorumque
971 1075 1146 1140 monasterie
1167 1076 1264 1138 diver

118 1174 227 1253 timet,
251 1196 384 1259 magorum
400 1175 436 1239 ab
452 1176 489 1239 iia
507 1175 657 1240 utilitatem
675 1176 799 1260 aeeepit.
843 1175 960 1240 Etenim
977 1199 1042 1240 eum
1060 1177 1130 1262 ipris
1144 1177 1264 1260 paselea-

118 1277 197 1341 libnu
215 1277 297 1342 feriis
315 1278 381 1342 illue
399 1279 593 1353 admouisset,
618 1298 732 1341 omnem
755 1298 855 1342 eornm
878 1278 955 1342 vitae
977 1279 1119 1342 rationem
1142 1277 1263 1358 diligen·

118 1387 167 1442 ter
184 1377 327 1462 inspexit,
350 1379 576 1462 obremavitqne
591 1380 747 1443 nonnullos
764 1391 853 1444 totam
868 1380 944 1444 illam
959 1390 1174 1444 eneroeauetum
1193 1378 1264 1442 ten-

119 1480 273 1544 dundem
296 1479 360 1542 siue
380 1481 438 1543 ullo
458 1479 523 1544 cibo
548 1480 725 1563 transigere,
756 1482 829 1545 olion
848 1481 968 1546 alternis
993 1483 1072 1546 illum
1092 1481 1193 1544 diebus
1214 1500 1264 1542 eu·

119 1601 209 1665 pera,
234 1581 372 1664 quondam
395 1602 466 1646 veru
482 1582 538 1646 uult
560 1603 725 1666 vesperam.
771 1579 966 1664 Quamobrem
984 1601 1180 1666 quaeeumque
1201 1590 1264 1644 toto

118 1681 171 1744 illo
190 1702 281 1766 opere
295 1704 312 1745 a
328 1681 448 1748 Philone
468 1693 587 1746 tractatu
603 1693 687 1762 sont,
710 1703 745 1746 ea
763 1679 995 1748 comitianorum
1011 1686 1046 1750 ad
1062 1685 1144 1748 tidem
1163 1683 1264 1746 viven-

120 1784 210 1866 dique
224 1783 367 1848 rationem
385 1784 502 1847 omniuo
520 1784 676 1868 pertinent.
722 1781 795 1849 Cum
814 1785 903 1868 igitur
918 1783 1027 1852 leusaei
1043 1797 1111 1850 tuno
1126 1783 1265 1866 temporie

121 1885 309 1965 dicerentur,
332 1885 415 1970 paolo
432 1896 498 1971 pout
517 1905 672 1950 recensum
693 1882 802 1950 Christi
825 1888 950 1964 domini,
974 1899 1123 1972 postquam
1143 1883 1265 1950 lllurons

121 1984 152 2048 in
174 1988 315 2072 Aegypto
336 1987 463 2050 ttvmum
485 1988 605 2051 verbum
625 1987 825 2072 praediouvit,
855 1989 985 2052 nonnulli
1008 2000 1076 2052 tuno
1097 1987 1267 2072 prodierunt

120 2088 320 2172 apostolorum
347 2089 496 2168 arenulae,
527 2086 677 2154 Nazaraei
704 2089 841 2153 videlieet
866 2089 916 2152 ini
936 2090 972 2154 de
996 2091 1099 2174 quidne
1127 2107 1265 2174 praesens

122 2187 274 2253 institutae
301 2202 347 2254 eat
374 2211 483 2254 sermo.
528 2188 621 2252 Erant
647 2189 688 2253 illi
709 2211 819 2274 genere
841 2191 953 2274 quidem
976 2188 1093 2268 ludaei,
1123 2201 1208 2272 atque
1230 2187 1265 2248 ad

123 2289 219 2375 legem
248 2302 279 2354 et
304 2291 555 2356 eirenmeieiouem
584 2292 795 2371 adhaeserant,
827 2293 878 2354 eod
908 2293 1144 2376 quemadmodum
1172 2288 1220 2372 qni
1247 2309 1264 2352 e

121 2393 241 2477 upeetda
263 2394 361 2477 proeul
382 2393 480 2476 iguem
502 2392 662 2478 aspioiuut,
688 2413 782 2476 oeque
799 2393 881 2456 ouius
897 2394 940 2456 rei
953 2394 1065 2477 gratia,
1090 2411 1211 2476 quemve
1229 2389 1264 2453 ed

124 2515 208 2558 nsum
232 2495 286 2558 lnoe
307 2495 471 2558 ioneodium
492 2494 651 2558 excitatum
679 2495 768 2558 luerit
789 2493 903 2574 uniunt,
937 2507 1098 2560 utrumnam
1121 2495 1156 2556 ad
1179 2492 1266 2556 obsu-

124 2596 172 2659 nia
193 2599 361 2680 mouenda,
393 2595 532 2679 eibonque
553 2595 643 2660 riutui
665 2595 897 2680 praeparandos,
928 2617 967 2660 an
990 2607 1021 2660 ut
1042 2595 1149 2658 cremia
1172 2593 1265 2656 arida·

125 2718 182 2781 que
203 2699 348 2782 virgulta,
381 2707 410 2760 ut
432 2698 560 2776 assolet,
592 2707 830 2775 conmemorant,
862 2696 906 2760 eie
926 2697 968 2761 itti
989 2697 1065 2760 istud
1087 2697 1180 2782 ipsum
1201 2693 1266 2756 ini-

127 2799 176 2862 tati
198 2799 373 2884 semetipsos
399 2798 534 2862 ieeeudio
562 2809 816 2884 consumpserunt.
861 2795 1011 2883 Siquidem
1037 2798 1101 2860 nolo
1124 2793 1193 2858 lesu
1214 2815 1267 2858 no-

127 2902 204 2964 mine
225 2902 341 2980 audito,
373 2899 594 2985 oooepeotisque
616 2921 692 2984 quae
721 2899 757 2964 ab
779 2900 918 2984 apostolia
946 2899 1050 2964 derunt
1070 2897 1211 2982 portentis
1231 2916 1267 2959 ao

125 3002 294 3079 miraonlie,
317 3003 347 3064 iu
369 3001 449 3065 illum
472 3012 502 3064 et
523 3002 576 3086 ipsi
594 3021 707 3085 qnoque
728 3001 924 3066 erediderunt.
970 2997 1064 3082 Quem
1086 3019 1151 3062 oum
1166 2995 1268 3060 Naza-

124 3105 182 3167 reti
203 3103 316 3166 seirent
336 3103 366 3165 in
388 3103 512 3188 virginis
535 3113 619 3166 utero
639 3101 785 3186 genitum,
816 3112 902 3186 atque
923 3101 953 3164 in
974 3098 1090 3186 losephi
1106 3100 1194 3162 domo
1214 3119 1267 3162 nu-

127 3205 245 3281 tritum,
270 3214 299 3267 et
316 3204 424 3268 ideireo
442 3202 538 3268 lesum
555 3203 744 3268 Nazarenum
766 3203 796 3266 in
816 3202 968 3286 evangelio
990 3200 1145 3276 nominari,
1168 3217 1267 3283 quem-

125 3306 280 3370 admodum
308 3307 432 3391 apostoli
459 3307 632 3391 loquuntur,
661 3310 753 3368 Iesum
773 3308 955 3366 Nazarenum
976 3309 1065 3366 odom
1086 3301 1266 3382 approbatum
1280 3311 1398 3369 aaran

126 3413 218 3488 εἰμὴ
238 3413 446 3488 comardigum,
471 3427 563 3472 exeo
580 3427 685 3470 nomen
706 3405 763 3469 eibi
784 3406 860 3470 istud
883 3405 1049 3490 imponunt,
1074 3415 1105 3466 ut
1116 3399 1266 3466 Nazaraei

127 3519 288 3586 vorentur,
304 3493 379 3572 'ooo
399 3507 558 3584 Naziraei,
589 3528 663 3591 quae
690 3529 749 3571 vox
777 3506 985 3572 eanotffinatum
1011 3507 1165 3590 signifieat.
1210 3501 1267 3568 ttto

130 3609 207 3673 enim
230 3611 373 3692 qnondam
395 3609 596 3694 primogenitis
617 3609 729 3694 deoque
750 3607 930 3672 oooseeratia
946 3607 1092 3691 dignitatis
1115 3607 1268 3670 honorent

128 3710 260 3788 habitu,
284 3731 404 3794 quorum
425 3731 443 3774 e
464 3731 587 3774 numero
608 3707 771 3795 Sampson,
801 3709 908 3792 aliique
929 3719 994 3792 post
1013 3709 1107 3794 ipsum
1131 3708 1177 3772 vel
1198 3716 1266 3772 ante

128 3810 223 3896 ipsum
245 3813 408 3896 eomplureu
427 3813 603 3876 extiterunt.
646 3810 709 3876 lmo
731 3822 762 3874 et
783 3808 910 3876 loannes
936 3809 1060 3894 baptista
1081 3829 1121 3874 ex
1144 3809 1194 3872 illu
1216 3809 1266 3871 de-

130 3913 291 3976 diuatorum
313 3915 368 3976 deo
389 3912 535 3978 homiuum
557 3933 667 3997 genere
689 3914 760 3992 luit,
791 3912 959 3995 quirinum
987 3922 1038 3976 out
1063 3912 1186 3974 sinerum
1209 3931 1266 3972 noo

129 4011 213 4077 uiuit.
257 4011 328 4076 Fuit
346 4015 424 4078 enim
446 4015 609 4078 hominibus
632 4015 772 4078 eiusmodi
794 4033 893 4078 eornm
916 4013 1047 4096 dignitati
1070 4022 1267 4078 consentanea

131 4115 248 4179 avendi
270 4116 344 4180 ratio
367 4117 535 4181 constitute.

164 4267 189 4319 8.
204 4261 399 4334 ἆφηγιασμένων
429 4271 559 4320 emendatio
584 4275 615 4320 ret
639 4271 684 4320 lou.
750 4263 774 4318 9.
793 4262 911 4334 troppau.
929 4263 990 4320 ulum
1005 4263 1053 4332 γὰρ
1068 4265 1112 4320 καὶ
1126 4269 1175 4318 rod
1192 4269 1266 4317 leuet

132 4335 260 4398 Senum
283 4339 511 4399 ammonentem.
528 4340 601 4387 leuet.
614 4351 683 4398 prur-
752 4339 791 4387 10.
808 4332 912 4400 ὡρίζετο
926 4339 976 4386 rod.
992 4339 1067 4386 tract.

131 4405 186 4452 deae
197 4399 392 4469 ὁφηγιασμένον.
418 4406 474 4455 coe
483 4407 579 4466 ltneutp.
594 4411 615 4456 rt
629 4405 685 4453 editt
753 4405 790 4454 11.
805 4401 865 4458 elim
881 4405 931 4454 eod.
947 4406 1021 4454 tenet.

131 4471 185 4518 dart
198 4465 505 4554 tutentoippppuupduon.
523 4475 633 4522 Petuntur
643 4485 683 4521 rn-
751 4471 790 4526 12
807 4467 826 4536 ri
843 4485 888 4522 om.
904 4472 954 4522 eod.
970 4473 1045 4523 Volet.

131 4540 265 4598 pumuntur
281 4533 373 4600 edrone
389 4533 608 4606 uiprmmuupndumn.
