3018 4994
341 375 475 426 raanan
495 375 556 424 uro.
570 376 589 424 ι.
607 374 688 426 ron.
703 375 733 424 ιι.
758 373 856 424 anan.
874 373 996 424 xxxin.
1180 363 1240 428 ton

89 495 214 573 babeat,
240 515 276 558 oe
294 495 329 558 de
345 493 460 556 bomine
475 493 607 577 quidem,
633 494 737 556 nedum
754 494 860 556 dedeo
877 493 1029 577 quicquam
1045 491 1151 557 audeat
1166 494 1244 558 eins·

89 597 169 661 modi
186 607 327 661 statuere.
366 593 439 659 Mihi
456 617 528 658 vero
544 597 630 658 etiam
648 593 793 659 Homerus
809 595 979 679 prudentior
994 595 1043 660 illo
1059 597 1148 660 luisse
1164 596 1245 660 uide·

90 713 152 778 tur,
170 701 236 763 dum
254 698 409 763 sollicitum
426 693 539 774 lovem,
560 697 697 780 curisque
713 698 877 760 corrlectum
896 709 926 761 et
942 699 1058 778 iratum,
1082 699 1244 762 insomnem

88 812 208 866 noctem
231 802 328 885 egisse
351 799 522 883 descripsit,
552 799 587 862 de
607 799 787 864 Graecorum
807 801 936 884 pernicie
955 801 1149 884 cogitantem,
1179 809 1258 864 cum'

88 913 172 968 esset
192 914 313 988 rogatus
332 923 349 965 ιι
370 901 515 980 Thetide,
548 913 579 964 ut
595 902 630 965 ad
648 901 841 965 ulciscendam
860 901 982 966 Achillis
999 902 1131 966 iniuriam
1149 912 1207 966 tam
1226 923 1243 965 a

89 1004 277 1070 Graecorum
299 1004 477 1091 principibus
498 1025 582 1088 quam
603 1003 728 1068 Graecis
748 1004 817 1088 ipsis
837 1025 944 1089 poenas
960 1015 1119 1089 repeteret.
1162 1002 1245 1068 Nihil

88 1109 171 1172 enim
191 1104 378 1171 Ptolomaeus
400 1108 435 1170 dr.
455 1107 505 1170 illo
522 1127 577 1168 suo
594 1107 719 1170 omnnium
740 1118 878 1191 parente,
911 1128 994 1191 quem
1010 1103 1136 1190 Bytbum
1153 1107 1246 1170 nomi-

87 1220 156 1288 uat,
181 1211 276 1296 aptius
291 1209 472 1294 excogitavit
487 1229 571 1292 quam
588 1221 633 1272 est
648 1207 683 1272 ab
700 1206 831 1271 Homero
845 1209 880 1271 de
896 1205 966 1272 love
980 1209 1145 1272 confictum.
1185 1205 1246 1272 Sed

87 1311 174 1376 lovis
192 1313 300 1399 ipsius,
330 1310 444 1396 qualem
463 1310 498 1374 ab
516 1309 646 1374 Homero
665 1309 821 1388 didicerat,
846 1311 993 1375 notionem
1011 1311 1186 1374 informasse
1201 1311 1245 1374 vi-

86 1416 189 1479 detur.
242 1412 304 1477 lmo
334 1435 405 1477 noro
434 1422 543 1476 tantam
571 1413 607 1475 ad
633 1413 858 1498 expromendam
884 1413 1035 1476 audaciam
1058 1411 1245 1476 Homericum

86 1517 161 1581 illud
184 1516 219 1580 de
244 1513 315 1580 love
334 1514 515 1599 Graecisque
538 1523 732 1578 comroeutum
754 1513 933 1578 tolerabilius
957 1526 1126 1600 usurparet,
1160 1536 1245 1599 quam

88 1620 132 1684 ita
150 1619 187 1682 de
205 1619 351 1682 communi
367 1617 494 1681 omnium
512 1618 629 1681 domino
646 1616 817 1701 disputaret.
865 1614 923 1700 Qui
941 1617 1025 1681 simul
1044 1628 1131 1701 atque
1148 1616 1244 1682 animo

89 1721 230 1806 concepit
245 1721 369 1804 aliquid,
393 1720 491 1784 statim
508 1718 641 1804 quioquid
657 1720 783 1784 voluerit
799 1719 901 1797 efficit,
925 1719 1078 1803 statimque
1093 1741 1127 1784 ao
1142 1719 1244 1798 voluit,

88 1823 192 1888 animo
209 1822 336 1908 concipit
358 1823 433 1905 quod
456 1823 565 1900 voluit,
597 1843 631 1886 ao
654 1833 712 1885 tum
735 1822 866 1906 cogitans
889 1843 953 1884 oum
976 1822 1055 1900 vult,
1085 1821 1246 1906 volensque

88 1947 158 1988 cum
175 1924 296 2008 cogitat.
335 1921 481 1988 Nimirum
499 1933 576 1987 totus
591 1923 654 2008 ipse
669 1923 808 2008 cogitatio
823 1933 879 2002 est,
904 1933 982 1986 totus
997 1923 1143 2004 voluntas,
1167 1934 1246 1988 totus

87 2047 189 2104 meos,
205 2035 283 2090 totus
297 2025 407 2104 lumeu,
424 2037 501 2090 totus
513 2027 627 2104 oculus,
642 2037 717 2090 totus
731 2025 858 2104 auditus,
874 2035 951 2090 totus
964 2025 1106 2090 bonorum
1118 2025 1245 2090 omnium

89 2132 171 2208 lons,
197 2149 376 2214 prorsusque
390 2128 425 2192 ab
442 2129 520 2192 omni
537 2128 754 2214 perturbatione
770 2140 912 2206 remotus,
936 2150 993 2192 non
1008 2129 1163 2207 sollicitus,
1186 2149 1245 2193 uou

87 2231 220 2310 ansius,
253 2227 465 2315 velutBytbus
486 2231 553 2310 ille,
587 2232 635 2294 vel
655 2227 799 2316 luppiter,
834 2231 869 2294 de
891 2253 948 2314 quo
967 2251 1041 2316 quae
1061 2231 1097 2295 ab
1114 2229 1244 2296 Homero

87 2332 203 2418 scripta
220 2343 304 2411 sunt,
329 2330 515 2396 Ptolemaeus
534 2331 569 2396 ad
584 2330 710 2418 Bytbum
728 2333 885 2396 transtulit.
932 2332 1028 2417 Atque
1046 2343 1077 2396 ut
1091 2331 1245 2418 improbis·

88 2435 186 2499 simus
209 2434 255 2498 bic
273 2435 376 2520 planus
393 2435 486 2519 magis
506 2434 654 2518 magisque
671 2435 838 2512 refellatur,
871 2415 951 2497 ibvat
969 2434 1024 2498 boc
1042 2434 1107 2499 looo
1125 2456 1159 2498 ea
1178 2435 1246 2500 sub-

87 2538 185 2602 iicere
204 2557 279 2621 quae
295 2538 331 2602 ad
348 2534 467 2601 Floram
485 2537 626 2622 quandam
643 2536 840 2600 mulierculam
857 2535 990 2621 scripsit,
1014 2537 1097 2622 pleua
1116 2537 1164 2601 illa
1184 2537 1247 2621 qui·

89 2641 159 2705 dem
176 2637 334 2704 illecebrae
353 2640 388 2702 ad
409 2639 639 2724 persuadendum
656 2660 690 2702 ac
708 2639 861 2724 pestilera,
894 2659 930 2702 ne
947 2641 1010 2722 quis
1026 2639 1146 2702 forsitan
1166 2648 1248 2724 putet

89 2761 196 2806 meos
217 2742 317 2806 auditu
335 2741 399 2806 solo
417 2752 518 2804 contra
535 2741 708 2804 nebulonem
726 2741 800 2805 buno
818 2741 934 2824 egisse,
961 2740 1127 2825 nullumque
1144 2740 1247 2826 depra-

88 2854 180 2910 vatae
199 2843 262 2907 eius
280 2844 430 2908 doctrinae
448 2843 602 2926 vestigium
621 2852 705 2907 antea
723 2843 896 2930 pervidisse.
941 2840 982 2906 Et
999 2843 1111 2927 quidem
1132 2853 1248 2928 praeter

89 2969 125 3010 ea
145 2967 220 3030 quae
238 2945 365 3010 diximus
379 2943 540 3010 Mosaicam
560 2946 645 3010 etiam
661 2946 754 3031 legem
770 2946 931 3010 maledictis
947 2944 1080 3009 incessit.
1125 2943 1181 3009 Est
1196 2966 1246 3010 au·

88 3061 151 3114 tem
174 3047 319 3112 eiusmodi
342 3047 414 3112 baec
437 3047 576 3134 epistola:

373 3235 565 3287 PTOLEMAEI
583 3236 627 3286 AD
646 3235 782 3286 Fuottant
801 3235 968 3287 eruerunt.

177 3352 289 3436 Legem
308 3353 382 3418 illam
402 3375 476 3439 quae
493 3376 509 3418 a
526 3353 612 3420 Mose
630 3357 732 3420 tradita
751 3367 807 3433 est,
831 3352 919 3419 Flora
935 3375 1021 3419 soror
1036 3353 1244 3432 amantissima,
1266 3369 1324 3438 cip.
1338 3371 1381 3422 tlt.

90 3477 190 3541 neque
205 3467 386 3542 perspectum
401 3455 500 3520 baberi
515 3459 752 3542 quamplurimos
770 3479 864 3541 neque
879 3458 942 3522 eius
954 3457 1033 3520 velut
1048 3457 1244 3536 fundamenta,

88 3561 137 3623 vel
157 3561 335 3644 praescripta
353 3580 549 3642 cognoscere,
574 3559 659 3623 facile
675 3569 703 3623 te
719 3560 931 3624 intellecturam
948 3558 1096 3637 existimo,
1119 3559 1145 3624 si
1161 3579 1244 3645 quam

88 3661 194 3726 variae
218 3663 253 3724 de
276 3661 324 3726 illa
347 3663 407 3724 sint
428 3660 581 3746 opiniones
606 3661 753 3725 didiceris.
800 3658 877 3724 Sunt
897 3661 973 3724 enim
992 3662 1040 3745 qui
1060 3661 1137 3725 illam
1155 3683 1171 3724 ιι
1191 3663 1246 3726 deo

88 3775 194 3847 putant
210 3784 244 3826 ao
258 3773 339 3848 patro
357 3764 448 3826 luisse
464 3765 662 3828 constitutam.
708 3763 768 3827 Alii
784 3763 958 3827 contrariam
976 3763 1052 3826 viam
1069 3764 1193 3848 ingressi
1210 3763 1246 3828 ab

89 3867 156 3929 eius
174 3866 290 3928 aeorulo
307 3866 421 3929 oelario
441 3867 581 3930 daemone
601 3867 687 3930 latam
707 3868 864 3944 affirmant,
898 3887 914 3930 a
933 3887 989 3950 quo
1006 3867 1186 3930 otmundum
1203 3868 1245 3929 la-

87 4005 165 4052 tirnnl
182 4003 275 4052 adteett.
502 3997 506 4008 '
690 4001 761 4052 multi
780 4001 985 4069 praeoccupariut
1001 4009 1052 4052 cett.

121 4075 149 4120 a.
169 4069 231 4122 alcu
247 4067 344 4129 astaco<
361 4073 415 4121 drdt
433 4085 462 4121 ec
481 4073 597 4122 emendat.
612 4073 656 4121 Pe·
724 4073 748 4122 2.
767 4065 845 4124 αὐτοῦ
861 4075 1005 4122 coniecerunt
1022 4073 1161 4132 cmoritur,
1178 4073 1247 4122 Petu·
1306 4108 1308 4119 ,

88 4140 156 4189 tacit
174 4143 194 4187 et
211 4139 334 4200 carneadi,
350 4143 390 4202 qur·
405 4141 487 4190 uelit:
504 4149 530 4190 et
546 4139 570 4190 in
588 4137 656 4189 uullo
689 4143 751 4200 ctos,
766 4143 875 4200 Grotius,
888 4141 1025 4189 llcssuetut.
1054 4139 1088 4200 0!-
1103 4141 1178 4188 Grata
1191 4141 1246 4202 spt-

87 4201 187 4256 abacto
205 4203 315 4254 haereat.
690 4209 755 4270 ctlep.
770 4209 807 4267 ll,
823 4221 879 4269 pua.
892 4205 925 4256 on
938 4221 986 4268 sqq.
1015 4223 1020 4230 ·

120 4273 147 4326 9.
165 4274 295 4322 Anteuturn
311 4275 388 4324 adtect
403 4289 432 4324 ea
447 4277 498 4326 eod.
516 4279 588 4327 Vetto.
723 4273 748 4326 3.
764 4277 802 4324 ltu
819 4276 920 4325 Grubtua
933 4277 1020 4337 otttque
1032 4287 1077 4337 pro
1090 4276 1185 4338 culpato
1201 4267 1246 4328 ud-

124 4341 165 4394 10.
182 4339 337 4408 πεποιημένη
356 4343 406 4392 cod.
423 4345 494 4394 Vetto.
687 4342 746 4396 rain.

124 4411 165 4460 11.
181 4403 234 4470 τᾶν,
250 4410 314 4471 quod
326 4411 472 4461 desideratur
485 4414 511 4460 ιἰι
524 4413 560 4461 ed.
571 4413 655 4475 princ,
720 4411 745 4461 t.
763 4407 882 4480 μαθούσῃ
897 4412 949 4462 eod.
962 4410 1037 4462 leret.
1065 4414 1138 4476 Vutpo
1150 4407 1246 4479 puberi·

87 4479 203 4529 Percotes
216 4479 321 4538 primum
338 4479 423 4528 adtectt
438 4493 468 4528 ee
484 4481 535 4530 cod.
550 4481 620 4529 Vetto.
689 4493 744 4544 σης.

23 4565 24 4619 q
124 4544 184 4595 cm.
197 4543 241 4593 nt.
254 4571 288 4582 -
306 4544 326 4593 l.
343 4541 378 4610 μή
392 4547 451 4596 delet
464 4549 592 4598 emortua
602 4561 654 4596 oer-
720 4549 744 4596 ὀ.
760 4545 845 4602 codron
865 4550 902 4598 cet
924 4540 1005 4616 τούτῳ
1021 4549 1178 4612 reponendum
1199 4562 1247 4601 esar

88 4620 156 4666 unt:
183 4610 252 4680 quod
272 4609 353 4677 legem
376 4629 421 4680 per
441 4615 548 4682 Moysen
569 4611 654 4666 datam
687 4616 801 4678 auspicor.

24 4709 26 4752 ς
140 4695 231 4752 corpo·
244 4691 379 4773 Herronesi.
393 4689 422 4740 11.
1002 4705 1043 4770 π
