2986 4996
384 1277 858 1368 EPISTOLA

71 1500 135 1550 anno
150 1479 346 1556 Diocletiani
362 1481 491 1574 xcn,
517 1483 743 1557 Valentiniani
761 1489 794 1556 et
812 1481 962 1556 Valentis
980 1481 1079 1572 XII.,
1107 1481 1195 1556 Gra-

72 1595 131 1669 tiani
144 1597 253 1692 llll,
280 1602 322 1674 ad
343 1599 564 1698 Epiphaniam
584 1602 809 1676 Palaestinum
828 1599 1194 1697 Eleutheropolitanum

74 1713 183 1810 scripta,
215 1720 273 1813 qtti
300 1744 370 1792 cum
387 1721 464 1793 olim
485 1721 679 1794 monasterii
698 1721 785 1814 quod
808 1719 842 1791 iu
863 1717 1193 1816 Eletttheropolibano

71 1854 130 1924 agro
145 1837 238 1910 silum
254 1845 309 1912 est
333 1846 427 1934 pater
443 1839 579 1930 luisset,
604 1839 666 1913 hoc
683 1839 831 1935 tempore
852 1837 1085 1928 constantiae,
1112 1861 1194 1932 quae

71 1951 130 2024 urbs
142 1957 389 2051 estprouinciac
410 1957 532 2053 Cypri,
559 1959 732 2054 episcopus
748 1963 817 2050 esb,
842 1957 881 2030 ab
900 1955 1021 2030 alsacio
1039 1963 1073 2030 et
1088 1957 1192 2032 Paulo

70 2073 245 2166 presbyteris
272 2083 309 2150 et
327 2075 611 2166 archimandritis,
644 2075 706 2150 hoc
729 2083 780 2148 est
797 2074 1074 2149 monasteriorum
1096 2100 1195 2171 prae-

71 2191 180 2284 positis,
211 2195 246 2266 in
273 2195 411 2290 regione
435 2194 658 2268 Carchedonia
688 2203 721 2268 et
747 2195 892 2268 Beroeae
920 2193 1037 2268 Coeles
1062 2194 1193 2288 Syriae,

72 2327 118 2396 qua
138 2314 303 2404 postulant
328 2319 366 2386 ut
388 2315 549 2388 aduersus
581 2314 735 2388 haereses
760 2313 938 2402 scriberet,
972 2337 1045 2386 cum
1075 2313 1142 2386 iam
1174 2339 1193 2388 a

104 2429 201 2504 nullis
219 2432 360 2530 insuper
379 2441 515 2529 rogatus
541 2440 578 2506 ut
596 2433 658 2506 hoc
678 2433 879 2530 susciperet,
905 2437 1022 2525 atquc,
1047 2439 1085 2506 ub
1101 2432 1147 2508 ita

399 2553 523 2644 dicam,
547 2559 677 2628 coactus
703 2553 832 2626 luisset.

132 2845 251 2917 Domino
268 2874 335 2918 mco
349 2854 574 2920 honoratissimo
591 2865 677 2938 atque
693 2857 721 2918 io
737 2853 870 2920 omnibus
882 2853 1102 2939 religiosissimo
1117 2855 1192 2942 patri

72 2937 215 3032 Epiphanio,
238 2955 391 3040 episcopo,
414 2957 543 3021 Aeacius
561 2968 591 3020 et
609 2954 718 3020 Paulus
734 2955 910 3042 presbytcri,
934 2955 1190 3036 archimandritae,

71 3043 92 3106 iu
109 3050 209 3118 domino
229 3057 367 3121 salutem.

133 3150 246 3222 Pietatis
268 3157 383 3240 quidem
402 3168 488 3236 tuac,
520 3169 619 3243 pater,
651 3170 786 3244 aspectus
805 3158 867 3242 ipse
886 3157 957 3222 satis
977 3179 1043 3222 esse
1063 3168 1191 3244 poterat,

72 3249 107 3329 qui
122 3274 165 3318 ros
180 3258 358 3342 spiritalibus
374 3259 558 3324 sermonibus
576 3259 723 3346 impleuit,
747 3281 781 3324 ac
799 3270 856 3324 taut
873 3260 1033 3324 vehemens
1051 3259 1135 3324 uobis
1151 3261 1193 3324 tui

72 3350 216 3422 desiderium
230 3360 346 3438 indidit,
365 3372 514 3445 postquam
532 3373 581 3425 tuo
596 3363 689 3426 semel
705 3363 759 3426 frui
775 3373 932 3446 conspectu
947 3361 1041 3425 licuit.
1081 3359 1193 3426 Verum

72 3457 178 3531 quoniam
202 3461 321 3546 praevia
344 3461 476 3546 discipuli
499 3459 610 3545 Christi
632 3465 710 3528 lanta
732 3465 889 3528 vestorum
909 3462 973 3528 cius
994 3463 1193 3548 laetorumque

72 3551 228 3635 frumarium
246 3562 352 3646 ubique
368 3563 528 3648 praedicat,
552 3567 632 3648 angit
650 3587 704 3629 nos
723 3577 753 3630 st
768 3564 903 3629 sollicitat
919 3574 951 3628 ut
965 3563 1043 3628 illius
1058 3585 1112 3628 nos
1129 3584 1193 3628 scr-

73 3657 178 3724 nocitos
199 3683 233 3726 ac
260 3663 357 3727 sensis
381 3664 503 3750 explere
524 3668 703 3730 studeamus.
750 3664 858 3733 Coram
877 3665 966 3749 igilur
984 3665 1124 3729 adeuntes
1144 3684 1195 3749 par

72 3767 119 3818 emt
135 3760 190 3826 eius
215 3785 291 3850 quae
317 3765 348 3830 in
373 3775 402 3828 te
428 3767 549 3851 perinde
573 3779 660 3852 atque
684 3769 712 3830 in
738 3767 879 3854 apostolis
905 3777 952 3834 est
976 3767 1089 3851 gratiae
1115 3787 1194 3829 com·

72 3861 182 3928 munione
206 3867 354 3953 perfundi.
400 3863 460 3931 Sed
484 3889 549 3932 cum
574 3869 631 3932 iter
652 3869 721 3932 illud
743 3870 827 3932 nobis
847 3869 979 3954 corporis
996 3866 1148 3951 aegritudo
1166 3876 1195 3928 et

72 3953 171 4042 languor
186 3967 400 4048 intercluserit,
430 3969 548 4036 minime
566 3970 621 4055 ipsi
640 3969 784 4055 potuimus
804 3971 838 4034 ad
857 3971 946 4056 pedes
966 3979 1031 4032 tuos
1048 3967 1194 4052 provoluti

72 4060 191 4142 epiritrles
203 4082 379 4156 sanctosque
394 4091 547 4135 sermones
560 4091 665 4166 calore
679 4081 728 4135 tuo
740 4082 892 4135 manantes
905 4069 1006 4134 audire
1020 4089 1055 4132 ac
1065 4068 1193 4134 discere.

96 4243 192 4317 tipus
203 4259 253 4308 cod.
265 4259 340 4308 lecet.
375 4257 423 4323 pati
439 4258 490 4308 cod.
503 4259 600 4322 ithedt'p.
679 4257 716 4308 ll.
735 4253 822 4324 torol
841 4259 891 4307 cod.
908 4261 983 4308 Veuct.

73 4315 145 4400 “Mt
678 4325 716 4374 t‘t.
734 4324 782 4388 τῆς
797 4323 965 4388 ταλαιπωρίας
981 4327 1033 4374 cod.
1048 4327 1123 4376 leuet.

92 4378 116 4458 ¹9·
130 4401 181 4453 oppa
192 4393 234 4442 lor.
244 4394 359 4454 Scuttper.
375 4393 402 4442 lu
413 4407 473 4455 seqq.
482 4395 552 4455 uulgo
563 4394 601 4442 di·
678 4390 716 4442 13.
735 4389 795 4450 code
809 4389 889 4451 πόδας
905 4393 956 4442 cod.
972 4395 1048 4442 Venet.

75 4449 168 4510 “W
182 4459 345 4524 soprcbfitcc.
365 4456 416 4512 ἔδει
430 4465 482 4510 cett.
678 4453 716 4509 tt.
734 4454 859 4525 cadurco<
875 4459 920 4511 σοῦ
938 4460 989 4508 eod.
1007 4463 1080 4510 leuet

101 4517 132 4565 ¹⁰·
146 4536 180 4576 σοι
194 4526 313 4592 δοθείσης
329 4529 381 4578 cod.
396 4529 470 4578 Vocet.
