3008 4996
319 361 455 414 raanan
471 365 534 414 nra.
547 365 568 414 r.
584 366 667 416 ron.
679 365 711 414 n.
729 365 826 416 nunu.
842 365 944 417 xxix.
1139 355 1200 418 229

203 617 573 694 ADVERSUS
617 619 1045 715 batanaeae,

312 763 393 831 quae
419 745 471 814 eat
497 740 611 812 ordine
629 739 710 831 IX.,
736 740 790 814 vet
805 740 934 814 XXIX.
1056 735 1062 743 ’

137 883 251 949 hisiude
267 885 416 952 Nazaraei
439 890 563 973 proximi
580 902 664 968 suut,
688 890 735 974 qui
753 890 816 954 sive
835 891 947 974 priores
965 890 1039 967 tttis,
1063 892 1127 954 sive
1146 913 1194 956 ae·
1214 901 1272 969 cap.
1291 905 1311 954 t.

67 985 170 1066 quotes,
193 988 258 1051 sire
275 991 455 1074 posteriores
471 991 640 1068 extiterint,
671 992 701 1054 in
718 991 795 1054 idem
816 992 878 1054 iere
898 1001 1010 1076 tempus
1028 992 1191 1058 incurrunt.

65 1081 155 1171 Neque
173 1089 249 1151 enirn
267 1091 410 1154 affirmare
427 1102 508 1154 eerto
533 1113 686 1177 possumus
708 1094 766 1156 utri
790 1093 863 1156 utris
881 1093 1090 1157 successerint.
1135 1093 1194 1159 Ea·

66 1183 117 1248 dem
132 1190 208 1252 enim
227 1201 258 1254 ut
272 1191 400 1254 diximus
418 1203 514 1255 aetate
529 1193 686 1272 vixerunt,
708 1205 739 1258 et
754 1194 783 1256 in
803 1195 903 1256 iisdem
922 1195 1103 1276 dogmatibus
1124 1207 1194 1260 suut

65 1287 291 1377 opinionibusque
311 1293 433 1357 versati.
478 1293 575 1378 Atque
593 1294 632 1357 nn
651 1294 764 1378 quidem
783 1316 841 1358 uun
858 1317 875 1358 a
891 1290 1022 1374 Christo,
1046 1317 1140 1381 neque
1156 1298 1192 1362 ab

65 1383 120 1452 lesu
135 1415 239 1456 nomen
263 1405 458 1480 aeceperunt,
489 1397 539 1460 sed
561 1417 595 1460 se
612 1395 785 1462 Nazaraeos
803 1397 995 1482 appellarunt.
1041 1395 1191 1482 Siquidem

65 1484 208 1557 Christiani
224 1506 284 1559 tum
300 1517 402 1559 omnes
417 1496 565 1562 Nazaraei
583 1497 773 1562 uouebantur.
814 1495 997 1582 Quamquam
1013 1522 1065 1584 pro
1082 1501 1190 1584 exiguo

63 1597 191 1677 tempore,
216 1594 400 1660 lessaaorum
417 1620 507 1682 penes
525 1599 592 1662 iilos
607 1620 713 1662 nomeu
728 1599 850 1678 resedit,
866 1611 1019 1682 antequam
1030 1597 1191 1666 Christiani

61 1689 223 1760 Audoehiae
247 1699 390 1762 nominari
417 1700 579 1786 coeperint.
622 1701 668 1763 Ae
690 1697 817 1778 iesseai,
848 1711 879 1764 ut
903 1701 1022 1787 opinor,
1056 1703 1092 1765 ab
1111 1701 1192 1768 iesse

61 1799 143 1860 uoeati
160 1811 241 1863 sunt.
282 1797 376 1864 David
395 1803 471 1865 enim
489 1799 572 1865 lesse
591 1801 665 1864 iilius
685 1813 760 1880 erat,
784 1822 871 1885 aquo
890 1804 1009 1885 generis
1024 1806 1191 1868 uerutinuata

60 1897 127 1961 serie
138 1897 237 1966 biania
253 1901 371 1988 prodiit,
390 1903 419 1966 in
437 1924 530 1987 eoque
549 1903 711 1987 seripturae
727 1923 829 1966 saurae
844 1905 1011 1968 vaticinium
1027 1907 1063 1969 ad
1080 1907 1190 1970 exitum

59 1999 215 2077 perductum
239 2015 302 2083 est,
333 2025 397 2068 eum
420 2005 450 2068 iu
473 2017 574 2068 vetere
593 2015 767 2068 testamento
785 2001 892 2068 Davidi
911 2006 1043 2070 dominus
1066 2007 1123 2072 ista
1145 2029 1192 2072 re·

59 2104 229 2181 spondisset:
253 2109 295 2167 De
305 2109 410 2188 fructu
428 2113 533 2168 oenum
551 2112 597 2168 tue'
609 2127 712 2186 ponam
732 2128 817 2186 super
836 2111 927 2169 sedem
948 2119 1034 2168 tuam
1224 2085 1314 2192 {Cff'i'q

131 2201 191 2269 Sed
214 2207 281 2270 ittuu
307 2208 336 2269 in
361 2207 484 2291 singuiis
506 2209 667 2294 scripturae
693 2208 792 2272 verbis
821 2209 978 2272 afferendis
1000 2209 1097 2273 vereri
1121 2212 1188 2275 mihi
1208 2210 1267 2278 cap.
1286 2217 1316 2266 Π·

59 2308 208 2385 sooeurrit,
230 2309 267 2370 de
287 2329 343 2392 quo
362 2310 480 2394 saepius
497 2329 683 2373 commonere
700 2309 800 2388 soheo,
824 2330 860 2372 ne
879 2311 945 2372 dum
958 2331 1009 2373 eas
1027 2332 1101 2393 quae
1123 2335 1190 2376 ver-

57 2401 95 2467 bis
115 2407 185 2493 ipsis
207 2410 307 2473 insuunt
324 2412 487 2475 sententias
508 2411 676 2496 expendere
703 2410 835 2474 veritatis
858 2410 983 2474 studium
1002 2413 1096 2494 eogit,
1125 2413 1189 2477 lou-

57 2505 112 2586 gius
129 2532 215 2594 quam
230 2533 282 2596 par
297 2513 336 2575 sit
351 2512 473 2576 instituti
493 2513 584 2575 nrohes
602 2511 699 2596 operis
719 2523 885 2576 exereseat.
931 2509 1006 2576 Cum
1028 2513 1117 2595 igitur
1138 2517 1189 2580 du-

58 2609 142 2674 rninus
161 2611 265 2676 beviti
280 2614 404 2678 disserite
427 2619 470 2676 De
478 2617 584 2698 sruetu
600 2617 705 2675 verbm
721 2618 766 2674 tui
776 2635 879 2694 ponam
892 2635 978 2694 snper
991 2619 1081 2677 sedem
1098 2630 1184 2692 tuom,
1209 2673 1220 2700 4

57 2711 181 2794 etihhud,
212 2719 322 2776 Iuravit
335 2721 462 2778 amathus
478 2719 586 2789 Deerit,
610 2726 639 2776 et
652 2736 708 2776 nou
723 2717 875 2795 poenitebit
893 2738 971 2791 eum,
1002 2717 1188 2782 manifestum
1223 2735 1307 2780 rnatu.

55 2823 95 2874 est
117 2815 162 2877 dei
185 2817 407 2902 promissionem
428 2819 561 2882 revoeari
587 2837 645 2879 non
668 2837 766 2900 posse.
811 2817 910 2900 Atque
933 2817 1073 2902 imprimis
1099 2819 1189 2882 iusiu·
1221 2787 1265 2843 Μ’
1282 2792 1300 2832 ⁴'

55 2917 167 2979 randum
185 2919 266 2997 ittet,
285 2920 361 3003 quod
376 2921 431 2982 deo
446 2920 592 2996 tribuitur,
612 2917 746 3002 quidnam
763 2927 809 2982 est
821 2917 910 2996 ahiud,
931 2918 986 2982 nisi
1004 2919 1080 2982 istud
1095 2920 1187 3005 ipsum

55 3019 122 3096 quod
143 3019 211 3083 alibi
236 3019 359 3100 dieitur,
388 3025 443 3083 Per
460 3026 645 3101 memetipsum
666 3024 775 3094 iuraui,
802 3023 874 3080 du'eu
892 3025 1060 3094 odorannus?¹
1082 3019 1187 3105 Ne'que

55 3118 123 3182 enim
139 3141 192 3207 per
206 3121 347 3187 maiorem
365 3121 489 3206 aliquem
506 3120 704 3185 iusiurandum
721 3121 793 3184 dous
807 3120 944 3204 eoneipit,
970 3121 1021 3184 sed
1040 3141 1094 3185 nee
1112 3123 1190 3187 iurat

55 3221 159 3300 quidem
177 3224 310 3286 omuino.
356 3219 416 3288 Sed
432 3243 467 3286 ea
491 3221 626 3306 loquendi
648 3222 722 3284 ratio
743 3221 779 3284 ad
797 3221 983 3286 astruendam
1006 3221 1048 3286 rei
1070 3223 1189 3287 firmita-

55 3328 104 3383 tem
119 3325 257 3407 pertinet.
293 3320 371 3387 Nam
392 3321 497 3387 Davidi
512 3323 701 3387 iureiurando
716 3323 847 3407 promisit
865 3322 1010 3401 dominus,
1034 3327 1188 3406 mjiaetu

55 3430 150 3486 notra
164 3429 252 3506 ι’ρειιιι
266 3447 351 3506 nuper
364 3430 455 3487 sedern
473 3430 534 3486 eius
547 3447 577 3486 ee
594 3447 655 3485 esee
665 3429 833 3504 pon'turum.
878 3421 924 3488 Ita
942 3445 1030 3509 porro
1045 3435 1189 3489 testantur
1209 3493 1210 3500 q

52 3525 168 3606 apostoli
187 3528 224 3590 de
244 3524 367 3590 Davidis
383 3526 473 3612 stirpe
490 3527 569 3589 nasei
588 3523 737 3590 Christum
756 3525 936 3610 oportuisseq
960 3527 1001 3590 uti
1020 3545 1124 3592 revera
1142 3523 1188 3590 le-

53 3643 97 3688 sus
113 3622 250 3693 Christus
265 3629 399 3692 domiuus
421 3638 521 3692 noster
543 3627 667 3690 indidem
683 3625 823 3690 emendus
839 3640 896 3690 est.
942 3625 1054 3691 Verum
1073 3649 1128 3710 ego
1151 3649 1188 3690 ne

52 3719 248 3809 prolixiorem,
272 3740 304 3792 nt
323 3740 390 3794 ante
406 3730 480 3808 dixi,
503 3749 668 3794 sermonem
688 3727 854 3806 instituam,
879 3727 1110 3792 testimoniorum
1128 3750 1188 3792 am-

52 3828 202 3908 plissimam
217 3831 328 3914 sopiam
344 3831 555 3916 praetermitto.
598 3829 736 3907 Ateuim,
761 3830 838 3894 dieat
851 3830 967 3914 aliquis,
991 3852 1056 3894 euru
1070 3851 1111 3894 err
1128 3828 1188 3892 Da-

49 3927 119 3994 ritis
136 3933 244 4017 stirpe,
277 3944 420 4016 quaterem
440 3952 529 3996 eante
550 3941 682 4009 eonstat,
712 3941 882 4015 procreatus
899 3932 937 3996 sit
953 3928 1109 4008 Christus,
1134 3931 1188 3993 hoe
1306 4003 1309 4010 Ι

49 4042 101 4108 est,
126 4033 243 4096 eheata
261 4033 375 4117 virgine
389 4031 497 4112 Maria,
522 4033 588 4118 quid
605 4033 643 4095 ita
660 4033 776 4095 tarrdem
792 4031 821 4095 iu
838 4029 960 4096 [havidis
977 4032 1051 4096 sotio
1070 4031 1188 4094 minime

47 4134 194 4198 consedit?
228 4139 370 4198 Vanum
385 4141 473 4208 marm,
498 4134 541 4198 ait
557 4133 757 4216 evarugetiuur,
781 4146 813 4194 ut
829 4140 918 4214 aprum
936 4145 1073 4214 ungerent
1095 4137 1125 4194 ia
1141 4145 1337 4203 remaneam.

44 4257 121 4312 geum·
154 4245 185 4300 et
200 4257 264 4298 eum
282 4236 310 4298 id
328 4237 532 4320 cognovisset,
556 4233 697 4312 reeessit,
722 4247 807 4318 atque
823 4231 992 4320 Ephraimi,
1016 4235 1090 4317 quud
1107 4233 1188 4320 oppi-

45 4335 106 4398 dum
135 4338 164 4400 in
182 4338 301 4400 deserto
326 4339 412 4402 situm
430 4349 492 4416 est,
516 4336 638 4399 delituit.
684 4331 785 4419 itaque
810 4337 944 4419 quoniam
968 4348 1128 4420 opportune
1151 4339 1185 4400 ad

45 4436 127 4501 huius
145 4439 309 4522 evangelici
328 4440 397 4503 dieti
412 4437 589 4502 mentionem
603 4458 703 4502 sumus
719 4437 846 4522 dehupsi,
871 4439 964 4520 deque
979 4437 1120 4502 eiusmodi
1143 4449 1186 4502 te-

42 4541 180 4604 stimonio
200 4551 429 4625 argumentoque
452 4551 519 4604 nauta
538 4540 671 4624 quaestio
686 4550 749 4620 est,
781 4561 833 4602 eur
853 4538 965 4602 seihieet
985 4541 1059 4624 quod
1084 4563 1101 4603 a
1121 4563 1186 4625 pro·
1238 4607 1241 4616 ,

41 4643 124 4724 pheta
141 4643 320 4729 praedictum
337 4643 442 4722 buerat,
458 4643 489 4706 iu
499 4640 621 4706 Davidis
635 4641 710 4705 solio
724 4663 930 4706 eorrsessurum
946 4663 1012 4706 esse
1023 4639 1185 4722 Christum,
