2994 5024
317 347 379 410 564
740 357 861 409 ειαοτι
879 359 1044 410 mmmm

315 477 366 542 καλ
387 474 487 558 ήσσων
509 479 543 563 τῇ
561 472 683 558 δυνάμει
706 477 799 553 ἐστίν,
829 472 927 540 ου’κέτι
946 472 1135 558 εὑρεθήσεται
1155 474 1374 561 ήδημιουργία
1389 501 1462 542 σνιε

313 585 425 658 στῶσα,
448 575 507 642 ἀλλ’
524 579 650 654 ἐξέλιπεν
667 580 790 642 ἔκπαλαι
807 574 1030 663 ἀναρπαζομένη
1046 575 1115 643 καθ’
1132 575 1260 660 ἑκάστην
1274 576 1393 662 ήμέραν
1411 578 1462 644 ἀπό

313 705 343 745 τε
364 689 417 746 τοῦ
434 688 566 768 πονηροῦ
587 683 628 758 είς
647 680 679 746 τδ
697 683 774 746 ίδιον
791 681 895 762 μέρος,
924 682 976 745 καί
991 678 1050 746 διεδ
1069 687 1122 746 τοῦ
1137 677 1259 765 ἀγαθοῦ
1275 683 1319 756 είς
1339 679 1381 745 τά
1398 681 1460 746 ἀνιι

313 785 374 848 Kal
396 791 456 850 ποῦ
473 786 515 849 έτι
532 781 553 866 ή
567 786 744 868 δημιουργία
762 782 954 864 σταθήσεταις
989 786 1032 846 El
1045 783 1077 847 δέ
1093 781 1137 846 δτι
1153 781 1250 870 χρόνῳ
1267 782 1349 864 λήξει
1368 785 1461 868 λέγεις,

311 890 363 951 καί
375 884 501 952 δυνατόν
514 885 623 968 ταύτην
637 885 712 960 ὅλως
724 884 823 970 λήγειν
836 883 886 950 διά
900 893 952 966 τῆς
963 892 1018 950 τοῦ
1032 883 1152 970 ἀγαθοῦ
1166 887 1340 966 ἐπιμελείας,
1358 885 1461 952 αιἰκοδν

312 985 330 1054 ό
346 984 462 1074 ἀγαθός
481 993 575 1064 αίτιος
589 997 642 1071 τῆς
659 987 771 1070 βλάβης
788 990 883 1066 ἐσται,
914 985 932 1052 ό
948 986 988 1070 μή
1003 986 1095 1054 πάλαι
1111 985 1237 1070 ποιήσας
1253 986 1328 1074 ὅπερ
1344 988 1461 1072 ὕστερον

311 1087 429 1176 ἀγαθόν
442 1093 540 1169 έδοξεν
554 1093 702 1170 ἐπιτελεῖν,
725 1087 796 1172 μήτε
812 1088 870 1172 μήν
883 1087 1052 1172 πεποιηκός
1066 1087 1125 1154 ἀπό
1142 1096 1200 1156 τάν
1212 1088 1376 1170 ἀνέκαθεν,
1399 1095 1460 1174 πρίν

309 1190 331 1275 ἠ
344 1191 415 1270 τοδς
431 1197 550 1269 πλείους
563 1191 760 1276 ἀδικηθῆναι,
782 1193 833 1257 καλ
850 1193 906 1258 έέν
922 1194 1039 1270 καθέξει
1056 1191 1166 1269 αότοάς
1182 1195 1320 1280 γενέσθαι
1335 1203 1394 1261 τοῦ
1408 1223 1458 1278 τρι-

308 1303 363 1361 τοῦ
385 1298 434 1361 καλ
456 1295 536 1362 κάτω
558 1297 754 1379 μεμενηκέναι.

179 1516 245 1584 Κεφ.
258 1511 292 1580 η’.
395 1501 491 1568 Πάλιν
514 1503 547 1568 δέ
565 1501 600 1568 τά
619 1509 672 1585 τῆς
689 1503 775 1576 θείας
792 1509 909 1586 γραφῆς
928 1498 982 1564 οάκ
1004 1497 1106 1584 ὀρθῶς
1123 1509 1201 1566 νοῶν
1217 1506 1383 1590 προφέρει,
1414 1509 1457 1570 καλ

306 1603 377 1680 τοδς
390 1603 546 1691 ἀκεραίους
562 1606 690 1692 ἐξαπατᾷ
706 1605 890 1688 διαστρέφων
904 1601 936 1668 τό
952 1609 1006 1668 τοῦ
1021 1600 1186 1669 ἀποστόλου
1200 1605 1292 1688 ῥητόν
1308 1606 1367 1686 ὅτι,
1393 1615 1455 1692 Χρι-

306 1705 375 1784 στός
388 1705 466 1790 ἡμᾶς
481 1706 654 1794 ἐξηγόρασεν
668 1707 700 1770 ἐκ
714 1713 767 1788 τῆς
780 1703 909 1790 κατάρας
922 1713 975 1772 τοῦ
991 1705 1094 1788 νόμον,
1118 1709 1272 1792 γενόμενος
1286 1706 1365 1796 δπέρ
1381 1709 1458 1793 ήμιῑν

305 1808 427 1895 κατάρα.
472 1815 532 1874 Καί
544 1831 643 1892 φησιν,
666 1811 708 1871 Εἰ
719 1801 792 1890 ἠμεν
807 1806 909 1884 αὐτοῦ,
929 1806 984 1874 οὐκ
999 1807 1036 1873 ἀν
1049 1806 1081 1874 τό
1097 1810 1204 1875 ἑαυτοῦ
1219 1809 1374 1896 ἠγόραζεν,
1395 1811 1456 1898 ἀγο-

306 1911 398 1998 ράσας
420 1913 452 1978 δέ
474 1915 515 1988 είς
534 1909 683 1996 ἀλλότριον
698 1908 812 1992 κόσμον
829 1903 922 1992 ήλθεν
941 1908 1020 1993 ήμάς
1041 1908 1185 1997 ἀγοράσαι
1204 1911 1274 1988 τοός
1295 1913 1354 1979 οάιι
1375 1913 1457 1988 ὄντας

306 2013 399 2081 αὐτοῦ
405 2041 412 2057 ·
441 2018 555 2098 ποίημα
572 2011 628 2098 γάρ
644 2006 718 2096 ήμεν
735 2015 851 2098 ἑτέρου,
880 2015 931 2078 καί
948 2012 998 2078 διά
1014 2019 1100 2080 τοῦτο
1117 2013 1196 2097 ἠμάς
1214 2014 1305 2092 αδτός
1320 2015 1455 2104 ἠγόραζεν

305 2119 347 2194 είς
362 2117 414 2201 τήν
432 2119 538 2184 ἑαυτοῦ
555 2118 640 2198 ζωήν.
683 2113 798 2200 Ἀγνοεῖ
810 2115 842 2180 δέ
857 2115 932 2192 ὅλως
947 2112 965 2181 δ
979 2113 1097 2198 ἠλίθιος
1113 2116 1160 2182 ὅτι
1177 2117 1244 2184 οὔτε
1262 2119 1394 2203 Χριστός
1410 2147 1454 2183 κα-

304 2219 380 2305 τάρα
398 2221 580 2306 γεγέννηται,
603 2215 642 2300 μή
658 2219 786 2302 γένοιτο,
809 2215 878 2282 ἀλλά
894 2217 950 2300 τήν
965 2217 1096 2304 κατάραν
1112 2217 1166 2302 τήν
1179 2220 1231 2286 διά
1244 2228 1298 2304 τῆς
1313 2219 1453 2310 άμαρτίις

187 2343 291 2402 μακε.
304 2319 390 2406 ήμῶν
407 2319 526 2402 ἀφεῖλεν
540 2318 646 2386 έαυτδν
662 2317 847 2405 σταυρόσας,
876 2322 926 2386 καλ
946 2319 1101 2405 γενόμενος
1116 2321 1248 2399 θάνατος
1263 2325 1391 2412 θανάτῳ
1408 2323 1452 2388 διά

303 2422 357 2501 τάς
372 2421 515 2508 άμαρτίας
529 2421 623 2506 ήμιδν,
646 2425 695 2486 καλ
709 2421 821 2508 κατάρα
835 2420 925 2498 αάτδς
938 2431 975 2512 τῇ
989 2422 1103 2512 κατάρᾳ
1117 2424 1281 2510 γενόμενος.
1326 2427 1384 2493 Διό
1402 2425 1449 2492 ουίι
1488 2487 1489 2521 η

304 2530 363 2594 ἐστι
381 2525 510 2611 Χριστός
531 2525 660 2611 κατάρα,
688 2523 759 2590 ἀλλά
777 2531 828 2608 τῆς
844 2523 975 2607 κατάρας
988 2525 1085 2605 λόσις,
1115 2525 1230 2613 εόλογλα
1252 2529 1285 2593 δέ
1302 2537 1378 2594 πᾶσι
1397 2537 1451 2602 τοῖς
1487 2577 1488 2607 η

305 2631 346 2706 είς
361 2628 453 2694 αὐτόν
467 2626 588 2711 ἀληθῶς
603 2625 833 2694 πεπιστευκόσιν.
877 2625 963 2692 Οδτω
977 2629 1028 2693 καλ
1040 2628 1073 2693 τό
1086 2626 1289 2716 Ἐξηγόρασω,
1304 2630 1363 2697 οδιι
1377 2629 1450 2696 εἶπεν
1486 2667 1487 2695 ι

302 2729 467 2818 Ἠγάρασεν.
514 2729 589 2796 Οὔτε
611 2729 667 2817 γάρ
690 2733 731 2807 είς
749 2727 898 2814 ἀλλότριον
917 2721 1010 2812 ήλθεν
1028 2727 1159 2816 άρπάσαι
1178 2730 1200 2814 ή
1217 2729 1372 2818 ἀγοράσαι.
1415 2734 1451 2796 Ei

284 2833 358 2921 ,γάρ
376 2831 533 2920 ἠγόρασεν,
556 2832 596 2916 μή
613 2835 686 2917 έχων
704 2830 844 2917 ἠγόρασε,
866 2833 915 2897 καλ
934 2829 975 2907 οἱς
990 2833 1105 2916 πτωχός
1120 2833 1140 2898 ἀ
1154 2832 1193 2916 μή
1211 2831 1285 2918 είχεν
1300 2836 1446 2920 ἐκτήσατο,
1484 2819 1485 2869 λ

302 2939 353 3002 καλ
380 2937 436 3013 ιδς
452 2940 626 3020 κεκτημένος
642 2933 721 3019 ήμᾶς
736 2936 902 3015 πέπρακεν,
932 2931 1085 3019 ἀπορήσας
1099 2938 1265 3023 πέπρακεν,
1296 2936 1448 3012 ἀπότινος
1481 2973 1483 3044 η

303 3037 361 3124 ἀρα
381 3043 534 3106 δανειστοῦ
556 3037 755 3120 ἐλαυνόμενος.
798 3034 869 3100 Ἀλλ’
890 3033 945 3103 οάκ
966 3040 1019 3120 έγει
1042 3037 1144 3115 οὕτως.
1191 3037 1268 3106 Οὔτε
1289 3041 1348 3127 γάρ
1375 3039 1446 3106 είαεν

301 3139 472 3228 Ἠγόρασεν,
496 3139 553 3206 ἀλλ’
566 3139 769 3226 Ἑξηγάρασεν·
799 3137 904 3222 ὅμοιον
923 3141 955 3205 δέ
970 3139 1064 3230 τούτῳ
1083 3138 1101 3206 δ
1118 3139 1207 3217 αάτδς
1224 3139 1311 3226 άγιος
1329 3141 1445 3210 ἀπόστο-

301 3241 351 3320 λός
371 3267 477 3326 φησιν,
507 3241 761 3328 Ἐξαγοραζόμενοι
783 3239 835 3306 τόν
855 3239 973 3324 καιρόν,
1002 3243 1047 3307 δ’τι
1064 3247 1098 3308 αι’
1114 3240 1218 3329 ἠμέραι
1237 3253 1370 3332 πονηραί
1387 3249 1442 3320 είσι,

301 3347 352 3409 καλ
369 3345 422 3429 οάγ
438 3344 550 3430 ἠμέρας
567 3343 758 3429 ἀγοράζομεν,
788 3342 858 3408 οάδέ
875 3342 962 3426 τιμήν
979 3341 1096 3430 ήμεροῖν
1112 3347 1246 3429 δίδομεν,
1275 3345 1396 3414 ἀλλάτδ
1412 3343 1442 3410 δι’

301 3444 457 3530 άπομονήν
480 3449 532 3512 καλ
557 3446 590 3512 τό
615 3445 780 3529 μελλητικόν
805 3471 836 3510 τε
861 3451 1070 3530 μακροθυμίας
1094 3452 1245 3530 σημαίνων
1270 3459 1358 3517 τοῦτο
1382 3455 1440 3529 ἔφη.

290 3549 382 3626 Ὦςτε
394 3549 427 3616 τό
441 3547 615 3635 Ἐξηγάρασε
628 3549 682 3630 τήν
697 3546 842 3614 ἀπόθεσιν
854 3547 988 3630 ἀπέφηνε
1004 3555 1055 3630 τῆς
1069 3548 1142 3634 δπέρ
1157 3549 1244 3632 ήμῶν
1257 3550 1441 3637 ἀναδοχήςέν

301 3651 403 3743 κόσμῳ
422 3655 565 3738 ἐνσάρκου
584 3656 762 3735 παρουσίας,
793 3643 830 3733 ής
845 3648 998 3727 ἀνεδέξατο
1015 3649 1090 3737 όπέρ
1109 3645 1193 3736 ήμοόν
1210 3664 1321 3720 παθεῖν
1339 3654 1435 3721 όάπι-

299 3753 361 3838 θής
383 3755 425 3820 ἀν
442 3755 529 3834 θεός,
559 3756 655 3836 μένων
677 3756 708 3820 ἐν
730 3761 765 3842 τῇ
788 3756 849 3840 ίδίιγ
871 3749 1004 3842 ἀπαθείᾳ
1024 3761 1077 3836 τῆς
1095 3753 1189 3820 αάιοῠ
1209 3755 1368 3839 θεότητος,
1395 3757 1435 3822 καί

301 3855 416 3947 ἀότρῇ
432 3857 450 3923 δ
467 3855 619 3935 ἀνεδέξατο
637 3853 711 3941 άπέρ
729 3853 812 3936 ήμῶν
826 3863 947 3932 παθεῖν,
970 3854 1025 3921 οάκ
1041 3853 1192 3941 ἀγοράζων
1208 3855 1286 3942 ήμᾶς
1299 3856 1352 3923 ἀπ’
1366 3857 1434 3924 ἀλλο·

332 4045 357 4099 4.
375 4045 507 4114 ίγκοιδίξιι
521 4051 604 4100 habent
619 4051 680 4100 libri.
921 4047 946 4097 2.
963 4042 1033 4116 αὐτῷ
1046 4051 1145 4110 ινιτιαλ,
1159 4053 1369 4102 οαιαιιαιιειίίδτι
1381 4044 1432 4103 ια’τί

334 4117 392 4168 σιτ.
409 4117 473 4167 ναι.
487 4143 520 4156 -
541 4119 560 4168 1.
579 4107 608 4176 ὃς
624 4121 715 4180 παρα,
732 4119 853 4166 petavium
887 4121 992 4166 ιιιιιεα.

299 4191 404 4249 νεανίαι,
418 4201 463 4249 pro
480 4177 510 4246 δ,
527 4185 589 4248 φοοδ
606 4188 658 4234 libri
674 4188 777 4236 retinent.
