3006 4990
331 313 467 366 rnutnn
484 313 547 366 nm.
560 317 580 366 r.
596 315 721 368 nourr.
738 315 836 368 nonu.
849 317 932 368 xxv.
1144 306 1201 370 ιιι

66 431 194 496 ticnlatim
216 451 356 517 egemus,
387 432 522 497 subtilius
544 433 740 513 disseremus,
770 455 830 498 nou
853 446 885 498 ut
903 435 1079 500 audientium
1102 437 1202 522 legen·

65 534 162 598 tiumre
184 555 292 598 sensus
312 535 513 618 inquinemus,
544 536 596 600 sed
618 546 651 598 nt
674 536 907 620 prudentioribus
928 537 1130 602 vehementius
1151 541 1202 602 ad·
1326 553 1328 560 ’

64 656 158 700 rersus
179 635 246 700 illos
267 637 365 700 odium
387 637 635 720 pessimorumque
659 637 816 700 facinorum
836 638 1057 703 detestationem
1079 641 1200 704 iniicere

64 738 212 820 possimus.
256 733 363 820 Neque
383 759 455 802 vero
477 739 618 802 scelestos
640 737 706 802 illos
726 739 903 804 calumniose
923 741 1116 822 traducimus,
1148 744 1201 807 sed

64 860 127 922 qnos
148 840 188 902 ab
209 838 282 924 ipsis
299 850 474 923 geruntur,
490 859 526 903 ee
544 840 584 904 uti
602 861 635 904 se
651 861 699 902 res
717 839 803 903 babet
818 841 911 922 palam
929 841 1062 905 omnibus
1078 843 1201 928 exponi·

63 961 126 1004 nus.
175 937 359 1004 Sentetes
377 941 435 1004 illis
452 941 539 1024 eliqui
557 942 605 1025 qui
623 939 789 1005 laldabaotb
808 942 963 1028 praecipue
980 943 1095 1022 colunt,
1119 965 1200 1008 eum·

7 1119 8 1124 ἵ
63 1063 108 1124 qne
125 1039 303 1106 Baebelouis
322 1043 449 1127 priorem
469 1054 538 1108 natu
556 1044 643 1106 lilium
660 1065 727 1107 esse
742 1043 927 1127 praedicent,
949 1044 1073 1128 ideoque
1090 1045 1199 1109 baben·

63 1143 106 1206 dns
126 1145 152 1206 ri
177 1143 272 1206 bonor
292 1153 353 1221 est,
382 1143 533 1227 inquiunt,
562 1145 637 1227 qnod
655 1145 805 1208 recondita
824 1145 911 1208 multa
930 1147 1077 1229 patefecit.
1121 1145 1198 1212 Hinc

62 1245 191 1329 estquod
210 1255 309 1308 certos
327 1245 417 1308 libros
440 1243 604 1309 leldobootb
622 1245 739 1309 nomine
757 1246 914 1331 inscriptos
932 1269 967 1310 nc
984 1248 1197 1313 commentitios

7 1335 8 1364 ³
61 1344 172 1425 babent,
204 1368 261 1410 neo
279 1369 337 1410 ncn
353 1346 492 1410 bnrbsras
511 1345 698 1432 Principum,
728 1357 760 1412 ut
779 1359 930 1426 usserunt,
962 1369 998 1412 ac
1015 1345 1197 1414 Potestatum

60 1467 104 1530 per
117 1449 342 1532 unumquodque
358 1449 471 1511 coelum
487 1449 695 1534 appellationes
710 1449 894 1528 innumeros,
925 1450 971 1533 qni
989 1469 1090 1513 omnes
1105 1449 1198 1514 bomi-

60 1569 118 1612 num
133 1551 241 1614 animis
255 1561 324 1614 sunt
339 1549 490 1614 contrarii.
534 1548 615 1615 Sane
631 1552 734 1634 ingens
748 1551 873 1614 humano
886 1551 988 1633 generi
1003 1552 1083 1614 lraus
1100 1561 1198 1617 estex

59 1649 212 1715 istiusmodi
240 1651 386 1715 bominum
412 1672 513 1716 errore
539 1663 716 1738 comperota.
769 1653 830 1717 Alii
855 1649 1058 1716 Caoleuceurb
1084 1653 1196 1718 cuidam

59 1756 170 1817 eandem
192 1754 413 1817 venerationem
437 1754 588 1832 deterunt,
624 1776 680 1838 quo
703 1755 819 1818 nornine
844 1776 931 1818 uuum
951 1775 991 1818 ex
1013 1749 1196 1838 Principibus

58 1856 205 1938 appellant.
252 1852 365 1938 Quibus
382 1875 486 1918 vocum
506 1855 651 1919 terriculis
668 1855 928 1938 commentitiisque
947 1876 982 1917 ac
997 1855 1129 1918 barbaris
1145 1877 1196 1942 ap·

58 1957 253 2036 putationibus
271 1955 411 2041 imperitis
429 1956 592 2020 bominibus
609 1958 758 2042 imponere
774 1969 928 2021 conantur.
974 1953 1033 2020 Sed
1050 1955 1195 2040 peritiori-

56 2049 119 2134 bus,
152 2070 183 2123 et
202 2059 238 2122 iis
257 2059 305 2142 qui
325 2059 531 2142 cuiuscumque
549 2058 674 2121 nominis
697 2079 731 2122 oc
748 2061 912 2143 propositos
932 2058 975 2121 rei
992 2057 1123 2122 notitiam
1141 2079 1195 2143 per

56 2157 173 2222 divinam
189 2162 333 2243 quandam
349 2159 499 2222 scientium
516 2160 644 2222 eiusdem
660 2171 728 2224 sunt
742 2161 787 2222 dei
805 2160 946 2224 beneficio
962 2158 1110 2222 consecuti
1127 2159 1194 2242 quid

54 2259 160 2324 incilics
178 2283 263 2345 quam
284 2261 341 2324 iste
361 2261 558 2325 fabulosorum
575 2261 611 2324 ab
628 2259 686 2326 illis
705 2283 836 2326 errorum
854 2262 976 2324 conlicts
994 2261 1128 2344 dogmata
1146 2282 1194 2326 re·

53 2360 171 2426 lellcrel

130 2461 206 2528 Cum
223 2464 302 2528 enirn
318 2461 476 2528 Prnnicunr
497 2464 665 2545 nominant,
697 2465 767 2529 nibil
785 2487 818 2528 en
837 2486 896 2528 vox
912 2463 989 2528 aliud
1007 2485 1091 2548 quarn
1109 2464 1192 2530 volu·
1210 2476 1269 2545 esp.
1281 2479 1324 2530 tv.

52 2573 157 2644 pletum
175 2565 358 2649 excogitatas
377 2565 530 2630 illecebras
553 2566 670 2630 indicat.
714 2565 791 2630 Num
811 2567 944 2651 quicquid
963 2561 1191 2648 npoovrsruo'pe·

51 2687 102 2726 vor
119 2666 240 2746 dieitur,
271 2667 301 2730 id
320 2687 467 2730 venereae
484 2667 610 2732 libidinis
628 2669 867 2752 significationem
886 2678 916 2730 et
933 2677 1070 2730 tentatam
1087 2667 1123 2731 ab
1139 2668 1193 2731 ali·

49 2788 104 2848 quo
125 2769 319 2854 corruptelam
345 2768 536 2832 demonstrat.
579 2767 658 2832 Nom
680 2771 715 2833 ad
735 2791 835 2834 eorum
861 2770 990 2848 lacinus,
1023 2769 1069 2852 qui
1088 2768 1191 2854 puellis

49 2878 176 2953 stuprum
198 2871 341 2949 oderunt,
372 2867 553 2933 Graecorum
577 2872 681 2935 uisitata
703 2894 764 2934 vox
786 2880 832 2934 est
849 2870 1053 2952 dnpovvlnevoe
1071 2869 1191 2950 ταύτην,

49 2966 101 3032 boc
118 2983 164 3036 est
181 2981 311 3056 stuprum
329 2969 396 3033 huic
415 2971 529 3035 obtulit.
573 2969 657 3036 Unde
676 2973 760 3036 etiam
779 2973 952 3056 impostores
971 2971 1010 3034 illi
1026 2971 1073 3055 qui
1091 2972 1126 3034 de
1143 2992 1191 3034 re·

47 3069 99 3134 bns
119 3071 265 3137 Graeciae
283 3072 480 3158 scripserunt,
508 3093 572 3136 cum
592 3073 626 3136 de
647 3073 855 3158 pulchritudine
873 3074 1047 3136 mentionem
1068 3073 1188 3152 iaciunt,

45 3169 146 3248 orciuos
162 3169 327 3255 mporivrnov
343 3173 499 3258 appellunt.
546 3171 631 3256 Quod
647 3195 718 3239 vero
732 3175 767 3238 ad
784 3196 886 3238 vocem
903 3171 1106 3239 Caulaucauch
1125 3174 1191 3237 atti·

47 3287 113 3354 net,
143 3276 209 3361 quis
228 3296 331 3340 eorum
350 3276 398 3359 qui
417 3275 542 3340 nominis
561 3275 645 3339 buius
662 3287 832 3360 potestatem
849 3275 965 3340 nouerit
980 3277 1069 3340 risum
1088 3286 1189 3340 tenere

45 3378 153 3458 possit,
177 3399 245 3440 cum
264 3377 337 3439 istos
354 3378 451 3441 videat
468 3376 608 3440 vocabule
624 3379 763 3460 quaedum
783 3375 928 3441 llebroice
945 3377 1019 3441 boue
1036 3388 1189 3464 concepte,

44 3497 98 3540 nee
123 3480 219 3542 miuus
243 3479 394 3540 commode
417 3475 532 3542 Graece
555 3477 685 3557 reddita,
717 3478 753 3542 ab
774 3479 866 3562 iisque
888 3476 936 3562 qui
955 3475 1070 3542 Graece
1092 3480 1192 3563 legunt

43 3577 131 3660 plane
145 3579 312 3657 intellecta,
335 3601 400 3644 oum
420 3577 533 3644 difficile
552 3579 623 3644 nibil
640 3579 781 3659 habeant,
804 3581 876 3644 lraeo
894 3579 960 3644 illos
979 3589 1075 3643 lemen
1093 3580 1206 3666 supri-v

43 3681 157 3744 mendis
180 3682 243 3746 sois
265 3679 351 3744 idolis
368 3681 606 3759 accommodare,
638 3681 692 3744 boc
710 3693 754 3746 est
772 3681 908 3744 inanibus
926 3681 1025 3744 formis
1047 3703 1081 3746 oc
1097 3681 1193 3746 subsi-

40 3783 189 3846 stentibus
208 3781 358 3866 principiis
375 3793 422 3860 et,
451 3793 483 3846 ut
499 3781 541 3846 ita
560 3782 670 3860 dicam,
700 3782 918 3847 simulacrorum
936 3783 1097 3865 ligmentis,
1125 3784 1191 3848 dum

40 3905 119 3948 cane
135 3884 186 3950 illa
199 3873 348 3948 nominum
362 3882 518 3948 ambitione
533 3883 680 3948 rudiorum
694 3884 838 3950 mentibus
852 3905 982 3948 errorem
995 3905 1079 3948 suum
1093 3903 1192 3968 usper-

37 3997 133 4068 gnnt,
163 4008 221 4070 quo
243 3998 356 4070 turpem
379 3985 458 4050 illam
483 4005 517 4050 ac
541 3985 700 4050 lnbnlosann
727 3996 819 4050 artem
841 3986 927 4048 latius
951 3984 1111 4070 dissipent?
1139 3983 1193 4048 [lt-

37 4093 120 4151 enim
137 4109 199 4153 vox
215 4087 265 4150 illa
284 4083 487 4151 Caulauosucb
507 4089 581 4172 apud
598 4085 717 4152 Essiam
733 4086 839 4171 scripta
856 4086 962 4170 legitur
977 4085 1006 4148 in
1023 4085 1194 4149 duodecima

35 4191 178 4269 risione,
201 4189 323 4253 comita
339 4188 481 4272 loquitur:
510 4191 725 4252 Trrlclutrbnem
740 4209 825 4268 super
840 4190 1029 4262 tribulatione,
1053 4209 1128 4268 meru
1145 4211 1193 4250 su·
1206 4205 1302 4264 morse
1311 4208 1343 4252 ιι.

66 4377 94 4428 3.
116 4379 175 4435 τοῖς
190 4377 241 4426 cod.
258 4375 332 4424 Velle.
345 4379 367 4424 ιι
380 4377 433 4423 rdlt
444 4378 519 4437 prtoc.
548 4368 605 4426 roci-
641 4375 677 4436 cf.
691 4377 761 4423 ellum
775 4377 866 4424 llloetcs
882 4375 1004 4424 Cbontotes
1020 4377 1084 4426 Tltes.
1101 4378 1195 4428 ortbod

33 4463 89 4505 τοις
107 4443 167 4494 ocu
182 4443 282 4504 Mla.
297 4447 319 4491 rt
332 4443 369 4492 ed.
383 4443 459 4504 pecc.
643 4444 695 4492 rto.
710 4443 749 4502 ll,
765 4441 805 4505 2,
821 4444 862 4504 qut
877 4443 959 4492 ecdem
974 4445 1056 4494 trodit.

66 4513 95 4568 4.
115 4505 471 4576 macedonenses
486 4512 558 4560 lette
576 4537 611 4550 -
675 4511 701 4560 b.
719 4511 812 4572 Repono
828 4501 1032 4570 drucocrnsmclo

925 4593 994 4657 11*
