2984 4996
325 275 462 328 rimanti
478 274 541 328 uto.
553 277 573 326 l.
589 276 670 329 ΤΟΜ.
684 277 728 328 lll.
744 275 843 327 flaua.
853 276 945 328 xntv.
1145 265 1201 328 701
1258 275 1261 286 “

59 397 141 475 cias,
171 397 255 482 plane
272 395 394 462 iudicem
414 407 443 461 te
459 395 572 480 legum,
596 417 653 460 non
671 397 876 480 interpretem,
906 395 995 476 iacis,
1026 416 1060 460 ac
1079 395 1207 461 delecto·

57 519 123 562 rem
141 499 267 564 omnium
286 521 360 583 quae
377 521 416 564 ex
435 498 523 564 animi
540 499 581 562 toi
596 499 740 565 sententia
761 497 878 562 minime
893 498 1001 583 scripta
1016 507 1102 577 sout3
1133 518 1207 582 qnae

58 600 119 665 etsi
134 601 289 666 verissima
303 602 378 680 siut,
403 601 475 666 ialso
494 623 511 665 a
528 613 556 666 te
574 601 760 666 nihilomiuus
778 610 1005 682 commutantur,
1030 611 1060 664 et
1076 600 1111 664 sd
1126 611 1205 664 tuom

57 725 96 768 ac
114 715 228 768 tuorum
247 725 377 768 errorem
396 705 662 769 accommodantur.
708 702 837 788 Quodsi
857 703 947 768 malus
964 703 1078 788 quidam
1098 702 1207 767 artifex

56 805 200 871 inferiora
218 806 302 884 haec,
325 827 358 870 ac
375 807 510 870 mundum
526 807 599 871 adeo
615 807 703 870 istum
719 806 836 872 molitus
853 816 909 886 cst,
934 827 986 870 cur
1001 827 1018 870 a
1033 805 1110 871 bono
1124 816 1206 891 patrc

55 909 169 972 missos
190 909 246 972 huo
267 909 315 973 ille
335 908 503 973 descendit?
546 905 579 974 Si
603 919 633 972 ut
654 909 800 974 hominum
818 929 910 993 genus
928 909 1071 994 eriperet,
1104 908 1205 974 horum

57 1010 174 1074 scilieet
190 1022 333 1096 tamquam
350 1033 469 1076 suorum
485 1032 584 1076 curam
599 1011 740 1097 suscepit,
761 1032 815 1074 nee
831 1011 906 1076 alios
921 1011 976 1074 iarn
993 1012 1126 1075 conditor
1139 1031 1205 1074 csse
1283 1025 1288 1036 ·

56 1115 204 1198 putandus
223 1125 280 1180 est.
325 1111 380 1180 Sin
397 1113 509 1179 alienos
526 1114 657 1195 curavit,
686 1135 777 1199 eaque
795 1135 868 1198 quac
888 1113 958 1178 nilril
976 1113 1010 1177 ad
1030 1133 1062 1178 se
1079 1113 1206 1199 pertine·

26 1299 33 1314 .
56 1217 132 1280 bant
149 1237 291 1303 usurpare
309 1239 344 1282 ac
359 1237 480 1282 servare
497 1216 605 1296 voluit,
638 1227 689 1281 aot
704 1217 882 1282 adulatorem
899 1216 989 1281 luisse
1006 1237 1127 1280 neccsse
1147 1227 1204 1294 est,

56 1320 110 1404 qui
126 1319 230 1384 alienis
246 1319 422 1398 adhaeserit,
441 1329 491 1384 aot
505 1319 616 1402 gloriae
631 1319 775 1404 cupidum,
800 1319 848 1403 qui
864 1331 893 1384 ot
908 1319 1058 1384 conditore
1074 1339 1107 1383 se
1123 1339 1206 1405 prae·
1341 1382 1342 1388 ,

57 1422 232 1486 stantiorem
250 1422 435 1502 ostenderet,
459 1441 529 1508 prae
548 1420 667 1501 alienis,
691 1426 765 1507 qu'ac
786 1442 908 1486 servare
925 1421 1107 1501 instituerat,
1139 1441 1207 1486 soo-

55 1545 125 1588 rum
142 1524 259 1588 minimo
275 1523 420 1589 desiderio
437 1535 605 1604 teneretur3
636 1546 675 1588 ex
691 1547 748 1610 quo
767 1545 855 1589 verus
871 1545 906 1589 ao
922 1523 1056 1590 sincerus
1072 1542 1139 1588 esse
1157 1524 1206 1587 de-

56 1627 149 1692 sinet.
197 1623 256 1690 Sed
278 1647 373 1712 oeque
396 1627 595 1700 moderatione
617 1626 705 1692 animi
726 1627 889 1713 praeditus,
923 1626 971 1712 qui
994 1648 1058 1691 cum
1078 1636 1206 1690 creatam

57 1751 124 1794 rem
141 1729 248 1794 nullam
265 1729 408 1816 propriam
427 1729 551 1808 habeat,
580 1730 673 1794 aliena
692 1729 871 1816 concupiscit
887 1739 918 1793 ct
934 1728 1129 1794 intervertere
1145 1738 1207 1818 stq-

58 1833 128 1912 det,
152 1833 207 1896 hoc
223 1843 270 1896 est
285 1831 415 1910 animas,
446 1853 519 1917 quae
538 1831 609 1896 nihil
624 1833 658 1896 ad
673 1853 706 1896 se
723 1833 770 1896 vel
785 1843 934 1918 parentem
950 1851 1032 1896 suum
1049 1831 1206 1917 pertinent,

58 1943 164 2000 contra
180 1935 225 1998 ius
243 1936 345 2019 larque
359 1935 520 2000 vindicare.
566 1931 652 2017 Quod
667 1933 693 1998 si
707 1935 840 2020 propriae
856 1945 925 1999 sunt
939 1932 1003 2000 eius
1016 1933 1142 2014 animae,
1164 1943 1208 1997 at-

58 2057 119 2123 que
135 2057 153 2101 e
168 2038 251 2101 coelo
267 2037 401 2123 delapsae
419 2038 573 2117 videntur,
603 2057 786 2122 consequens
803 2049 848 2102 est
864 2057 946 2102 ensa
965 2057 1101 2122 supremo
1116 2036 1208 2100 bono·

58 2161 118 2225 que
136 2140 190 2203 deo
209 2139 329 2218 missas,
353 2149 383 2203 et
401 2140 430 2204 in
448 2139 554 2204 bonum
571 2139 705 2204 muudum
720 2139 900 2203 introductas
915 2138 1017 2204 luisse.
1061 2140 1160 2225 Atque
1176 2147 1209 2203 ut

58 2242 169 2306 missas
191 2241 255 2306 illos
276 2243 312 2306 ad
334 2263 417 2306 usum
439 2242 563 2327 aliquem
587 2243 716 2323 latrare,
747 2262 832 2327 quem
851 2251 912 2306 tote
933 2241 1128 2319 confinxeris,
1160 2240 1208 2306 uti

59 2354 161 2408 autem
176 2344 328 2428 ingressae
345 2355 414 2410 sunt
428 2345 565 2410 aliorsum
583 2344 751 2424 deflexisse,
776 2355 856 2430 pota,
880 2354 911 2409 ut
925 2345 1001 2408 iuste
1016 2343 1121 2429 aliquid
1138 2363 1208 2428 age·

58 2455 131 2510 rent
148 2446 309 2525 immissas,
332 2445 453 2512 sceleris
470 2446 612 2533 quippiam
630 2457 830 2533 perpetrasse,
854 2447 901 2530 qui
917 2467 968 2511 eas
983 2445 1120 2530 allegavit
1138 2445 1207 2509 nihil

61 2547 183 2614 omnino
205 2549 385 2635 praevidisse
407 2549 575 2626 videbator,
604 2570 668 2614 oum
691 2548 810 2614 alterius
829 2549 870 2612 rei
887 2549 980 2633 gratia
994 2548 1123 2628 miserit,
1154 2567 1207 2612 eae

59 2671 137 2716 vero
152 2652 299 2716 contraria
317 2652 413 2716 omnia
432 2651 640 2737 praestiterint.
687 2647 741 2716 Sin
759 2671 795 2714 eo
818 2651 988 2735 confugias,
1020 2661 1053 2714 ut
1069 2650 1145 2716 illius
1163 2650 1207 2714 in-

60 2752 147 2820 iussu
162 2773 196 2818 ae
211 2755 335 2841 raptoris
351 2753 504 2840 tyrannide
517 2764 635 2820 coactos
650 2753 766 2818 venisse
783 2753 968 2837 pronunties,
992 2753 1075 2838 plane
1091 2763 1208 2818 creatus

60 2855 111 2922 ille
136 2853 255 2922 allone
274 2858 328 2922 deo
346 2854 444 2922 Malos
462 2858 570 2920 artilex
587 2853 672 2921 Bono
694 2856 758 2941 ipso
774 2856 828 2920 deo
848 2855 951 2920 fortior
966 2855 1131 2920 censendos
1149 2866 1206 2936 ert,

62 2959 111 3043 qni
132 2979 206 3044 quae
227 2960 261 3023 ad
279 2959 359 3024 illum
376 2958 558 3045 pertinebant
575 2959 718 3022 violenter
732 2969 831 3042 erepta
854 2958 888 3021 ad
907 2979 977 3022 usus
995 2977 1066 3022 suos
1081 2967 1208 3022 transto-

61 3061 107 3124 lit.
154 3059 265 3126 Verum
282 3081 379 3125 nonne
403 3073 430 3125 te
453 3082 513 3124 vox
530 3061 592 3145 ipsa
609 3060 765 3124 salvatoris
782 3060 933 3124 evidenter
949 3059 1096 3144 coarguit:
1126 3065 1207 3122 Pote-

61 3175 162 3225 etatem
179 3165 265 3226 ludeo
275 3168 399 3246 ponendi
413 3167 531 3226 mirem
547 3183 650 3236 mecm,
673 3175 702 3224 et
717 3167 845 3226 sumendi
856 3165 955 3225 illam?
983 3163 1065 3246 quasi
1082 3162 1204 3226 animam

60 3265 112 3329 ille
131 3265 303 3351 sumpserit,
327 3285 362 3328 ac
379 3265 523 3350 posuerit,
547 3266 699 3349 denuoque
716 3265 878 3349 receperit,
902 3276 933 3328 ut
952 3285 1009 3328 non
1026 3264 1121 3329 aliena
1139 3285 1206 3328 esse

62 3367 161 3432 anima
179 3378 229 3431 aut
243 3367 326 3432 alteri
342 3367 439 3452 opilici
453 3367 605 3432 tribuenda
619 3367 762 3432 videatur.
807 3363 879 3430 lllod
894 3366 980 3430 etiam
996 3366 1137 3451 sequitur,
1156 3367 1206 3431 bo-

62 3491 133 3534 num
148 3469 217 3534 illud
232 3469 365 3534 habuisse
379 3491 495 3556 corpus.
530 3467 636 3554 Neque
650 3470 727 3534 enim
742 3468 910 3555 persuaderi
926 3470 1003 3534 bono
1017 3469 1139 3554 cuipiam
1156 3489 1206 3554 po·

63 3583 141 3651 teat,
172 3573 278 3636 malum
300 3583 422 3658 utopus
443 3573 478 3636 ad
497 3571 745 3650 usumadhibeat‚
778 3591 814 3636 ne
830 3571 896 3634 dum
913 3572 979 3636 mali
1002 3571 1035 3635 fit
1050 3572 1204 3657 particeps,

63 3673 259 3759 improbitatis
275 3695 309 3738 ae
325 3673 470 3758 nequitiae
485 3673 658 3758 contagione
674 3674 827 3760 polluatur.
869 3670 1026 3752 lancem,
1047 3673 1072 3736 si
1086 3673 1208 3759 ipsemet

44 3792 50 3803 ¹
64 3797 173 3863 corpus
188 3777 444 3856 excitandorum,
477 3777 549 3842 cedo
566 3775 632 3862 quid
649 3797 686 3840 eo
701 3787 768 3862 post
784 3776 1028 3841 resurrectionem
1045 3777 1141 3840 iacere
1157 3777 1207 3838 de·

65 3879 220 3944 creverat?
247 3889 296 3943 aut
316 3901 368 3944 cur
388 3879 492 3944 iterum
516 3879 584 3944 illud
607 3879 739 3964 reliquit,
771 3890 855 3964 atque
876 3879 904 3942 in
923 3890 1047 3963 quotuor
1064 3879 1208 3942 elementa

64 3981 189 4067 partitus
203 3992 264 4060 est,
289 3981 361 4046 aleo
376 3992 408 4044 ut
420 3981 542 4048 calidum
558 3980 666 4059 cclido,
692 3980 796 4065 frigido
814 3980 966 4065 frigidum,
990 3981 1069 4046 sicco
1084 3980 1205 4059 siccum,

65 4081 212 4148 humidum
228 4083 343 4148 humido
359 4084 547 4150 restitueret?
588 4082 665 4148 Nam
681 4083 706 4148 si
724 4083 793 4148 illud
810 4082 958 4148 excitabat
975 4082 1041 4146 ideo
1055 4092 1087 4146 nt
1101 4083 1206 4146 iterum

65 4184 258 4266 dissolveret,
288 4205 340 4271 per
356 4186 451 4253 ludum
470 4187 664 4266 hoclecisse‚
689 4206 746 4251 uon
764 4185 842 4250 serio
858 4205 892 4250 ao
906 4184 982 4250 bona
1000 4184 1072 4264 tide,
1097 4183 1207 4248 videbi·

66 4297 127 4350 tur.
170 4285 331 4352 Enimvero
350 4289 483 4354 dominus
503 4286 586 4354 lesus
604 4284 741 4354 Christus
757 4287 880 4374 idipsum
901 4286 1059 4367 excitavit,
1089 4307 1206 4371 corpus,

67 4385 194 4472 inquom,
218 4390 323 4476 ipsum,
347 4392 422 4476 quod
438 4393 578 4457 formarat
590 4389 645 4456 sibi
661 4411 716 4455 ona
731 4413 796 4454 eum
813 4390 908 4455 anima
925 4390 1088 4474 ceterisque
1104 4387 1208 4474 quibus
