3036 4998
287 297 348 362 ³54
711 305 830 358 ειαοτι
850 305 1019 359 τειναιαα

288 448 376 511 σιμον
388 431 446 492 τοῖν
463 429 562 493 ἐθνῶν
575 425 681 510 τέρψιν
694 427 736 501 είς
751 424 839 509 τιμῆν
857 431 916 490 ταῖν
932 424 1060 491 εῖδάλοον
1076 427 1232 511 γινομένην
1247 433 1361 512 προῦτοι
1374 447 1440 492 συν·

288 534 384 610 ίασιν,
416 525 457 606 ἀς
478 529 551 612 μηδὲ
573 535 625 610 τῆς
644 526 726 612 παρά
746 535 811 616 θεῷ
832 528 885 592 καί
900 523 1079 612 ἀνθράποις
1094 530 1291 613 μεμισημένης
1312 537 1366 613 τῆς
1383 537 1442 596 τοῖν

287 628 484 719 θηριομάχτον
495 633 547 697 καί
560 633 741 713 μονομαχίας
755 627 946 716 ἀνδροφόνου
959 631 1035 706 θέας
1045 627 1207 714 ἀπίχεσθαι
1221 635 1318 708 ἐνίους
1329 629 1441 698 αῦτῦν·

289 737 321 801 σί
340 734 373 799 δὲ
393 735 445 798 καί
462 741 526 808 ταῖς
541 740 594 817 τῆς
610 730 720 818 σαρκδς
735 729 859 816 ἡδοναῖς
872 732 1046 818 κατακόρως
1061 732 1250 811 δουλεύοντες
1264 732 1301 800 τά
1317 733 1442 822 σαρκικά

287 843 350 912 τοῖς
372 843 525 922 σαρκικοῖς
544 837 595 902 καί
615 834 653 900 τά
669 833 851 918 πνευματικά
873 844 936 912 τοῖς
953 845 1163 919 πνευματικοῖς
1179 834 1382 902 ἀποδίδοσθαι
1398 839 1442 902 λί-

288 958 381 1024 γονσι.
426 940 488 1003 Καὶ
504 941 535 1004 οἱ
549 939 602 1021 μὲν
618 935 717 1003 αῦεεῦν
732 939 833 1022 λάθρα
850 935 904 1014 τάς
920 941 1132 1022 διδασκομίνας
1149 936 1201 1004 ἀπ’
1217 937 1317 1006 αάτοῦν
1331 937 1385 1023 τῆν
1400 943 1442 1004 δι·

289 1039 381 1124 δαχῆν
402 1039 513 1123 ταύτην
530 1049 670 1127 γυναῖκας
688 1044 933 1125 διαφθείρουσιν,
965 1038 1006 1118 οῖς
1021 1040 1160 1118 πολλάκις
1175 1039 1227 1107 ἀπ’
1244 1044 1331 1109 ίνίοιν
1345 1041 1444 1108 αῦτοῖν

271 1146 535 1226 ἐξαπατηθεῖσαι,
563 1144 663 1208 ἔπειτα
684 1145 899 1227 ίπιστρίψασαι
919 1152 1057 1230 γυναῖκες
1078 1147 1120 1220 είς
1139 1142 1194 1227 τῆν
1214 1147 1370 1227 ἐκκλησίαν
1389 1151 1444 1210 τοῦ

287 1253 365 1312 θεοῦ
387 1245 441 1311 σῦν
461 1254 498 1335 τῆ
514 1253 604 1334 λοιπῆ
620 1243 715 1335 πλάνη
733 1249 785 1311 καί
801 1253 889 1313 τοῦτο
905 1245 1176 1332 ίξωμολογῆσαντο,
1208 1249 1240 1313 οῖ
1254 1247 1287 1312 δὲ
1302 1249 1353 1313 καλ
1367 1244 1443 1313 κατά

288 1346 322 1414 τδ
345 1346 477 1434 φανερδν
496 1345 769 1433 ἀπερυθριάσαντες
791 1340 834 1413 ἀν
855 1347 894 1413 ἀν
908 1349 1057 1434 ἒρασθῦσι
1077 1356 1248 1435 8γυναικοῖν
1264 1351 1374 1426 ταῦτας
1391 1346 1442 1414 ἀπ’

287 1451 404 1536 ἀνδρῶν
428 1447 679 1527 θάποοπάσαντες
703 1453 780 1527 ἰδίας
803 1449 930 1536 γαμεταῖς
950 1447 1114 1536 ἡγήσαντο·
1144 1449 1227 1518 ἀλλον
1244 1453 1278 1518 δδ
1297 1444 1337 1519 αά
1354 1450 1443 1517 πάλιν

165 1588 215 1636 μσς.
230 1575 274 1620 ινα
288 1559 402 1638 σεμνῶς
417 1549 479 1618 κατ’
495 1549 601 1637 ἀρχάς,
625 1549 667 1629 ἀς
679 1552 755 1638 μετά
771 1551 907 1635 ἀδελφοῖν
921 1552 1173 1641 προςποιοῦμενοι
1187 1564 1347 1635 συνοικεῖν,
1368 1579 1442 1639 προ-

289 1655 386 1732 ϊόντος
404 1663 458 1721 τοῦ
475 1653 584 1739 χρόνον
603 1651 787 1740 ῆλίχθησαν,
817 1655 980 1742 ἐγκύμονος
995 1663 1049 1740 τῆς
1065 1655 1194 1740 ἀδελφῆς
1210 1654 1270 1725 ῦπδ
1288 1665 1343 1724 τοῦ
1359 1653 1442 1723 ἀδελ·

287 1765 349 1841 φοῦ
370 1763 552 1844 γενηθείσης.
597 1759 657 1822 Καὶ
678 1755 750 1824 ἀλλα
771 1759 803 1825 δὲ
821 1767 913 1825 πολλα
938 1758 1056 1844 μυσαρά
1080 1763 1130 1826 καί
1156 1758 1235 1826 τ’ίθεα
1260 1759 1443 1846 πράσσοντες

287 1857 373 1944 ἡμῶν
394 1861 447 1943 μὲν
468 1858 518 1926 διά
539 1857 591 1926 τδν
612 1858 712 1943 φόβον
733 1869 786 1926 τοῦ
803 1868 880 1928 θεοῦ
895 1863 1126 1945 φυλασσομίνοιν
1142 1865 1193 1929 καί
1209 1866 1309 1950 μίχρις
1325 1865 1442 1940 ἐννοίας

287 1967 339 2030 καῖ
350 1962 439 2049 λόγου
453 1958 592 2050 ἀμαρτεῖν
603 1965 829 2048 κατατρέχουσιν
842 1961 883 2040 ἀς
897 1967 1048 2031 ὕίδιοοτοῖν
1059 1967 1111 2030 καῖ
1125 1967 1217 2049 μηδὲν
1227 1967 1440 2048 ἐπισταμένων,

287 2064 411 2142 ίανιοῦς
424 2065 457 2130 δὲ
469 2061 670 2152 ῦπερυψοῦσι,
692 2071 819 2142 τελείους
833 2065 1057 2150 ἀποκαλοῦντες,
1078 2070 1130 2134 καί
1142 2069 1294 2154 σπέρματα
1307 2069 1440 2152 διαλογῆς.

285 2165 379 2250 Ἡμεῖς
396 2169 448 2250 μὲν
463 2165 519 2253 γάρ
534 2166 678 2254 ἐκχρήσει
693 2167 748 2252 τῆν
761 2167 846 2254 χοίριν
858 2168 1018 2251 λαμβάνειν
1030 2170 1146 2257 λέγουσι
1151 2221 1160 2250 ,
1183 2169 1231 2237 διδ
1248 2171 1301 2236 καλ
1316 2166 1441 2256 ἀφαιρε-

285 2269 438 2353 θήσεσθαι
454 2267 559 2352 αάτῆς·
590 2268 702 2346 αῦτοάς
719 2271 752 2336 δὲ
770 2269 937 2354 ῖδιόκτητον
955 2270 1075 2338 ἀνοθεν
1093 2270 1153 2340 ἀπδ
1168 2278 1223 2356 τῆς
1237 2269 1370 2359 ἀρρήτου
1386 2273 1440 2337 καί

285 2370 489 2456 ἀνονομάστου
503 2376 640 2458 συζυγίας
656 2381 971 2460 6συγκατεληλυθυῖαν
984 2376 1059 2458 ίχειν
1071 2373 1124 2458 τῆν
1136 2373 1231 2463 χάριν,
1245 2377 1297 2442 καί
1307 2371 1359 2440 διά
1370 2381 1439 2440 τοῦ·

284 2500 318 2541 το
333 2473 590 2559 προςτεθῆσεσθαι
607 2472 717 2552 αὐτοῖς.
758 2474 815 2543 Διδ
830 2478 881 2542 καί
894 2478 928 2543 ίκ
940 2474 1051 2554 πονεῖς
1062 2477 1178 2565 τρόπον
1193 2481 1256 2542 δεῖν
1268 2474 1378 2553 αῦτοῦς
1391 2473 1440 2542 ἀεῖ

284 2575 317 2642 τδ
339 2583 392 2661 τῆς
412 2582 551 2663 συζυγίας
568 2583 686 2660 μελετᾶν
703 2577 872 2664 μυστήριον.
917 2581 979 2644 Καὶ
995 2585 1083 2646 τοῦτο
1102 2585 1241 2648 πείθουσι
1257 2577 1330 2656 τοῦς
1348 2576 1441 2663 ἀκοῆ-

282 2703 354 2756 τους
367 2677 472 2756 αάταῖς
487 2682 576 2758 λέξεσι
591 2681 723 2766 λέγοντες
738 2682 840 2757 οὕτως.
876 2679 934 2758 Ὃς
948 2679 985 2746 ἀν
1000 2683 1032 2747 ἐν
1047 2680 1149 2774 κάσμηι
1163 2679 1321 2769 γενόμενος
1336 2691 1441 2768 γυναῖ-

282 2805 323 2847 κα
339 2780 394 2847 οῦκ
411 2785 561 2865 ἐφίλησεν,
585 2780 656 2858 ἀςτε
671 2780 763 2866 αῦτῆν
776 2790 978 2868 κρατηθῆναι,
1000 2782 1056 2850 οῦκ
1071 2787 1150 2851 ῖστιῦ
1163 2787 1194 2862 ἐξ
1207 2783 1365 2869 ἀληθείας,
1385 2787 1441 2851 καί

283 2881 321 2952 οῦ
334 2883 460 2971 χαρῆσει
475 2888 517 2960 εἰς
533 2880 691 2968 ἀλήθειαν·
713 2881 731 2950 δ
747 2885 779 2951 δὲ
794 2882 854 2952 ἀπδ
869 2885 984 2969 κόσμου
1004 2885 1073 2954 7οδν
1089 2889 1251 2974 κρατηθείς
1264 2889 1385 2974 γυναικί
1402 2885 1441 2954 οῦ

281 2987 405 3072 χωρήσει
430 2989 471 3063 είς
491 2984 651 3070 ἀλήθειαν,
681 2985 732 3052 διαί
749 2985 783 3054 τδ
802 2987 844 3072 μῆ
866 2991 898 3055 ίν
917 2991 1063 3078 ἐπιθυμία
1080 2997 1267 3076 κρατηθῆναι
1283 2988 1440 3077 γυναικός.

282 3088 342 3156 Διά
362 3097 450 3156 τοῦτο
474 3081 528 3156 οῦν
548 3087 628 3172 ῆμῖις
652 3087 786 3166 Βιιαλοιίς
805 3089 953 3174 ψυχικοῦς
970 3089 1146 3176 ἀνομάζουσι
1165 3095 1218 3159 καλ
1241 3095 1299 3159 θίκ
1319 3091 1439 3176 κόσμον

281 3189 358 3258 εῖναι
374 3193 506 3278 λίγονσι,
528 3193 580 3257 καί
595 3189 757 3278 ἀναγκαίαν
772 3188 844 3276 ῆμῖν
859 3190 913 3276 τῆν
932 3192 1102 3282 ίγκράτειαν
1115 3197 1165 3260 καί
1182 3193 1303 3280 ἀγοθῆν
1316 3200 1437 3280 πρᾶξιν,

279 3296 330 3359 ίνα
347 3291 384 3359 δι’
400 3293 492 3378 αῦτῆς
507 3297 642 3378 ίλθομιν
657 3297 699 3370 είς
715 3292 769 3360 τδν
783 3301 837 3378 τῆς
852 3293 1011 3379 μεσότητος
1029 3295 1130 3364 τόπον.
1175 3294 1288 3373 Αῦτοῖς
1302 3297 1334 3362 δὲ
1349 3321 1438 3362 κνευ.

279 3405 417 3478 μανικοῖς
433 3421 463 3461 τε
484 3399 534 3463 καί
555 3401 674 3472 τελείοις
691 3398 885 3480 καλουμένοις
902 3403 1060 3482 μηδαμῦς·
1095 3395 1177 3464 ιοου’
1192 3395 1249 3485 γάρ
1266 3401 1378 3483 πρᾶξις
1395 3402 1440 3475 εἰς

280 3497 435 3585 Πλῆραμα
456 3498 576 3586 είςοίγει,
606 3497 677 3564 ἀλλά
698 3497 732 3566 τά
754 3501 870 3587 σπέρμα
887 3498 920 3566 τδ
938 3503 1055 3567 ίκεῖθεν
1073 3502 1181 3585 νήπιον
1196 3501 1439 3584 ίκπεμπίμενοκ,

283 3601 435 3667 11ίνθαίδε
452 3601 659 3685 τελειοῦμενον.
693 3599 789 3668 ’Ὅταν
811 3603 845 3668 δὲ
862 3609 923 3668 πῦν
940 3601 974 3670 τδ
993 3607 1109 3690 σπέρμα
1125 3607 1281 3694 τελειωθῇ,
1311 3603 1369 3688 τῆν
1385 3605 1441 3688 μίν

275 3698 418 3786 Ἀχαμάθ
436 3702 491 3787 τῆν
511 3705 622 3790 μητέρα
642 3702 742 3770 αῦτοῖν
766 3711 985 3790 ημεταστῆναι
1005 3713 1060 3773 τοῦ
1080 3713 1136 3790 τῆς
1150 3703 1317 3790 μεσότητος
1336 3703 1439 3774 τόπον

275 3805 408 3889 λέγουσι,
438 3807 488 3872 καί
504 3803 587 3882 ίντδς
605 3805 810 3894 Πληροίματος
830 3811 970 3886 είςελθεῖν
985 3811 1037 3876 καῖ
1055 3807 1216 3891 ἀπολαβεῖν
1233 3806 1286 3875 τάν
1303 3815 1441 3891 νυμφίον

276 3903 368 3990 αῦτῆς
384 3906 436 3975 τδν
450 3915 593 3996 Σωτῆρα,
615 3907 668 3976 τάν
682 3911 716 3975 ἐκ
732 3907 853 3977 πάνταν
867 3909 1018 3998 γεγονότα,
1040 3914 1091 3978 ῖνα
1104 3915 1226 3998 συζυγία
1242 3911 1363 3996 γίνηται
1379 3919 1438 3978 τοῦ

307 4131 332 4184 3.
349 4131 472 4216 ηνναικοιι
489 4147 536 4184 κστ
553 4137 616 4184 καλοῖ
632 4137 658 4183 in
674 4136 726 4185 τοῦ.
741 4137 795 4186 Vm.
868 4139 966 4200 Νεςσεῖσ
983 4137 1059 4188 διίκεο
1078 4141 1112 4188 ed
1127 4151 1157 4188 σε
1173 4138 1310 4188 σειολοτῖλσλε
1328 4137 1380 4189 Vct.
1399 4139 1441 4191 h·

306 4195 331 4251 4.
348 4196 504 4259 ατοσιτδντες
519 4197 632 4282 γαμετὰς
648 4203 699 4252 σοθ.
716 4205 771 4254 Vm.
869 4207 982 4267 ετνρτιείι.

305 4268 329 4318 5.
348 4266 451 4335 ἰδίῳ
415 4285 465 4321 των
479 4269 609 4330 caprino,
623 4271 777 4331 quamtum
788 4271 833 4322 Pe·
899 4275 924 4322 ελ
937 4273 971 4322 θα
982 4276 1033 4324 iun
1043 4273 1112 4323 θυίαν
1121 4275 1230 4324 vocabuli
1230 4275 1312 4336 ,ηαοσ
1324 4275 1373 4325 Vct.
1383 4279 1441 4339 ητα·-

272 4337 350 4386 tantm
365 4323 464 4388 στ’ττετλλ
480 4349 522 4398 ομι
538 4337 591 4386 αοθ
606 4339 720 4388 Υτελοοιιι
867 4339 921 4389 δατ
932 4341 1101 4404 mmmmm
1113 4344 1225 4406 ορτοεεθ,
1240 4337 1344 4406 κολαδς,
1360 4343 1440 4394 adm

303 4399 328 4453 6.
345 4408 439 4488 κατελη
441 4405 542 4456 λνθυίαν
555 4405 606 4454 eod.
624 4407 677 4456 Ven.
869 4409 991 4458 θτσθλατι.
1015 4409 1099 4460 Dillius
1110 4412 1232 4494 μτορεαολ
1246 4410 1309 4460 λων
1322 4413 1441 4462 mondu-

304 4462 368 4522 7
345 4487 381 4523 οιν
394 4421 439 4537 μῆ
444 4469 583 4538 κρατηθεὶς
598 4473 666 4522 τοῦδ.
681 4476 734 4524 Vm.
749 4479 771 4524 τε
784 4477 831 4524 Va·
866 4477 968 4526 λῖοαεαιε
983 4469 1046 4542 ῆμῖν
1063 4471 1124 4543 μίν,
1141 4493 1186 4537 ους
1200 4472 1328 4546 ψυχικοῦς
1341 4472 1441 4546 ἀνομοί-

268 4540 306 4588 ue.
328 4534 461 4604 γενόμενος
472 4535 509 4605 μδ
524 4539 663 4607 κρατηθεὶς
673 4544 759 4606 rcum
767 4544 829 4594 λιστα
867 4543 938 4605 ζουσι
953 4549 1019 4609 m,
1035 4545 1098 4608 ςαοτλ
1114 4559 1162 4598 τινα
1177 4548 1258 4608 proto.
