2986 4996
321 225 456 277 Phllhllll
474 225 551 276 ΔΜ.
569 223 739 276 HAERESES
756 223 818 276 Lttt.
832 225 852 275 l.
868 225 948 277 ΤΟΜ.
961 227 980 276 l.
1181 217 1224 278 45

90 343 175 429 gressi
188 343 218 407 io
232 343 351 408 deserto
364 341 508 410 Sionitioo
524 355 620 407 oestro
637 343 735 406 metati
751 354 830 407 sunt.
863 342 940 408 'l'uor
956 341 1055 429 Moysi
1073 343 1118 408 dei
1135 365 1223 410 servo

89 447 205 511 divinum
224 447 373 510 oreoulom
394 465 550 509 recensere
566 445 700 530 populum
718 444 809 523 iubet,
832 465 991 530 eorumque
1010 466 1160 510 numerum
1178 446 1224 509 io·

2 559 3 562 ’
88 549 144 628 ire,
165 548 211 632 qui
226 547 381 611 militarem
396 557 520 610 oetatem
538 547 633 631 odepti
649 555 777 610 trooture
793 566 874 610 orme
889 557 1025 631 possent,
1048 568 1067 610 o
1083 547 1223 612 vioesimo
1252 545 1254 550 ’

89 650 182 713 teletis
195 670 273 712 enno
290 650 326 711 nd
344 648 625 732 quinquagesimum.
670 643 765 729 Quem
786 647 817 710 iu
840 647 1064 733 descriptionem
1081 660 1223 712 sexcenta

88 751 182 834 viginti
204 761 235 814 et
256 759 323 814 ooto
345 749 434 812 millio
456 771 491 814 ee
513 751 670 834 quingente
691 747 786 833 oepitu
807 749 899 812 relnte
920 760 999 813 sunt.

162 852 259 937 Atque
275 850 352 914 idem
365 849 434 914 illud
450 861 563 936 tompus
577 850 631 915 luit
644 872 701 934 quo
715 848 789 935 opud
804 847 938 913 Grnouos
950 848 1076 915 Inachus
1090 851 1222 932 florebat,
1288 869 1294 888 ‘

87 954 161 1018 ouius
175 951 210 1017 lo
231 951 290 1016 lilio
305 951 405 1016 Atthis
422 952 495 1016 elios
513 953 589 1016 dioto
604 951 723 1016 Atticos
742 950 856 1034 regioni
877 952 912 1014 de
929 972 983 1014 suo
1003 973 1108 1016 nomen
1132 954 1224 1038 impo-

2 1077 3 1092 ¹
87 1055 149 1120 suit.
190 1052 244 1118 Ex
260 1053 362 1118 eedem
379 1063 464 1117 nutus
479 1064 510 1116 et
524 1051 687 1139 Bosporus,
711 1054 757 1116 eui
775 1053 957 1136 cognominis
971 1053 1041 1116 urhe
1057 1053 1086 1117 in
1105 1053 1224 1118 Euxino

87 1157 151 1220 utri
170 1156 277 1241 posite.
323 1152 384 1219 Sed
401 1154 541 1240 Aegyptii
558 1151 618 1218 lsin
637 1155 714 1218 illem
731 1165 915 1238 nunoupont,
938 1175 971 1217 oo
988 1175 1041 1239 pro
1061 1155 1115 1218 deu
1134 1175 1225 1220 vene·

87 1269 189 1324 mutor.
219 1254 320 1320 lueehi
336 1277 424 1341 porro
442 1276 546 1319 nomen
564 1258 651 1320 etiem
670 1255 775 1320 lluvius
790 1256 905 1338 puidam
922 1256 1044 1320 sortitus
1057 1266 1114 1320 est.
1146 1253 1224 1322 Cne-

88 1371 171 1424 terum
187 1359 270 1422 illine
286 1355 468 1422 Graecorum
486 1357 624 1441 mysterio
640 1357 855 1440 religionesque
872 1356 1021 1420 derivatae
1040 1367 1126 1435 sunt,
1150 1377 1223 1441 queo

88 1463 153 1546 opud
172 1459 357 1545 Aegyptius,
379 1456 530 1544 Phryges,
553 1455 718 1521 Phoenices
743 1468 773 1521 et
794 1455 975 1543 Behylouios
1003 1457 1078 1521 mele
1099 1458 1224 1522 emeher

88 1561 245 1648 excogitate
262 1581 315 1646 per
329 1557 471 1624 Cadmum
488 1570 518 1622 et
535 1557 685 1638 lueohum,
709 1559 759 1643 qui
777 1560 856 1643 prius
872 1559 947 1644 Apis
964 1561 1057 1623 dietus
1071 1557 1223 1644 Memphin

88 1663 178 1726 urhem
196 1663 343 1740 condidit,
362 1683 401 1724 ex
416 1661 553 1745 Aegypto
569 1661 708 1724 translate
723 1671 793 1723 suut
808 1661 838 1723 iu
856 1659 1022 1725 Graeciam.
1056 1657 1223 1743 Quinetiam

90 1763 121 1827 eh
136 1761 254 1851 Orpheo
278 1764 401 1847 aliisque
419 1762 564 1826 nonnullis
581 1763 698 1826 invecto
714 1761 811 1826 vorios
826 1762 855 1825 in
874 1772 971 1826 seotes
991 1762 1128 1827 coaluere
1146 1774 1225 1848 post·

90 1867 211 1946 modum
236 1887 357 1949 querum
374 1862 532 1948 Epiourus,
556 1863 641 1927 Zeno
660 1861 792 1942 Stoicos,
814 1861 999 1948 Pythagoras
1018 1885 1053 1926 oo
1068 1861 1153 1928 Pluto
1172 1863 1225 1928 du-

90 1987 134 2030 oes
154 1978 241 2052 atquo
267 1967 437 2030 inventores
463 1967 591 2029 luerunt.
638 1963 731 2048 lgitur
753 1963 789 2027 eh
811 1965 861 2028 illo
883 1976 1013 2049 tempore
1035 1966 1225 2030 oorrohoreto

89 2069 217 2154 deinceps
230 2068 279 2131 illo
293 2068 462 2153 superstitio
479 2067 514 2130 ed
530 2067 679 2152 imperium
698 2086 789 2150 osque
801 2063 1025 2130 Mooedonieum
1043 2077 1074 2130 et
1087 2063 1223 2130 Xerxem

89 2167 236 2236 Persarum
249 2170 420 2254 prinoipem,
441 2179 506 2253 post
521 2168 643 2253 primum
659 2167 932 2249 Hierosolymorum
949 2168 1106 2232 excidium.
1134 2166 1224 2232 Item·

87 2293 137 2356 que
154 2273 190 2336 ad
205 2269 507 2335 Nabuchodonosoris
525 2291 617 2353 usque
632 2269 839 2354 captivitatem,
864 2268 995 2352 adeoque
1009 2267 1092 2332 Darii
1109 2279 1139 2333 et
1152 2268 1226 2333 Ale·

87 2375 184 2438 sundri
205 2371 381 2438 Meoedonis
402 2381 544 2456 temporo.
591 2369 669 2434 'l'om
685 2371 762 2433 enim
778 2367 863 2434 Plato
880 2370 1020 2447 florebat,
1043 2391 1078 2432 ee
1094 2370 1141 2454 qui
1156 2367 1225 2434 Ple·

85 2485 176 2539 tooem
192 2484 289 2539 aetate
307 2473 468 2559 proeoessit
483 2470 678 2555 Pythagor-ns,
702 2482 733 2536 et
747 2471 795 2556 qui
812 2481 879 2555 post
893 2491 958 2534 eum
975 2471 1052 2535 vixit
1064 2469 1222 2555 Epicurus.

83 2573 130 2640 Ex
146 2577 212 2656 illo,
235 2575 278 2640 nti
294 2574 370 2654 dixi,
394 2574 549 2638 oouesione
564 2572 746 2638 Greeoorum
765 2583 952 2636 monumento
968 2583 1125 2657 propagulo
1142 2583 1222 2636 suut.

84 2675 158 2742 Tum
179 2697 255 2762 quoe
272 2677 430 2740 moundum
445 2676 514 2739 illud
532 2685 643 2760 tempus
660 2675 824 2738 oelehrntoe
847 2675 965 2738 luerunt
987 2673 1224 2759 philosophorum

82 2791 190 2859 sertae,
213 2799 267 2842 ene
284 2778 400 2842 temetsi
416 2799 515 2842 senum
532 2777 656 2841 invioem
673 2777 703 2840 in
720 2796 757 2838 eo
776 2775 973 2856 consentiant,
997 2775 1073 2859 'quod
1091 2793 1223 2838 errorem

82 2893 276 2967 propugnant,
301 2899 458 2966 paremque
480 2889 510 2944 et
528 2879 650 2942 enodem
673 2877 856 2942 idololatriae
880 2888 966 2960 atquo
989 2875 1145 2961 impietatis
1171 2875 1223 2939 do·

81 2984 199 3048 etrinom
223 2991 405 3061 contexant,
428 2981 527 3044 inille
551 2991 648 3044 tomen
673 2979 785 3045 erroris
804 2979 924 3044 libidine
946 2977 1119 3064 semetipsos
1142 2976 1224 3041 oolli-

80 3085 151 3149 dnnt
170 3105 204 3148 no
224 3095 326 3149 mutuo
349 3091 523 3167 repugnent.

551 3257 751 3268 .-.....-.-.-

452 3419 528 3497 llll
573 3421 846 3514 suuldus

150 3567 230 3638 quae
256 3543 355 3618 tertia
381 3548 433 3616 est
459 3539 640 3618 Gentilium
666 3541 830 3634 haeresis,
856 3539 971 3616 ordine
997 3562 1077 3616 roro
1104 3539 1147 3615 V.

161 3689 247 3775 Quod
268 3693 305 3755 nd
323 3689 441 3756 Stoieos
464 3691 606 3774 pertinet,
637 3690 709 3755 hoeo
730 3702 777 3756 est
798 3693 833 3756 de
853 3691 1005 3754 divinitate
1024 3691 1140 3755 illorum
1162 3689 1224 3774 opi·
1241 3704 1303 3774 cap.
1320 3705 1341 3757 1.

74 3793 137 3856 oio.
183 3791 278 3857 Deum
301 3813 369 3858 esse
388 3803 511 3856 mentem
531 3803 685 3870 usserunt,
718 3813 792 3877 quae
813 3793 902 3856 totius
918 3791 1104 3877 nspeotohilis
1125 3790 1223 3872 molis,

74 3894 151 3959 coeli
169 3895 303 3958 nimirum
325 3916 360 3958 no
383 3905 479 3957 terroe
497 3905 736 3979 coeterorumque
757 3915 855 3958 rerum
877 3895 957 3957 velut
975 3893 1107 3978 eorporis
1129 3892 1225 3956 enimn

73 4000 124 4062 sit.
178 3995 294 4062 Rursus
317 3995 497 4060 divinitutem
525 4017 611 4063 noem
641 3995 672 4060 io
700 3998 797 4083 plures
825 4017 860 4060 eo
887 3996 1077 4080 portiooleres
1107 4004 1225 4058 neturus

73 4097 270 4177 distribuunt3
302 4099 394 4164 solem
421 4099 573 4176 videlieet,
607 4099 704 4162 lunam
727 4119 762 4161 eo
786 4097 905 4178 stellas,
938 4096 1079 4174 enimam,
1112 4103 1223 4178 stereon,

106 4284 152 4335 10.
168 4284 428 4334 semotum
460 4282 634 4352 Pronpdfor·
718 4279 772 4400 ΔΗ

69 4359 146 4472 mii
151 4343 345 4487 wadiari
344 4347 396 4469 ddd.
413 4420 488 4470 Vellet.
665 4367 852 4487 Mortholrenln
865 4410 896 4488 (ἣ
909 4419 946 4472 td·
959 4367 1151 4487 hlaib-¹
1101 4414 1224 4488 -ψνχιὶ,
