3006 4990
269 312 328 374 124
687 317 808 372 satim
827 315 992 370 EPIPHANH

132 453 199 524 Κεφ.
217 451 249 524 β’.
355 427 451 514 Οῦτος
470 435 523 520 μέν
542 427 598 501 οῦν
615 435 689 516 έχων
707 431 763 518 τὴν
783 431 919 500 διάνοιαν
940 432 1200 518 πειτονηρευμένην
1222 428 1282 498 άπδ
1305 437 1357 516 τῆς
1376 433 1413 498 έν

267 543 425 630 τῇμαγεέρι
440 537 654 619 δαιμονιοέδους
673 536 787 618 πλάνης
808 537 861 601 καλ
882 535 1176 617 πεφαντασιαμέτην,
1197 531 1351 620 πρόχειρος
1366 531 1412 599 οῖν

268 640 314 709 άεῖ
329 649 382 724 τῆς
395 642 502 706 ἑαυτοῦ
518 642 623 715 κακλας
644 636 680 702 τά
697 636 864 723 βαρβαρικά
880 638 932 702 καλ
948 632 1097 718 δαιμόνων
1113 634 1270 722 πράγματα
1288 633 1339 701 διά
1356 641 1412 718 τῆς

268 723 388 810 ἑαυτοῦ.
399 744 573 827 μαγγανείας
590 742 829 819 ἐπιδείκνυσθαι,
851 736 1007 825 παρελθεῖν
1029 737 1070 812 εἰς
1088 738 1192 820 μέσον,
1213 737 1265 803 καλ
1280 735 1411 823 προσχή-

268 871 335 928 ματι
353 841 497 926 ῦνόματος
517 847 648 928 Χριστοῦ
671 837 713 917 οῖς
729 842 880 925 ἐλλέβορον
895 841 983 922 μέλιτι
1000 840 1212 924 παραπλέκοιν,
1233 836 1412 924 δηλητήριον

266 955 328 1022 τοῖς
344 943 395 1010 ῦτά
410 941 502 1009 αῦτοῦ
516 941 701 1028 άγρευθεῖσιν
722 944 764 1018 εἰς
777 939 832 1024 τήν
847 939 1053 1024 πολυμήχανον
1067 937 1160 1006 αῦτοῦ
1178 937 1292 1022 πλάνην
1304 965 1410 1026 παρεν-

266 1050 334 1124 θελς
348 1054 389 1136 τῷ
408 1053 461 1110 τοῦ
479 1042 624 1127 ὀνόματος
641 1041 784 1126 άξιάματι
803 1048 932 1127 Χριστοῦ
954 1041 1088 1107 θάνατον
1108 1044 1256 1124 ένειτοῖησε
1271 1049 1333 1118 τοῖς
1346 1067 1411 1107 πει-

266 1157 373 1215 σθεῖσι
418 1145 540 1233 Λάγνος
564 1146 596 1210 δέ
614 1143 655 1210 οῖν
672 1143 746 1210 κατά
768 1142 943 1227 τὴνφύσιν,
976 1145 1048 1210 ικαλ
1073 1145 1155 1208 αἰδοῖ
1172 1149 1208 1232 τῇ
1227 1149 1286 1208 τοῖν
1302 1145 1413 1209 έαυτοῦ

266 1247 451 1333 ῦποσχέσεαν
464 1245 719 1329 ῦττονυσσόμινος,
740 1247 993 1332 παρεφθαρμένην
1011 1241 1158 1310 ῦιτόνοιαν
1172 1251 1234 1321 τοῖς
1252 1241 1302 1308 τέκ’
1318 1243 1412 1312 αῦτοῦ

267 1349 470 1435 άιτατοιμένοις
492 1347 510 1416 ό
530 1346 658 1434 άγῦρτης
679 1345 940 1434 παρενεποιήσατο.
984 1353 1117 1412 Γυναῖκα
1142 1343 1199 1431 γάρ
1229 1372 1295 1412 τινα
1315 1348 1413 1437 έαυτρῖ

268 1450 428 1539 εῦράμενος
446 1450 593 1538 ῥεμβάδα,
622 1446 740 1532 Ἑλένην
766 1445 912 1531 τοῦνομα,
942 1446 1001 1514 άπό
1023 1454 1077 1531 τῆς
1097 1451 1210 1534 Τυρλαν
1235 1444 1410 1534 ὁρμωμένην

266 1553 380 1640 άγεται,
402 1552 443 1637 μη
459 1550 636 1633 ῦποφαένοιν
658 1549 821 1632 συνάφειαι
841 1553 915 1634 ἔχειν
934 1549 1010 1636 πρός
1027 1547 1150 1632 ταύτην·
1179 1551 1211 1614 έν
1228 1549 1410 1642 παραβῦστρι

266 1657 299 1722 δέ
315 1654 480 1741 αλσχρόιητι
497 1651 798 1737 συμπερικλεκόμενος
814 1659 857 1741 τῷ
873 1656 983 1742 γυναέμ
999 1649 1017 1718 ό
1036 1649 1108 1736 γόης
1122 1647 1188 1716 τινά
1206 1651 1334 1737 μυθάδη
1349 1671 1409 1736 ψυ-

265 1761 412 1844 χαγοιγλαυ
435 1763 497 1832 τοῖς
521 1757 628 1821 ἑαυτοῦ
646 1763 795 1838 μαθηταῖς
810 1750 969 1839 ῦφηγεῖιο,
997 1757 1092 1836 δῆθεν
1108 1750 1213 1819 έαυτδν
1231 1751 1307 1820 εἶναι
1320 1754 1410 1820 δῦνα-

265 1885 318 1942 μιν
335 1865 411 1923 θεοῦ
422 1860 513 1944 λέγων
528 1857 582 1940 την
593 1855 733 1943 μεγάλην,
754 1854 809 1937 τήν
830 1857 862 1921 δέ
883 1859 1010 1942 σάζυγον
1028 1857 1164 1940 πορνάδα
1184 1863 1301 1939 πνεῦμα
1323 1855 1411 1944 άγιον

266 1955 342 2026 εἶναι
354 1959 509 2042 τετόλμηκε
524 1961 625 2044 λέγειν,
647 1961 698 2024 καὶ
712 1955 762 2023 διά
777 1960 888 2041 ταύτην
901 1957 1128 2039 κατεληλυθέναι
1144 1962 1243 2040 φησίν.
1275 1955 1326 2024 Ἐν
1343 1958 1409 2024 έκά-

266 2081 325 2150 στρ)
336 2061 374 2138 1δέ
391 2057 508 2150 οῦρανρῖ
525 2058 770 2146 μετεμορφοῦμην
784 2060 875 2143 φησλ,
897 2057 973 2125 κατά
994 2056 1048 2143 τήν
1071 2058 1192 2146 μορφήν
1212 2067 1272 2124 τοῖν
1294 2063 1326 2126 έν
1343 2059 1409 2126 έτά-

265 2183 324 2250 στρι
339 2160 471 2251 οῦρανηῖ,
491 2165 541 2227 ῖνα
557 2159 642 2227 λάθα
658 2159 711 2238 τοῖς
725 2159 876 2247 άγγελικάς
890 2186 948 2244 μου
964 2160 1118 2244 δυνάμεις,
1139 2163 1190 2228 καλ
1208 2164 1340 2228 κατέλθοι
1359 2165 1410 2228 έκῖ

265 2261 482 2347 τήνἘννοιαν,
503 2263 568 2346 ἥτις
585 2263 661 2328 έστλν
675 2261 750 2346 αῦτη
771 2261 791 2346 ἡ
807 2263 859 2328 καλ
876 2260 1046 2348 Προῦνικος
1060 2265 1112 2328 καλ
1126 2271 1243 2347 πνεῦμα
1258 2262 1344 2348 ῦγιον
1356 2290 1409 2330 κα-

265 2367 409 2448 λουμένη,
432 2363 470 2430 δι’
488 2357 526 2449 ἧς
541 2363 610 2441 τοῦς
629 2363 768 2451 άγγέλους
781 2367 892 2430 έκτισα·
914 2365 947 2429 οέ
962 2365 995 2429 δέ
1009 2363 1125 2449 δι’γγελοι
1138 2363 1191 2431 τόν
1207 2364 1319 2446 κόσμον
1334 2369 1409 2433 ἔκτι-

266 2487 336 2545 σαν,
357 2468 409 2532 καλ
425 2464 496 2543 τοῦς
512 2464 702 2549 άνθροόττους.
746 2463 835 2532 Εἶναι
856 2467 888 2532 δέ
902 2464 1012 2548 ταῦτην
1033 2464 1087 2550 την
1099 2463 1217 2550 Ἑλένην
1236 2465 1291 2550 την
1307 2466 1409 2548 πάλαι,

266 2566 305 2634 δι’
320 2567 359 2652 ἣν
372 2571 404 2633 οῖ
423 2575 520 2653 Τροῖες
534 2566 737 2650 καῖ’Ἐλληνες
751 2571 794 2644 εἰς
806 2567 901 2652 μάχην
919 2559 1022 2652 ἦλθον.
1058 2567 1166 2653 Ἐλεγε
1183 2569 1216 2634 δέ
1231 2571 1334 2650 μῦθόν
1346 2596 1411 2636 τινα

265 2671 308 2747 εἰς
322 2675 431 2750 ταῦτα,
454 2667 500 2735 ότι
518 2666 637 2734 άνοιθεν
652 2667 673 2755 ἦ
690 2668 814 2752 δόναμις
832 2677 973 2736 κατιοῦσα
985 2668 1094 2753 έαυτῆν
1110 2666 1305 2756 μετεμόρφου.
1346 2667 1410 2737 ’AL

264 2777 428 2858 ληγορικοῖς
443 2771 475 2835 δέ
491 2773 522 2835 ολ
544 2773 663 2854 ποιηταλ
686 2773 755 2857 περὶ
772 2771 879 2838 τοῦτου
894 2773 1015 2853 έφασαν.
1059 2769 1120 2837 Διά
1138 2770 1193 2858 γάρ
1214 2770 1268 2855 την
1289 2770 1411 2840 ῦναθεν

264 2871 407 2955 δύναμιν,
434 2871 474 2955 ἣν
492 2870 662 2957 Προῦνικόν
683 2895 790 2954 φασιν,
819 2873 885 2957 ἥτις
909 2870 978 2960 παρ’
997 2870 1096 2950 ἄλλοις
1118 2874 1242 2960 αἱρέσεσι
1260 2873 1410 2962 Βαρβηροῖ

263 2971 331 3057 ἤτοι
347 2971 491 3059 Βαρβηλοῖ
513 2981 657 3054 καλεῖται,
683 2973 717 3040 τό
740 2973 844 3054 κάλλος
864 2971 956 3058 αῦτῆς
977 2977 1178 3058 έμφαλνουσαν
1202 2977 1244 3052 εἱς
1266 2974 1412 3063 ὀἶστρον

148 3101 199 3148 εῑε·
212 3091 244 3136 ⁸²·
269 3073 405 3153 ’άξασαν
422 3073 546 3155 αῦτοδς,
567 3078 618 3141 καλ
634 3074 685 3142 διά
704 3083 790 3144 τοῦτο
806 3085 995 3160 πεμφθεῖσαν
1015 3077 1057 3153 εἰς
1077 3081 1258 3164 συλαγοιγλαν
1274 3085 1332 3143 τοῖν
1343 3077 1411 3166 Ἀρ-

262 3173 375 3260 χόντοιν
389 3183 451 3243 τοῖν
464 3175 519 3241 τόν
541 3175 653 3261 κόσμον
675 3184 780 3244 τοῦτον
799 3178 974 3259 κτισάντων,
995 3178 1047 3243 καλ
1061 3175 1132 3255 τοῦς
1145 3175 1252 3257 αῦτοῦς
1269 3176 1411 3268 άγγέλους

263 3279 307 3356 εἰς
321 3277 449 3362 πόλεμον
468 3276 505 3345 δι’
521 3277 615 3363 αάτήν
629 3277 727 3363 ἥκειν,
749 3277 842 3364 αῦτήν
863 3281 895 3346 δέ
913 3280 1004 3364 μηδέν
1020 3281 1217 3362 πεπονθέναι,
1237 3278 1409 3366 άλληλοκτο-

263 3383 329 3458 νῖας
343 3380 375 3446 δέ
392 3377 501 3458 αῦτοῦς
520 3383 562 3460 ελς
584 3379 709 3458 έαυτοῦς
730 3381 910 3468 έργάσασθαι
928 3379 1147 3466 παρασκευάσαι
1160 3379 1198 3448 δι’
1217 3381 1256 3466 ἣν
1273 3385 1409 3466 ἐνέβαλεν

265 3485 308 3560 εές
325 3479 435 3559 αῦτοῦς
459 3481 535 3570 πρός
556 3480 663 3566 έαυτὴν
685 3485 855 3567 έιτιθυμλαν.
899 3485 961 3548 Καλ
981 3484 1148 3565 συνέχοντες
1172 3481 1265 3567 αῦτήν
1288 3491 1342 3551 τοῦ
1365 3486 1409 3571 μὴ

264 3581 327 3650 ῦνοο
339 3582 490 3650 δῦνασθαι
502 3581 631 3665 άνιέναι,
652 3589 814 3672 συνεγένετο
832 3581 907 3675 αῦτῇ
923 3585 1043 3660 ἕκαστος
1057 3585 1090 3651 έν
1103 3582 1213 3676 έκάστρι
1228 3585 1341 3670 σάματι
1355 3617 1408 3675 γυ-

264 3690 394 3764 ναικελας
408 3688 459 3753 καλ
472 3693 608 3770 θηλυκοῖς
626 3687 762 3770 σχέσεως,
783 3687 1052 3773 4μεταγγιζομένης
1070 3685 1162 3770 αῦτῆς
1180 3683 1240 3753 άπδ
1262 3689 1410 3772 σωμάτων

263 3795 405 3871 θηλυκῦν
418 3791 461 3865 εἰς
476 3787 597 3872 σοι’ματα
612 3787 742 3874 διάφορα
758 3785 950 3874 άνθροιιτῖνης
965 3785 1083 3869 φάσεάς
1101 3814 1132 3854 τε
1151 3793 1203 3856 καλ
1218 3798 1334 3874 κτηνοῖν
1354 3796 1409 3860 καλ

264 3887 373 3971 όλλον,
401 3893 451 3956 ῖνα
473 3887 510 3955 δι’
531 3882 573 3956 οῖν
588 3887 673 3956 αῦτοῖ
696 3888 879 3976 έργάζονται,
907 3891 1067 3966 κτεῖνοντές
1088 3915 1118 3956 τε
1139 3894 1189 3958 καλ
1215 3891 1409 3976 κτεινόμενοι,

264 3995 383 4072 μεέοισιν
400 3995 514 4058 έαυτεῖν
536 3990 587 4057 διά
608 3998 663 4074 τῆς
686 3997 740 4057 τοῦ
763 3995 885 4075 αῖματος
906 3992 1114 4078 ὓπροςχῦσεοος
1133 3993 1304 4080 ἐργάζωνται
1311 4045 1321 4075 ,
1344 3993 1410 4062 ελτα

264 4093 360 4176 έκεένη
376 4091 431 4177 την
450 4093 577 4177 δύναμιν
597 4094 789 4181 συλλεγομένη
809 4093 898 4160 πάλιν
922 4087 1013 4172 αὖθις
1040 4098 1081 4172 εἰς
1106 4092 1234 4181 οῦρανόν
1259 4093 1409 4182 άναβῆναι

263 4195 392 4286 αυτηορ.

300 4429 357 4480 Cu».
368 4433 399 4482 ΙΙ.
414 4461 445 4471 -
482 4433 503 4486 λ.
522 4435 566 4489 καὶ
579 4440 655 4488 adieci
674 4453 704 4488 ια
715 4439 766 4488 cod.
783 4441 828 4488 Va·
895 4437 919 4491 λ.
937 4434 1040 4502 οἶστρον.
1057 4441 1109 4490 cod.
1124 4443 1196 4490 λὀλῖο.
1210 4445 1232 4490 ελ
1246 4443 1299 4492 inde
1316 4442 1406 4493 ιδ.Ρε·

266 4501 304 4547 tic.
506 4564 509 4572 Ι
870 4513 918 4556 λου.
944 4501 1045 4572 ὕστερον
1062 4509 1218 4570 comedia.
1233 4513 1255 4557 ιλ
1268 4509 1404 4571 eduma.
