3006 4990
262 241 322 302 110
683 249 804 301 sANch
821 251 988 302 ΕΡῙΡΗΑΝΙΙ

262 365 381 446 δεκτόν,
408 362 459 430 ύπ’
484 362 607 440 ούδενός
627 361 861 450 άντιλεχόμενος,
888 365 955 433 ούτε
977 364 1037 433 ύπδ
1058 365 1226 448 Ἰουδαίων,
1254 367 1321 434 ούτε
1340 366 1400 436 ύττύ

257 470 419 552 Ἑλλήνων,
440 464 507 532 οότε
527 463 586 530 ύττδ
605 473 812 550 Σαμαρειτῶν,
834 466 902 534 ούτε
928 467 1009 535 Ιύπό
1027 493 1106 545 τινος
1128 471 1237 554 ίτέρου.
1271 469 1401 536 Ἔπειτα

260 570 477 658 ἐπιλεγόμενος
499 565 637 650 ἐκήρυξεν
656 567 791 634 ίνιαυτδν
812 569 966 654 δεύτερον,
988 573 1038 636 καὶ
1058 572 1176 656 γέγονεν
1197 575 1401 638 ἐννεακαίδεκα

260 679 310 758 έτη
326 683 367 763 τῷ
383 669 463 759 αύτῷ
478 668 611 758 Ἡράδη,
633 677 674 758 τῷ
689 671 721 735 δέ
738 677 847 754 σωτῆρι
865 670 1038 755 τριακοστόν
1054 673 1198 756 δεύτερον.
1239 671 1295 737 Ἐν
1312 675 1344 740 δέ
1361 681 1401 758 τῷ

260 781 381 864 εἰκοστῷ
400 777 457 840 έτει
471 779 525 837 τοῦ
539 768 674 852 Ἡρώδου
688 779 741 836 τοῦ
759 771 917 856 τετράρχου
936 775 1118 855 καλουμένου
1133 781 1238 859 γίνεται
1255 773 1289 840 τό
1307 774 1398 857 σωτή-

150 916 200 964 ριρ.
214 899 245 944 εν.
259 905 326 966 ριον
340 877 441 951 πάθος
454 875 503 938 καί
521 869 541 954 ἡ
556 869 699 951 άπάθεια,
719 870 898 940 ’άθανάτου
912 880 1009 958 χεῦσίς
1020 899 1051 939 τε
1065 875 1211 955 θανάτου,
1233 875 1299 960 άχρι
1313 897 1400 940 σταυ-

259 988 315 1066 ροῦ
336 977 499 1060 πάσχοντος
516 977 547 1040 έν
566 971 706 1062 άληθείμ,
729 971 870 1050 άπαθούς
891 977 922 1041 δέ
940 977 1078 1058 μένοντος
1101 978 1133 1042 έν
1155 977 1282 1060 θεότητι.
1329 985 1403 1062 Χρι·

259 1088 331 1148 στοῦ
351 1077 406 1166 γάρ
429 1074 582 1152 παθόντος
602 1073 678 1163 ύπίρ
700 1071 783 1158 ἡμῶν
804 1079 906 1160 σαρκί,
933 1080 1025 1159 φησίν
1047 1075 1068 1159 ἦ
1091 1077 1205 1162 γραφή·
1231 1081 1280 1144 καί
1304 1076 1403 1158 πάλιν,

261 1181 452 1254 Θανατοιθτίς
469 1179 570 1258 σαρκί,
598 1179 793 1262 ζωογονηθείς
814 1178 847 1243 δέ
867 1179 1026 1260 πνεύματι,
1052 1181 1102 1244 καί
1126 1177 1162 1245 τά
1188 1182 1262 1262 ἑξῆς.
1304 1187 1404 1244 Σταυ-

259 1291 378 1369 ροῦται,
405 1279 568 1358 θάπτεται,
595 1281 761 1361 κατέρχεται
784 1281 825 1354 είς
843 1277 879 1343 τά
900 1278 1082 1362 καταχθόνιοι
1102 1283 1134 1346 ίν
1156 1281 1278 1363 θεότητι
1297 1284 1347 1347 καί
1369 1285 1404 1349 έν

258 1391 357 1474 ψυχῇ,
380 1377 584 1465 αίχμαλοιτεύει
605 1377 659 1461 τὴν
677 1381 887 1462 αἰχμαλωσίαν,
908 1383 959 1446 καί
978 1379 1126 1448 άνίσταται
1145 1390 1182 1472 τῇ
1199 1387 1281 1472 τρίτη
1305 1380 1402 1472 ἡμέρᾳ

259 1485 314 1552 σύν
333 1483 413 1571 αύτῷ
434 1489 474 1570 τῷ
494 1479 567 1569 άχίρι
583 1479 712 1562 σάματι,
733 1479 901 1556 συνενάσας
920 1479 953 1547 τδ
975 1489 1059 1564 σῶμα
1081 1491 1117 1573 τῇ
1140 1483 1274 1566 θεότητι,
1297 1487 1402 1566 μηκέτι

258 1586 419 1670 λυόμενον,
442 1584 543 1666 μηκέτι
559 1581 682 1664 πάσχον,
704 1583 806 1664 μηκέτι
821 1579 879 1648 ύπδ
897 1582 1031 1648 θανάτου
1047 1585 1263 1670 κνριευόμενον,
1286 1585 1327 1662 δίς
1343 1611 1403 1668 φη-

259 1711 306 1756 σιν
326 1685 345 1755 ό
366 1684 542 1763 άπόστολος,
566 1683 700 1759 Θάνατος
720 1682 813 1750 αύτοῦ
836 1681 933 1750 ούκέτι
952 1685 1090 1771 κυριεύει.

125 2015 193 2081 Κεφ.
209 2003 241 2077 γ’.
343 1990 426 2058 Αύτό
443 1989 477 2056 τδ
501 1997 585 2072 σῶμα
603 1987 768 2072 άληδινάς,
790 1986 882 2072 αύτήν
901 1987 955 2071 τήν
971 1987 1080 2073 σάρκα,
1102 1987 1195 2074 αύτήν
1213 1989 1267 2074 την
1288 1989 1402 2074 ψυχὴν,

260 2093 336 2161 αύτά
356 2093 392 2158 τά
408 2091 519 2171 πάντα,
539 2088 595 2157 ούκ
616 2089 683 2156 ἄλλο
700 2117 727 2156 τι
743 2089 824 2176 παρά
839 2089 873 2156 τό
896 2089 932 2156 δν
953 2099 1053 2174 σῶμα,
1075 2089 1133 2156 ἄλλ’
1151 2089 1224 2158 αύτό
1247 2091 1280 2157 τό
1300 2091 1334 2157 δν
1355 2095 1404 2158 έν-

261 2193 453 2278 δυναμοόσας,
475 2196 518 2269 είς
532 2197 602 2275 μίαν
617 2191 751 2274 ένότητα,
772 2196 816 2268 είς
831 2197 899 2273 μίαν
914 2191 1052 2275 θεότητα,
1074 2191 1107 2258 τό
1124 2192 1264 2276 σαρκικδν
1280 2192 1404 2277 άφθαρ-

258 2323 326 2392 τομ,
347 2294 380 2361 τύ
396 2292 561 2377 σωματικόν
574 2292 782 2374 πνευματικόν,
803 2291 836 2358 τύ
854 2295 1016 2377 παχυμερὲς
1031 2295 1216 2377 λεπτομερές,
1238 2293 1271 2361 κδ
1287 2295 1404 2378 θνητόν

260 2397 426 2477 άθάνατον,
448 2394 489 2480 μὴ
508 2395 637 2480 έιιρακδς
650 2395 726 2471 ὅλοις
742 2393 930 2480 διαφθοράν,
952 2393 992 2478 μὴ
1008 2401 1251 2479 καταλειφθείσης
1271 2403 1323 2478 τῆς
1338 2415 1401 2475 ψυ-

258 2509 312 2584 χῆς
330 2503 361 2566 έν
378 2499 453 2588 ᾇδη,
475 2496 515 2581 μὴ
539 2499 727 2583 μερισθέντος
749 2503 802 2561 τού
825 2494 954 2581 ὀργάνου
975 2496 1050 2576 πρός
1071 2494 1230 2579 άμαρτίαν,
1251 2496 1292 2580 μή
1313 2521 1401 2581 χραν-

258 2605 366 2679 θέντος
385 2608 439 2667 τοῦ
455 2607 511 2665 νοῦ
528 2607 639 2688 τροπῇ,
661 2596 731 2664 άλλά
746 2595 782 2664 τά
798 2597 851 2662 δλα
869 2598 922 2680 μίν
943 2594 1108 2682 άνθροίπου
1130 2595 1243 2685 λαβύν,
1266 2599 1404 2679 φυλάξας

260 2705 293 2769 δέ
311 2702 365 2768 ὅλα
387 2703 480 2767 τέλεια
501 2703 712 2775 έπιδεδωκυίας
732 2706 786 2781 τῆς
806 2697 947 2781 θεότητος
967 2706 1002 2788 τῇ
1028 2698 1156 2789 ἀληθινῇ
1174 2699 1403 2784 ένανθροττιήσει

260 2802 337 2891 πρός
353 2801 407 2879 τάς
424 2799 563 2886 εύλόχονς
578 2805 688 2887 χρείας,
709 2802 782 2885 λέγω
800 2798 838 2883 δὴ
854 2798 906 2876 τάς
921 2802 954 2864 έκ
973 2799 1107 2881 στόματός
1122 2825 1153 2866 τε
1168 2803 1219 2866 καί
1232 2808 1332 2883 ψυχῆς
1346 2805 1404 2868 καί

259 2909 293 2973 έκ
312 2912 368 2970 νοῦ
388 2902 580 2989 άνθριοττίνου
602 2903 827 2984 ίττιζητουμένας
847 2900 900 2984 τήν
921 2907 1138 2988 πληροφορίαν,
1159 2904 1290 2968 τουτέστι
1311 2907 1401 2994 πείνη

258 3008 309 3073 καί
326 3011 424 3087 δίψει,
445 3011 592 3091 κλαυθμῷ
609 3025 639 3068 τε
655 3004 705 3068 καί
720 3001 852 3091 άθυμίμ,
875 3001 1013 3089 δακρύσει
1028 3027 1059 3068 τε
1074 3005 1124 3068 καί
1145 3002 1232 3093 όπνφ
1255 3005 1306 3068 καί
1327 3001 1401 3067 δνο-

259 3105 375 3172 παύσει.
424 3113 523 3171 Ταῦτα
547 3103 602 3191 χοίρ
627 3101 681 3188 ούχ
702 3101 843 3188 άμιτρτίας
865 3101 959 3181 κίδος,
982 3101 1039 3168 άλλ’
1058 3103 1311 3190 ένανθροοπήσετις
1331 3101 1403 3188 άλη-

260 3207 403 3290 θεστάτης
418 3205 584 3293 χνοίρισμα,
607 3203 729 3294 ύληθείμ
745 3213 798 3290 τῆς
812 3203 953 3288 θεότητος
968 3204 1112 3288 συνούσης
1126 3213 1162 3295 τῇ
1178 3203 1402 3290 α’νθροιττότητι,

260 3307 298 3375 ού
314 3308 350 3374 τά
369 3306 543 3392 άνθροίπικα
558 3306 740 3391 πασχούσης,
766 3304 858 3372 ιοίίλύι
877 3313 930 3389 τῆς
944 3305 1087 3390 θεότητος
1101 3305 1336 3390 συνευδοκούσης
1356 3312 1403 3386 τίς

259 3409 296 3476 τά
311 3407 414 3494 εὔλογα
427 3412 477 3474 καί
492 3407 529 3474 τά
544 3409 627 3486 ίκτός
642 3407 783 3492 άμαρτίας
796 3408 846 3472 καί
862 3415 973 3493 τροπῆς
989 3407 1237 3494 άπηχορευμένης.
1266 3406 1401 3492 Ἀνέστη,

259 3513 311 3577 καί
328 3517 433 3598 θυρῶν
451 3513 657 3594 κεκλεισμένον
672 3511 819 3592 είςῆλθεν,
840 3511 889 3574 ίνα
904 3507 937 3574 τδ
956 3511 1117 3593 παχυμερὲς
1134 3511 1306 3593 λεπτομερές
1322 3507 1401 3578 τίπο-

259 3617 355 3702 δείξη,
382 3610 455 3677 αύτδ
477 3609 510 3678 τό
535 3609 570 3677 δν
590 3609 646 3676 σύν
668 3612 754 3696 σαρκί
774 3612 825 3675 καί
847 3607 965 3687 δστέοις.
1009 3609 1097 3676 Μττύ
1121 3609 1175 3696 γάρ
1199 3609 1231 3676 τδ
1255 3614 1403 3687 τίςελθεῖν

260 3715 351 3792 ίδειξε
370 3721 467 3802 χοῖρος
481 3716 532 3780 καί
547 3710 643 3788 πόδας
659 3714 710 3777 καί
726 3711 854 3797 πλευράν
869 3714 1060 3798 κενυχμένην,
1082 3709 1169 3778 δοτέα
1183 3737 1214 3777 τε
1228 3715 1279 3778 καί
1294 3719 1401 3799 νεῦρα,

259 3817 311 3881 καί
326 3813 428 3896 κόλλα,
451 3813 493 3892 τίς
508 3813 548 3897 μὴ
563 3811 636 3879 εἶναι
652 3819 816 3895 φαντασίαν
835 3811 871 3878 τά
888 3811 1028 3899 δράμενα.
1074 3811 1206 3890 Πίσττάς
1227 3838 1258 3878 τε
1279 3817 1330 3879 καί
1354 3817 1401 3882 έλ-

150 3949 204 3998 ριρ.
217 3935 250 3980 τι
263 3921 350 3994 πίδος
362 3923 415 4001 τῆς
430 3915 570 4002 ἡμετέρας
585 3915 639 3999 τὴν
655 3911 811 3999 ύπόσχεσιν
826 3918 951 3982 έποιεῖτο
975 3913 1012 3980 δι’
1027 3916 1134 3981 ίσυτού
1150 3913 1187 3980 τά
1204 3914 1257 3981 δλα
1272 3921 1400 3994 τελείαις.

296 4140 355 4191 διε.
370 4141 401 4191 n.
420 4167 452 4180 -··
488 4139 511 4192 ί.
527 4141 633 4191 ronam
649 4133 707 4192 διεδ.
843 4137 912 4203 „Sed
928 4137 1023 4190 δείττιε
1038 4137 1109 4189 timul
1123 4138 1148 4188 ἰο
1165 4155 1194 4189 εκ
1211 4153 1273 4206 quae
1288 4138 1401 4192 houm

294 4207 320 4258 2
335 4203 459 4262 ἀθανάτου
473 4207 561 4275 γεῦσίς
582 4222 610 4259 τε
628 4204 734 4260 θανάτου
757 4220 811 4256 nm
842 4217 900 4256 ιιιτιι
916 4217 942 4258 ετ
962 4207 1015 4258 fleu·
1031 4206 1162 4274 οροιιελιει
1179 4207 1351 4258 consentient·
1364 4225 1402 4260 ιο

262 4281 295 4326 ττλ
316 4277 450 4326 emendatio.
483 4277 548 4325 δίδτί
562 4275 645 4325 habent
666 4265 685 4338 ἦ
704 4269 810 4326 θανάτου
843 4273 1032 4340 comprobante,
1058 4283 1083 4324 et
1103 4291 1132 4324 τε
1154 4291 1216 4341 quae
1238 4283 1308 4324 extra
1331 4291 1399 4342 peo-

261 4344 363 4462 γτῡὸχχ,
379 4341 465 4462 χχῦσίς
479 4359 508 4396 τε
523 4335 678 4462 ῗακιχτονῶ
711 4347 782 4393 ιττίλ
844 4341 1193 4394 οτιιιιιιιιιοτεταιοταύοιιουι
1208 4340 1399 4395 mordicum!

355 4446 363 4464 ο
415 4446 423 4459 ι
447 4436 481 4450 “““
539 4445 546 4462 α
592 4413 644 4462 “m
688 4412 811 4461 mmm:
