3008 4996
382 333 515 388 uuonan
532 331 595 387 [ald.
606 333 626 385 1.
642 329 722 387 ΤΟΜ.
735 333 766 386 ll.
783 333 987 388 nsuaxxvn
1191 326 1245 391 191

111 449 304 538 pitacnloruut
319 452 444 539 strepitu
465 451 554 538 isqui
572 449 745 518 adorabatur
760 451 923 517 admonitus
943 471 1010 517 sese
1033 455 1160 518 emedio
1182 460 1250 521 suh-

111 555 257 632 traheret,
281 573 319 617 ue
332 573 396 618 cum
414 557 494 618 larun
508 555 556 618 ills
572 573 606 618 oc
625 553 700 639 turpi
717 554 809 638 effigie
827 553 1101 638 deprehenderetur.
1146 555 1249 622 Enim-

111 675 183 718 vero
199 653 333 719 stolidum
350 656 419 719 illud
435 657 668 721 stultissimorum
684 651 829 718 hominum
846 668 1037 720 commentum
1054 659 1166 721 eumad
1180 681 1250 722 con-

111 755 285 820 vincendam
303 756 439 842 perlaoilc
456 769 513 834 est,
537 768 596 821 tum
613 757 673 820 msa
691 777 725 820 ac
740 756 863 820 ludibrio
880 757 1008 840 dignum.
1051 756 1169 823 Etenim
1185 763 1254 824 sive

111 859 138 922 is
156 869 220 922 eret
235 860 370 936 omnino,
392 859 439 922 cui
456 860 529 922 haec
544 875 628 922 sacre
643 858 796 937 laciebnnt,
821 857 1016 944 aspectabilis,
1041 860 1179 924 occultari
1196 862 1250 924 mi-

113 959 191 1022 nime
211 970 341 1045 poterat:
364 959 428 1023 aive
444 961 582 1023 occultari
601 961 715 1045 penitus
732 969 861 1044 poterut,
885 979 942 1022 non
959 960 1018 1022 iam
1036 971 1099 1024 erut
1117 974 1250 1046 nspecta-

112 1060 190 1126 bilis.
236 1057 320 1144 Quod
341 1061 410 1125 item
428 1063 485 1125 alio
504 1063 590 1130 modu
609 1073 709 1124 contra
724 1062 841 1125 eosdem
856 1063 953 1144 urgeri
971 1073 1076 1146 potest.
1120 1059 1153 1127 Si
1171 1064 1247 1127 enim

111 1161 205 1226 videri
220 1174 348 1247 poteret,
372 1181 478 1248 corpus
498 1163 596 1247 utique
612 1173 691 1243 erat,
716 1183 773 1226 non
788 1161 923 1247 spirituas
946 1162 990 1225 sin
1008 1162 1097 1226 luisse
1115 1166 1248 1249 spiritum

112 1263 257 1341 dixerint,
282 1284 339 1326 oon
356 1265 433 1328 inter
450 1285 485 1329 ca
501 1266 663 1328 ccoscrrdus
683 1265 739 1326 erit
756 1283 830 1347 qaae
850 1264 975 1326 discerni
998 1263 1090 1327 oculis
1112 1279 1244 1349 possunt.

113 1361 189 1447 Quid
208 1365 296 1447 igitur
313 1367 453 1429 attinebat
470 1383 536 1430 eum
561 1366 609 1450 qui
631 1367 779 1429 oculorum
801 1383 889 1428 sensu
914 1362 1021 1449 percipi
1046 1365 1177 1448 nequiret
1199 1367 1248 1431 illo

110 1465 367 1530 tintinnabulorum
381 1467 478 1531 sonitu
493 1469 576 1551 logne
593 1487 664 1531 suae
680 1467 864 1550 latebraeque
880 1464 1053 1530 consuleret
1081 1463 1156 1530 Cum
1171 1470 1248 1532 enim

110 1566 139 1629 id
155 1579 257 1630 nature
275 1568 394 1630 incitam
414 1569 534 1632 haberet
552 1581 583 1632 ut
599 1568 691 1632 videri
716 1587 774 1631 non
794 1577 908 1652 posset,
931 1569 1060 1650 prolecto
1082 1567 1137 1632 uisi
1160 1569 1249 1634 vellet

109 1669 263 1731 anemine
286 1668 446 1734 videretur.
492 1667 577 1753 Quod
598 1689 670 1732 vero
693 1665 830 1733 essetab
856 1668 954 1752 aliquo
977 1683 1166 1754 conspectus,
1190 1691 1248 1734 non

108 1769 179 1833 illud
197 1771 372 1834 necessitate
391 1771 589 1855 confingeret,
614 1771 696 1854 quasi
714 1789 778 1833 eum
796 1769 935 1834 inlunem
953 1781 982 1832 et
999 1782 1128 1854 apertum
1145 1783 1248 1836 natura

109 1872 310 1956 produxisset,
327 1873 378 1936 sed
394 1871 572 1956 indulgentia
586 1874 707 1955 quedam
721 1871 828 1957 potius,
846 1890 941 1955 neque
959 1872 999 1934 lta
1015 1884 1047 1934 ut
1062 1873 1157 1936 subito
1170 1885 1249 1937 metu

108 1983 197 2056 atque
214 1993 253 2038 ex
269 1973 428 2058 improuiso
444 1985 615 2058 praeterque
632 1971 876 2056 expectationem,
898 1991 1056 2056 suppresso
1074 1973 1123 2037 illo
1137 1976 1246 2053 sonitu,

108 2074 205 2159 palam
222 2095 256 2138 uo
277 2074 430 2139 uidendum
448 2075 613 2161 praeheret.
658 2071 702 2137 lta
726 2074 804 2137 omni
825 2093 865 2137 ex
883 2083 965 2158 purte
983 2075 1053 2137 lulsa
1070 2075 1184 2139 illorum
1205 2088 1248 2139 ιι-

110 2196 169 2260 que
190 2175 328 2240 ementita
347 2177 420 2240 ratio
442 2177 578 2241 concidit.
625 2173 684 2241 Sed
707 2175 763 2240 aliu
787 2176 925 2260 quaedam
946 2176 1068 2260 plurima
1085 2188 1153 2240 runt
1174 2197 1248 2260 quas

108 2277 263 2361 nugatorie
280 2287 367 2360 utque
382 2279 508 2342 inaniter
523 2279 633 2342 iactare
650 2277 757 2340 solunt.
793 2276 883 2360 Atqui
898 2297 991 2362 neque
1008 2277 1085 2340 illico
1098 2288 1145 2342 est
1157 2279 1249 2342 inter·

110 2379 207 2440 lectus
225 2375 384 2442 Zacharias
400 2390 430 2442 et
445 2391 509 2464 post
522 2389 617 2442 ortum
639 2375 757 2442 loannis
773 2377 866 2440 adhuc
881 2377 972 2458 vixit,
996 2378 1089 2462 deque
1106 2399 1142 2442 eu
1160 2399 1195 2442 ac
1213 2380 1249 2444 de

109 2476 224 2544 Christi
240 2481 367 2544 adventu
385 2491 415 2544 et
436 2482 564 2544 eiusdem
585 2479 741 2543 secundum
760 2497 879 2542 carnem
897 2497 950 2564 per
968 2479 1099 2563 spiritum
1117 2491 1248 2544 sanctum

107 2603 127 2644 e
143 2579 227 2644 beatu
242 2581 358 2664 virgine
380 2579 477 2645 llario
496 2580 685 2665 generatione
702 2580 876 2643 vaticinatus
891 2590 936 2643 est
949 2579 995 2642 his
1007 2582 1123 2644 verbis:
1156 2585 1198 2643 lde
1218 2595 1248 2644 tu
1261 2601 1314 2650 nne.
1325 2608 1388 2664 ιιι.

101 2703 182 2766 puer
192 2685 644 2762 montemmaranum:
663 2683 788 2762 prnerht's
803 2685 875 2742 enr'm
893 2691 958 2742 unte
968 2685 1069 2762 seeum
1079 2685 1186 2745 damulti
1197 2703 1251 2764 pr-

106 2805 180 2847 rare
198 2788 257 2844 rias
273 2789 352 2859 eius,
374 2788 413 2846 ed
427 2787 609 2846 romertendu
627 2787 712 2844 cordo
724 2795 839 2864 potrum
861 2787 890 2844 in
897 2785 981 2863 filios
1000 2795 1029 2844 et
1043 2785 1250 2866 ehodsepuentee

104 2889 152 2948 ad
166 2889 344 2964 prudentiore
363 2895 421 2948 etc.
465 2883 583 2968 Quanta
600 2903 671 2947 vero
689 2885 725 2947 ud
741 2903 843 2946 eorum
865 2883 1014 2948 mendacia
1036 2885 1248 2964 convincendo,

109 2996 274 3069 contraque
292 2985 511 3049 abominandam
528 2985 605 3048 illam
624 2984 769 3048 libidinem
785 3005 802 3049 a
818 2985 904 3048 nohis
917 2985 1013 3049 allerri
1034 2988 1171 3070 possuntt

198 3088 296 3170 Atque
316 3099 347 3152 ut
362 3089 398 3152 de
416 3087 528 3150 illorum
549 3083 675 3165 Levitis,
698 3087 741 3150 sic
753 3087 830 3150 enim
847 3086 1001 3171 appellunt,
1025 3087 1154 3150 nonnihil
1170 3089 1399 3166 dim-capum.

109 3209 196 3266 nnus,
221 3187 268 3251 isti
287 3211 345 3253 uon
368 3211 433 3253 cum
455 3187 641 3267 mulieribus,
671 3189 721 3251 sed
744 3207 844 3252 secum
867 3187 992 3252 inuicem
1016 3190 1190 3268 miscentur,
1214 3209 1249 3254 ac

108 3289 225 3355 scilicet
240 3291 393 3375 praecipua
408 3289 485 3353 inter
505 3288 571 3354 illos
587 3288 725 3372 dignitate
742 3311 776 3352 ac
790 3289 874 3353 laude
890 3291 1139 3354 commendantur.
1173 3289 1247 3356 Tum

107 3413 185 3456 vero
205 3412 258 3455 eos
273 3412 373 3455 omnes
395 3391 526 3455 derident
547 3389 595 3475 qui
619 3389 808 3453 monasticum
824 3388 901 3454 vitae
916 3411 1010 3473 genus
1027 3394 1152 3477 amplexi
1168 3405 1247 3470 suut,

108 3505 164 3560 aut
182 3492 345 3558 castitatem
366 3491 619 3576 virginitatemque
642 3493 828 3576 prolitentur,
852 3492 926 3575 quod
945 3492 1053 3555 frustra
1071 3493 1099 3555 id
1117 3495 1172 3557 sihi
1189 3517 1250 3558 mo·

108 3594 218 3659 lestieo
233 3615 268 3658 ar
280 3595 388 3658 laboris
401 3594 559 3677 imponant.
584 3589 742 3655 Praeterea
754 3590 946 3677 Evangelium
961 3592 1104 3676 quoddam
1118 3595 1171 3658 suh
1183 3592 1250 3659 Phi·

108 3694 182 3782 lippi
202 3694 376 3759 amolimini
396 3691 506 3758 Christi
529 3693 660 3778 discipuli
683 3694 799 3758 nomino
816 3695 1038 3773 circumierunt,
1067 3695 1098 3758 in
1117 3717 1174 3780 qno
1194 3696 1250 3762 istu

108 3809 287 3861 amanturr
320 3799 411 3871 Hebe,
434 3795 545 3881 iuquit,
568 3800 694 3858 murmur
710 3801 838 3877 eperunt,
861 3797 962 3876 quitus
981 3802 1074 3858 corma
1097 3799 1187 3859 mulir
1208 3805 1253 3860 ate·

105 3921 175 3961 m
191 3904 221 3960 r'n
243 3901 347 3960 coelura
365 3903 507 3973 mundet,
529 3919 564 3960 ar
579 3901 803 3980 queamdmodum
818 3902 966 3978 metuique
981 3902 1139 3960 melectinus
1155 3903 1249 3960 Vertar

106 4013 171 4064 m
187 4003 355 4082 rcrpmdere
369 4001 483 4062 dedam·
517 4004 663 4074 mindam,
694 4001 758 4080 regu
779 4003 908 4078 meipsum
923 4004 1041 4078 agnoui,
1064 4009 1148 4081 alque
1168 4004 1249 4061 aradi·

104 4125 222 4186 ququae
236 4105 341 4183 collegi
347 4127 356 4163 .·
379 4123 467 4183 ecqroe
481 4105 607 4182 sturm·
613 4104 696 4182 filios
706 4104 812 4182 genui,
834 4103 886 4161 sed
897 4104 959 4161 etita
974 4103 1083 4162 mdt'cer
1098 4105 1248 4182 adipsci,

102 4205 676 4286 oemhtpatumlrue‘aumurtcoegi,
701 4204 1071 4284 mqtmudeoqudmhreom‘:
1094 4206 1250 4264 Sumenda

102 4331 122 4369 e
138 4309 439 4368 murcomannum.
469 4303 568 4387 Atque
587 4302 641 4366 hoc
657 4304 754 4382 modo,
772 4303 915 4386 inquiunt,
938 4301 988 4367 illa
1000 4301 1164 4366 dimittitur.
1195 4299 1248 4368 Sin

144 4457 184 4510 to.
202 4459 264 4508 tlete
277 4461 344 4508 certa
352 4460 461 4510 Petamus
474 4471 624 4525 „suppresso
638 4453 927 4520 monumentumque
938 4458 1053 4520 murat
1067 4470 1115 4509 nort
1127 4461 1181 4520 pud
1191 4471 1249 4523 rupo·

100 4521 204 4595 edua,
221 4527 264 4578 ard
277 4531 331 4591 pert
345 4520 451 4579 nerim
