2994 5024
281 349 342 412 628
699 360 819 412 ειαοτι
837 361 1004 412 οιιεειιαιι

272 477 331 542 Ἢν
348 475 403 563 γάρ
424 475 461 541 σύ
476 475 620 558 βδελύττει
637 481 857 563 σαρκοφαγίαν,
886 474 904 542 ό
921 479 1025 561 κύριος
1040 473 1159 560 Ἰησοῦς
1175 473 1244 559 μετά
1261 463 1320 542 τῶν
1334 474 1425 541 αύτοῦ

281 585 425 661 μαθητῶν
440 581 604 667 βέβρωκεν,
634 581 771 646 ἐπιτελῶν
789 577 820 644 τό
839 577 935 664 πάσχα
950 576 983 644 τά
1000 576 1074 644 κατά
1087 576 1187 660 νόμον.
1233 580 1293 643 Καί
1307 577 1352 662 μὴ
1367 581 1426 663 λέγε

281 681 326 746 ὅτι
342 708 358 746 ο
344 680 469 765 “έμελλε
483 681 644 766 μυστήριον
661 684 805 762 ἐπιτελεῖν,
828 687 914 748 τοῦτο
932 679 1122 766 προωνόμαζε
1136 683 1236 767 λέγων,
1262 682 1346 745 Θέλω
1363 679 1429 762 μεθ’

281 781 364 865 ύμῶν
384 794 489 869 φαγεῖν
511 782 544 849 τό
565 784 685 868 πάσχα.
702 783 776 850 Ἵνα
797 783 852 869 γάρ
874 782 948 851 κατά
964 781 1060 848 πάντα
1074 785 1186 868 τρόπον
1201 781 1384 907 ᾳαταισχύνῃ
1402 806 1429 847 σε

280 883 455 969 ἦάλήθεια,
478 883 534 952 οόκ
551 889 631 954 έν
594 914 630 977 τῃ
648 884 721 976 άρχῃ
737 896 818 951 ποιεῖ
829 885 862 951 τό
876 885 1050 973 μυστήριον,
1071 889 1121 952 ἵνα
1137 884 1178 969 μὴ
1193 883 1324 975 ἀρνήσῃ
1348 882 1429 962 ἄλλα,

281 989 370 1070 φησί,
398 988 487 1054 Μετά
503 1016 535 1056 το
528 987 707 1114 ’δειπνῖγσᾳι
723 987 823 1072 λαβοίν
837 987 906 1054 τάδε
925 991 976 1055 καί
994 987 1079 1068 τάδε,
1109 991 1159 1054 καί
1178 985 1240 1052 είπε
1257 995 1350 1053 τοῦτο
1342 987 1429 1053 ’ἐστι

280 1090 349 1156 τάδε
365 1119 416 1158 και
405 1090 510 1171 ’τάδε,
535 1097 571 1137 4⁶
581 1089 682 1158 καῖ’
646 1118 701 1157 ουκ
716 1089 842 1156 ελάσε’
808 1117 900 1158 τοπον
914 1119 949 1182 τῃ
935 1095 1147 1180 ῥᾳδιουργίᾳ.
1181 1087 1349 1168 Ἕδειξε“
1307 1116 1369 1176 γαρ
1386 1089 1431 1156 ὅτι

280 1192 353 1275 μετά
369 1192 401 1258 τό
418 1196 598 1281 βεβρωκέναι
614 1192 647 1260 τό
665 1193 761 1280 πάσχα
777 1192 810 1259 τό
826 1192 900 1260 κατά
917 1193 987 1270 τούς
1002 1191 1186 1274 Ἰουδαίους,
1206 1194 1342 1258 τουτέστι
1357 1190 1429 1275 μετά

280 1294 314 1360 τό
336 1299 504 1381 δειπνῆσαι,
525 1289 597 1381 ἧκεν
618 1299 667 1364 έπί
687 1295 721 1362 τό
744 1295 912 1381 μυστήριον.

366 1499 452 1585 Σχόλ.
468 1500 520 1584 ξβ.
552 1504 612 1568 Καί
625 1499 761 1581 άνέπεσε,
783 1504 832 1567 καί
849 1505 879 1568 οί
892 1499 1007 1567 δυόδεκα
1024 1497 1181 1566 ἀπόστολοι
1193 1497 1247 1565 σύν
1260 1497 1355 1587 αύτᾳῦ,
1381 1503 1431 1566 καί

281 1600 377 1684 είπεν,
405 1601 567 1693 Ἐπιθυμίᾳ
583 1601 757 1687 ἐπεθύμησα
772 1611 860 1670 τοῦτο
876 1601 909 1670 τό
926 1602 1024 1688 πάσχα
1038 1611 1143 1690 φαγεῖν
1158 1599 1223 1686 μεθ’
1237 1598 1337 1685 ύμιῦν,
1371 1603 1431 1689 πρά

280 1712 334 1772 τοῦ
356 1730 391 1787 με
412 1715 529 1772 παθεῖν.

356 1805 475 1894 Ἐλεγχ.
491 1807 543 1891 ξβ.
573 1806 724 1874 Ἀνέπεσεν
739 1805 757 1874 ό
773 1807 880 1895 σωτὴρ,
903 1800 1097 1892 οίΜαρκίων,
1118 1809 1169 1873 καί
1181 1809 1213 1873 οῖ
1222 1805 1336 1872 δόδεκα
1352 1805 1430 1874 τίπό-

282 1918 377 1976 στολοι
399 1905 460 1994 μετ’
478 1908 577 1977 αὐτοῦ.
620 1913 664 1974 El
680 1908 799 1976 άνέπεσε
817 1913 867 1978 καί
882 1911 1094 1989 συνανέπεσον,
1124 1906 1160 1975 οῦ
1176 1907 1297 1975 δύναται
1310 1915 1368 1991 μία
1386 1913 1433 1974 λέ-

172 2089 174 2092 ,
282 2019 325 2090 ξις
339 2010 393 2095 τήν
407 2019 552 2096 σῃμασίαν
567 2015 640 2096 ἔχειν
654 2015 753 2098 ἑτέραν
769 2020 806 2060 ⁴⁶
815 2015 865 2079 καὶ
880 2014 993 2099 έτίραν,
1015 2010 1072 2076 κάν
1086 2036 1116 2076 τε
1129 2018 1166 2102 τῇ
1180 2009 1246 2099 άξίᾳ
1259 2012 1307 2076 καί
1321 2010 1432 2100 τρόπᾳι

282 2117 343 2198 έχοι
357 2113 412 2198 τὴν
424 2114 581 2200 διαφοράν.
607 2113 652 2179 Ἤ
662 2113 717 2200 γάρ
732 2115 836 2192 δαίσεις
848 2117 898 2182 καλ
911 2113 981 2192 τούς
996 2113 1112 2180 δυόδεκα
1123 2111 1241 2197 δοκήσει
1255 2110 1431 2180 άντπεπτπ-

280 2219 378 2300 κέναι,
408 2215 429 2299 ἢ
452 2219 501 2283 καί
524 2214 613 2283 αύτάν
635 2215 759 2306 άλῃθείᾳ
779 2217 872 2304 σάρκα
891 2220 994 2301 ἔχοντα
1012 2213 1162 2301 όλῃθινιῖς
1179 2214 1430 2281 ἀναπεπτωκέναι.

284 2321 354 2394 Καί,
374 2316 537 2408 Ἐπιθυμίᾳ
552 2319 725 2402 ἐπεθύμησα
739 2327 826 2386 τοῦτο
843 2319 875 2386 τό
889 2317 987 2402 πάσχα
1000 2327 1106 2405 φαγεῖν
1121 2316 1189 2400 μεθ’
1203 2315 1285 2402 ύμῦν
1298 2317 1360 2406 πρά
1376 2328 1431 2386 τοῦ

282 2447 318 2504 με
332 2429 458 2501 παθεῖν,
485 2424 535 2486 ίνα
552 2425 630 2510 δείξῃ
647 2420 745 2505 πάσχα
760 2421 819 2508 πρό
834 2427 888 2488 τοῦ
904 2421 1025 2498 πάθους
1040 2418 1132 2486 αύτοῦ
1150 2423 1182 2486 έν
1196 2427 1237 2510 τῷ
1253 2418 1335 2510 κόμᾳ
1353 2447 1430 2506 προ·

281 2522 466 2606 τυπούμενον
486 2525 536 2588 καλ
553 2522 706 2607 γινόμενον
726 2521 759 2588 τό
778 2525 898 2611 βέβαιον
914 2521 1005 2590 αύτοῦ
1023 2530 1077 2590 τοῦ
1091 2521 1227 2602 πάθους,
1257 2525 1305 2588 καί
1322 2525 1431 2590 έντελί-

174 2625 177 2632 ’
281 2647 383 2712 στερον
403 2624 670 2712 προςκαλούμενον,
702 2627 751 2692 καὶ
767 2623 970 2692 ὑποδεικνύων
992 2622 1033 2702 οῖς
1052 2627 1104 2690 καί
1124 2621 1143 2690 ό
1164 2623 1249 2710 ἅγιος
1266 2623 1432 2703 α’ποστολύς

282 2748 371 2811 φῃσι,
395 2726 592 2814 Παιδαγωγός
606 2725 677 2811 ἡμῖν
696 2729 858 2815 4’γέγονεν
875 2725 894 2794 ό
909 2726 1000 2810 νόμος
1015 2729 1056 2804 είς
1075 2725 1210 2814 Χριστόν.
1255 2729 1298 2792 El
1311 2729 1343 2793 δέ
1360 2755 1428 2796 παι·

282 2828 415 2917 δαγωγάς
436 2828 454 2897 6
475 2829 567 2913 νόμος
588 2833 629 2906 είς
652 2829 795 2918 Χριστόν,
818 2827 874 2896 ούκ
895 2827 1043 2917 όλλύτριος
1066 2835 1197 2916 Χριστοῦ
1218 2826 1237 2895 6
1257 2828 1359 2914 νόμος.

366 3136 452 3222 Σχόλ.
466 3138 516 3223 ξγ’.
549 3140 709 3225 Παρέκοψε
721 3138 766 3219 τό,
789 3140 916 3224 48Λέγω
930 3135 1011 3221 ύμῖν,
1032 3134 1076 3202 Ού
1089 3136 1130 3221 μὴ
1143 3133 1230 3222 φύγω
1243 3132 1318 3202 αύτά
1332 3133 1425 3222 &40-

282 3267 324 3321 τι,
347 3243 403 3316 ἕως
425 3238 508 3306 ⁴⁹6⁸v
529 3247 675 3330 πληρωθῇ
696 3243 727 3307 έν
748 3247 784 3330 τῇ
805 3244 935 3329 βασιλείᾳ
953 3247 1006 3306 τοῦ
1026 3246 1112 3305 θεοῦ.

162 3375 270 3432 mm,
358 3341 475 3428 Ἕλεγχ.
492 3341 539 3428 gy<
575 3348 668 3408 Τοῦτο
691 3350 814 3426 περιεῖλε
837 3345 888 3408 καί
909 3339 1168 3431 έρρᾳδιούργῃσεν,
1197 3342 1248 3405 ῖνα
1271 3343 1366 3423 δῆθεν
1386 3339 1425 3424 μή

282 3443 397 3528 ποιήσει
420 3447 452 3512 έν
474 3451 510 3534 τῇ
527 3448 657 3534 βασιλείᾳ
679 3453 732 3511 τοῦ
747 3451 823 3511 θεοῦ
840 3444 938 3532 βρωτά
954 3444 974 3527 ἢ
988 3441 1079 3524 ποτά,
1108 3441 1163 3509 οῦκ
1177 3440 1264 3518 εἰδούς
1281 3439 1300 3508 ό
1317 3441 1425 3526 κτῃνοῖ-

283 3553 337 3630 δῃς
357 3546 402 3614 ότι
420 3545 598 3630 άντιμίμημα
615 3555 674 3613 τοῖν
690 3549 825 3634 ἐπιγείων
843 3549 966 3634 δύναται
981 3543 1054 3612 εἶναι
1069 3541 1253 3628 πνευματικά
1270 3547 1323 3610 καί
1340 3547 1424 3610 ἕπου

283 3649 382 3732 ράνια,
404 3648 679 3733 μεταλαμβανόμενα
696 3647 736 3726 τίς
751 3647 834 3733 ἡμεῖς
849 3647 905 3716 ούκ
921 3653 1050 3732 σίδαμεν.
1073 3664 1074 3668 ’
1094 3653 1254 3733 Μαρτυρεῖ
1265 3645 1322 3732 γάρ
1339 3645 1426 3712 πάλιν

282 3750 300 3818 6
315 3750 428 3836 σωτὴρ,
454 3753 503 3818 καί
520 3755 594 3839 λέγει
611 3751 670 3830 ότι,
701 3757 872 3818 Καθίσεσθε
890 3753 939 3819 ίπλ
955 3759 1007 3834 τῆς
1020 3751 1161 3838 τραπέζης
1174 3775 1248 3831 μου,
1277 3751 1425 3823 ἐσθίοντες

280 3857 332 3920 καί
357 3858 493 3932 πίνοντες
516 3857 546 3921 έν
569 3861 605 3944 τῇ
628 3858 758 3943 βασιλείᾳ
780 3859 840 3920 τῶν
862 3851 1005 3942 ούρανόν.
1051 3852 1140 3916 θθἪ
1160 3852 1315 3936 παρέκυψε
1338 3849 1425 3916 πόλιν

281 3963 387 4035 ταῦτα,
415 3960 465 4024 ’ίνα
482 3960 574 4040 δῆθεν
591 3955 697 4046 ποιήσῃ
712 3955 749 4021 τά
764 3960 795 4022 έν
808 3963 848 4046 τῷ
864 3955 946 4046 κόμᾳ
964 3954 1005 4040 μὴ
1020 3958 1122 4039 ἔχοντα
1137 3951 1231 4019 τόπον
1246 3955 1278 4019 έν
1292 3959 1329 4043 τῇ
1342 3957 1423 4034 βασι·

279 4063 341 4148 λείᾳ
364 4065 423 4126 τοῖν
448 4056 591 4146 ούρανοῖν.
636 4056 740 4125 Πόθεν
764 4051 818 4124 οῦν
840 4055 939 4135 Ἠλίας
962 4061 1013 4125 καλ
1034 4064 1170 4140 Μωύσῆς
1193 4055 1342 4138 ι’ίφθῃσαν
1366 4051 1423 4136 μετ’

281 4158 374 4226 αύτοῦ
394 4165 426 4228 έν
445 4169 486 4252 τρῖ
508 4160 568 4248 όρει
590 4162 622 4226 έν
640 4158 728 4250 δόξῃς
759 4157 830 4226 Ἀλλ’
849 4158 937 4226 οόδὲν
954 4159 1109 4245 δυνήσεταί
1129 4185 1172 4235 τις
1192 4157 1269 4246 πρός
1285 4155 1339 4242 τήν
1357 4153 1422 4238 όλιὶ-

279 4272 374 4330 θειαν.

314 4451 354 4506 λῖν
373 4449 455 4508 καῖ’
428 4473 473 4508 ουκ
485 4449 608 4510 εἵπετ’
579 4473 607 4509 ου
619 4452 692 4509 τόποι
704 4456 755 4507 ωδ.
764 4457 837 4508 vatic,
904 4451 945 4510 47.
960 4447 1086 4523 γέγονεν’
1070 4473 1084 4508 ο
1095 4450 1179 4539 κόρος
1186 4454 1327 4536 ωρλῖιιίία,
1336 4451 1422 4502 Μ

315 4521 355 4574 46.
372 4521 511 4587 καλέτέραν
526 4529 587 4576 abest
600 4527 694 4576 οοεδίί.
707 4528 782 4588 prino.
802 4529 840 4576 Ετ
872 4527 926 4575 odi&
942 4528 1023 4608 Ρείρν.
1034 4517 1145 4606 γίνοιτ’
1163 4518 1269 4588 όνόμος
1283 4520 1421 4584 udum-'ut

281 4593 331 4641 ωδ.
345 4591 418 4642 vatic„
435 4594 520 4642 adiecit
536 4595 655 4644 Ριιουίυε.
873 4587 997 4659 γίνοιτο
983 4610 996 4646 ο
1014 4588 1090 4659 νόμος
1106 4592 1157 4642 ωιλ
1169 4591 1264 4654 Min.
