3008 4996
361 316 495 368 ruuuuu
512 319 575 370 urs
586 321 605 369 ι.
623 318 703 372 rost.
716 319 749 370 n.
765 318 862 371 nsua.
877 319 996 371 xxmu.
1188 305 1247 370 ιιι

105 438 326 516 sintpertus,
360 441 435 498 Vnda
457 458 519 498 cum
540 442 610 518 r'psr'r
629 441 704 500 nr'kdl
721 442 872 500 tamnus.
918 439 1017 524 Atque
1038 437 1078 502 ita
1100 436 1249 522 deinceps,

105 557 179 620 quac
200 537 254 600 sibi
274 538 403 601 nuntiato
425 549 493 601 suot
511 540 590 602 reiut
611 559 662 623 per
679 539 843 624 parabolam
862 539 1015 617 edisserit,
1048 560 1102 604 uec
1121 560 1155 602 sc
1172 538 1251 623 prins

105 639 141 702 ad
166 639 327 703 docendum
351 641 513 704 accessisse
539 663 623 725 qnam
645 652 744 723 aperte
769 641 902 704 domiuus
925 662 960 704 ea
982 649 1158 705 monstraret
1177 659 1251 723 qnae

104 741 204 805 verbis
220 753 306 804 antea
322 742 478 826 figurisque
493 743 718 826 significaverat.
763 740 882 805 Etenim
899 742 1071 826 simulatque
1088 764 1122 806 os
1137 742 1251 827 operirc

105 843 203 926 eoepit
217 854 277 906 tum
292 863 357 905 oum
374 839 550 907 Caesaream
565 843 676 928 attigit,
700 843 819 929 spiritus
834 854 953 907 sanctus
969 845 998 907 io
1017 841 1186 908 Comeiium
1202 843 1253 904 de·

103 943 203 1027 lapsus
222 953 278 1007 est.
323 940 409 1026 Quod
427 945 474 1008 uhi
489 943 595 1009 Petrus
614 946 787 1030 conspexit,
809 949 967 1026 Numquid,
991 948 1049 1025 ait,
1072 967 1171 1027 aquom
1188 949 1251 1024 puris

99 1048 254 1126 prodidere
271 1057 367 1127 potest
383 1049 419 1108 ob
439 1051 486 1108 dtir
505 1052 557 1128 qui
570 1052 674 1128 optrito
693 1059 806 1121 sancto,
839 1053 885 1108 nti
901 1059 931 1108 ct
945 1069 996 1108 nos
1014 1051 1110 1122 ἰηὶιὶο,
1140 1049 1254 1126 dt'grtoti

102 1155 194 1210 runt?
238 1145 303 1210 ilco
324 1168 396 1211 vero
416 1158 507 1211 totum
527 1148 697 1232 mysterium
718 1149 858 1231 quoddam
877 1170 912 1212 ac
930 1149 1045 1212 divinoe
1066 1148 1252 1231 benignitatis

102 1269 177 1332 opus
194 1259 270 1324 crat,
294 1259 325 1311 ut
337 1259 395 1312 tam
408 1247 515 1312 Petrus
527 1270 613 1332 quam
629 1251 739 1312 caeteri
756 1271 858 1313 omues
875 1250 1070 1334 intelligerent
1086 1271 1142 1313 non
1160 1248 1252 1312 homi·

102 1349 209 1428 uibus,
241 1351 293 1414 sed
310 1350 365 1413 deo
384 1351 533 1434 gentilium
552 1351 675 1414 salutem
694 1371 760 1415 esse
777 1351 969 1415 tribuendam.
1014 1350 1129 1416 Etenim
1146 1369 1252 1412 mouns

102 1451 175 1515 ittet
195 1451 286 1514 divini
304 1451 422 1536 spiritns
440 1463 471 1515 et
485 1451 580 1535 angeli
597 1463 744 1537 aspectum
763 1452 865 1536 largiri
881 1463 967 1516 antea
984 1453 1091 1531 voluit,
1120 1471 1175 1514 occ
1192 1471 1251 1514 oon

101 1564 133 1616 ct
148 1552 230 1616 iilius
248 1552 410 1637 approbare
429 1573 531 1637 preces
549 1573 584 1616 ac
602 1552 726 1632 ieiunia,
750 1554 918 1638 reliquaque
936 1554 971 1618 ab
989 1576 1024 1618 co
1039 1553 1187 1639 praeclare
1201 1573 1253 1636 ge-

101 1665 168 1731 sta,
194 1664 225 1716 ut
242 1654 316 1737 qood
334 1654 492 1738 apostolis,
517 1655 729 1739 praecipueque
747 1652 854 1734 Petro,
879 1661 1063 1720 commissum
1080 1657 1190 1734 fuerat,
1214 1673 1251 1718 eo

101 1776 139 1818 ue
163 1755 309 1841 privatum
328 1755 474 1819 hominem
497 1755 576 1820 iilum
597 1756 721 1835 vellent,
745 1777 829 1840 quem
852 1759 923 1822 deus
944 1759 1040 1844 reipsa
1059 1767 1228 1821 vocaverat.

191 1957 289 2043 Atque
308 1958 380 2022 haec
399 1960 511 2045 quidem
531 1981 567 2024 eo
588 1960 673 2024 modo
692 1971 761 2024 tuuc
778 1960 979 2026 administrata
995 1972 1080 2039 sunt,
1108 1981 1181 2045 quae
1198 1959 1252 2023 ial-
1270 1969 1329 2040 cip.
1343 1975 1385 2025 tv.

101 2082 155 2125 sos
178 2059 227 2123 itte
248 2061 398 2144 apostolus
416 2058 575 2125 Corinthus
594 2060 733 2124 seditiose
751 2074 959 2126 commoverat.
1003 2061 1252 2147 Quemadmodum

102 2163 179 2227 alias
197 2159 413 2246 Hierosolymis
430 2183 493 2226 cum
511 2165 572 2226 suis
586 2162 664 2225 idem
679 2162 727 2225 iila
744 2164 882 2227 tumuitus
896 2165 1039 2242 concivit,
1064 2165 1177 2248 quando
1194 2164 1251 2226 sei·
1263 2181 1311 2225 uec
1322 2181 1356 2238 at,
1368 2182 1402 2226 as.

101 2265 176 2328 iicet
191 2284 257 2326 cum
274 2262 346 2326 Tito
362 2260 471 2326 Pacius
489 2264 619 2339 advenit,
643 2275 729 2347 atque
743 2262 783 2326 ita
801 2264 876 2328 idem
892 2266 940 2328 itte
956 2267 1068 2330 locutus
1084 2277 1145 2328 est:
1171 2269 1252 2328 Viros

97 2369 282 2446 praeputium
299 2367 430 2426 humores
445 2387 536 2426 secum
553 2370 680 2439 r'ndum't,
711 2365 814 2449 quibus
831 2367 866 2428 de
883 2365 954 2430 Tito
970 2367 1166 2448 significabatc
1195 2371 1252 2428 Lc-

102 2490 184 2540 cnm,
209 2464 320 2550 iuquit,
341 2479 468 2528 scortum
483 2470 633 2550 mosenum
643 2469 727 2549 secr'r.
775 2464 875 2549 Quare
892 2467 931 2530 ita
948 2465 1055 2531 Pacius
1072 2468 1163 2531 disits
1195 2473 1254 2532 Sed
1265 2484 1403 2542 ectetas

101 2590 194 2650 neque
214 2570 294 2628 Titus
311 2573 362 2649 qui
379 2589 482 2629 mecum
498 2581 576 2644 erut,
608 2591 669 2629 eum
687 2580 761 2630 esset
772 2571 890 2648 gentiiis
903 2573 1060 2649 compulsus
1075 2581 1120 2630 est
1132 2575 1252 2632 cricum-

102 2676 180 2734 cs'dr':
205 2675 260 2734 scd
272 2679 391 2750 propter
406 2671 631 2731 sudmmoductos
640 2672 736 2752 salsos
745 2673 874 2752 srotres,
904 2675 955 2751 qui
966 2673 1190 2733 subducemus
1202 2694 1253 2733 co·

99 2777 221 2853 plorare
241 2773 396 2832 libamem
414 2783 554 2845 cosmon,
586 2793 667 2852 quam
687 2773 818 2832 deberem
838 2775 867 2833 rit
886 2775 1013 2832 Chresto:
1045 2774 1145 2852 quitus
1164 2795 1254 2854 oeque

103 2879 143 2936 sd
157 2879 259 2935 dorum
272 2875 404 2934 cesonio
417 2873 596 2934 subtectione.
643 2870 757 2935 Deinde
771 2872 920 2957 praeputio
933 2873 1078 2958 praeditos
1095 2874 1139 2937 itis
1152 2875 1252 2938 uerbis

104 2974 295 3039 hortabatorc
326 2975 423 3034 Nolite
437 2977 615 3049 strumenta}
639 2995 701 3035 num
718 2979 748 3035 si
760 2977 1011 3049 circumcidamini,
1038 2977 1165 3036 Cdo-tituto
1180 2979 1255 3038 nr'dil

102 3079 183 3139 oodr's
196 3077 338 3155 proderit.
385 3069 577 3138 Circumcisio
594 3095 679 3158 porro
698 3076 805 3138 tamdiu
823 3097 907 3139 strum
924 3085 1036 3161 tempus
1054 3075 1169 3154 habuit,
1201 3078 1253 3140 do-

103 3199 159 3242 nec
182 3174 279 3240 maior
298 3173 481 3238 circumcisio
505 3175 569 3238 eius
590 3186 637 3238 cst
659 3175 914 3253 iocosuistitu1a,
944 3197 1047 3261 nempe
1069 3178 1116 3240 itta
1133 3177 1252 3242 lotionis

103 3278 212 3342 iterato
230 3276 399 3360 generatim
429 3275 458 3340 id
476 3278 551 3361 quod
569 3277 677 3340 nemini
695 3277 848 3340 obscurum
869 3287 929 3356 est,
961 3277 1181 3362 evidentiusque
1200 3299 1253 3364 por

103 3401 138 3444 ea
165 3397 244 3462 quac
266 3397 331 3440 cum
350 3377 386 3440 ab
406 3377 471 3442 aliis
489 3379 645 3462 apostolis,
679 3389 737 3442 tum
758 3378 911 3463 praecipue
929 3401 946 3442 a
964 3377 1057 3444 Paulo
1076 3380 1149 3443 dicto
1170 3389 1249 3458 sunt,

103 3479 283 3544 ostenditur.
313 3474 358 3542 lta
373 3479 449 3541 cuim
462 3477 527 3543 illes
548 3481 654 3557 Qur'dns
666 3501 754 3561 neque
766 3483 913 3542 odiorum
925 3487 1058 3543 nesscimus
1070 3483 1248 3545 subtectione.
1264 3498 1400 3558 (termus

104 3579 193 3665 Quod
211 3580 237 3644 si
256 3579 321 3663 quis
338 3600 373 3642 ca
390 3601 465 3662 qnae
483 3590 542 3642 tum
557 3580 593 3643 ab
610 3581 748 3664 apostolis
766 3592 850 3664 gesta
868 3592 936 3645 snut
951 3583 1184 3647 animadvertere
1199 3605 1252 3648 vo·

102 3683 214 3760 luerit,
246 3679 312 3744 huic
329 3681 465 3744 admirari
483 3681 649 3765 cumprimis
666 3693 818 3760 occurret,
847 3684 1083 3766 quemadmodum
1101 3705 1173 3768 quae
1192 3695 1251 3749 tum

103 3784 144 3846 ab
159 3783 215 3846 hac
230 3781 344 3846 haeresi
358 3783 506 3846 mendacis
520 3783 659 3846 instinctu
674 3783 791 3867 spiritus
805 3784 1004 3848 administrata
1019 3796 1098 3864 suut,
1120 3789 1252 3871 proprias

102 3884 223 3948 iliorum
242 3893 325 3946 notas
345 3885 526 3966 exprimant,
558 3884 606 3968 qui
626 3903 678 3968 per
695 3885 857 3948 istiusmodi
873 3885 1010 3950 haereses
1029 3897 1123 3950 motos
1139 3887 1204 3951 illos
1222 3888 1251 3950 in

103 3983 250 4069 apostolis
270 3983 463 4048 concitarunt.
507 3983 584 4048 Nam
605 4005 669 4047 cum
688 3983 736 4048 isti
759 3985 860 4049 addei
880 3987 1045 4071 integritate
1064 3988 1251 4069 defecissent,

104 4096 140 4150 et
158 4086 189 4149 iu
208 4085 299 4150 iairos
317 4086 465 4170 apostolos
484 4097 584 4150 esseut
603 4087 757 4176 conversi,
789 4087 917 4172 aliosque
937 4089 1055 4173 perinde
1076 4089 1163 4152 falsos
1181 4113 1252 4176 opo·

102 4186 201 4250 stoios
219 4187 384 4264 misissent,
408 4186 455 4270 qui
475 4187 621 4265 dicerent,
644 4190 969 4264 Nt'sr’ct'r‘comor'dumr'rrs',
994 4195 1197 4254 etcustodtittr's
1212 4197 1253 4254 Ic·

99 4309 171 4368 gers
187 4291 298 4367 Moysi,
321 4310 377 4350 nou
390 4293 645 4369 percontrarium,
669 4289 773 4371 ingens
788 4290 855 4354 inde
874 4293 947 4353 fucta
964 4292 1117 4355 commotio
1133 4305 1194 4372 est,
1220 4305 1252 4357 ut

140 4437 167 4488 2.
186 4442 260 4490 Virdo
277 4431 318 4492 ὅτι
333 4435 376 4492 ἐὰν
393 4438 588 4506 περιτέμνησθε,
605 4455 665 4504 qous
698 4443 751 4492 edo.
765 4445 853 4504 princ,
869 4457 898 4494 etr
912 4447 962 4495 cod.
981 4448 1089 4498 tudccm
1100 4449 1202 4510 merom
1216 4449 1253 4499 t's·

104 4508 271 4558 &concuret
285 4511 335 4558 toro
346 4510 371 4558 ιιι
386 4509 438 4559 cod.
447 4510 543 4572 ddsdtq.
555 4523 627 4572 quom
640 4512 665 4559 ιιι
698 4513 768 4562 amitt
784 4513 901 4562 Prtoor'os.
