3010 5000
314 273 449 326 eunoun
467 273 527 324 ιιιι.
541 275 559 324 ι.
576 271 655 324 ron.
672 271 714 322 ιιι.
731 271 828 322 roura.
840 269 973 321 ιιιιιιιιιι.
1150 255 1212 320 499

160 393 251 458 Tales
280 395 422 458 aduersus
449 390 540 456 Evam
564 394 644 454 lirerc
668 390 811 474 serpentis
837 389 971 453 insidiae.
1018 386 1131 450 toenio
1157 387 1210 450 inm
1231 403 1289 472 (tp.
1308 403 1338 454 n.

80 508 134 560 lum
161 497 197 558 ah
222 497 304 559 initio
331 507 431 558 aratura
459 493 603 557 laetaniarum
632 491 766 556 ueritatis
791 493 911 577 rupida,
945 490 1027 554 ratris
1052 492 1214 568 dogmatum

78 598 196 660 snrrrniis
219 609 248 660 et
266 599 400 662 iurauibus
418 595 567 682 promissis
589 595 664 658 solet
685 595 788 679 abripi.
833 592 871 657 lit
888 595 999 677 qnidenr
1020 593 1158 678 principio
1176 596 1215 655 la·

79 710 140 762 teas
169 700 216 763 ille
244 721 278 763 ac
304 699 412 762 sensim
443 700 585 782 obrepens
615 699 688 760 ictus
712 696 844 760 verrerrali
873 696 982 759 exitum
1007 695 1214 760 dissimulabat.

79 799 183 865 Postea
206 823 269 865 cum
290 802 419 864 salutator
438 812 585 886 assumpto
604 820 724 882 corpore
745 798 892 876 seruisset,
923 800 1004 861 virus
1026 821 1110 862 uerrere
1133 819 1216 863 serum

79 923 112 967 ac
131 904 232 967 uclarii
254 906 374 994 sceleris
392 902 603 987 improbitatem
624 923 759 967 evomere
777 923 811 963 oc
830 901 972 985 despuere
990 907 1095 986 coepit.
1140 899 1216 966 Nam

79 1005 264 1090 semetipsum
287 1006 444 1070 infelicium
467 1004 580 1068 illorum
605 1003 748 1067 mentibus
773 1003 817 1066 dei
840 1005 932 1065 instar
958 1003 1117 1066 habandam
1142 1004 1218 1065 cele-

80 1108 274 1192 brandumque
297 1108 458 1193 proposuit.
503 1104 562 1171 Sed
582 1107 655 1169 idem
675 1127 815 1190 serpens,
847 1105 893 1189 qni
913 1127 965 1190 per
983 1107 1114 1169 alaomos
1127 1105 1216 1168 'disci-

80 1213 172 1296 pliuae
188 1232 257 1274 surae
276 1221 393 1294 postea,
418 1209 486 1272 olim
503 1230 555 1294 per
570 1209 771 1294 aspectabilem
788 1209 865 1272 illum
882 1218 1064 1292 serpentem,
1087 1207 1218 1271 hcrrrines

80 1312 279 1378 circumvenit.
331 1310 483 1375 Diabolum
515 1311 590 1374 enim
620 1311 760 1396 scriptura
791 1321 955 1396 serpentem
984 1308 1127 1388 roomiual3
1160 1331 1218 1372 ιιιιιι

79 1417 154 1499 quud
173 1436 206 1478 ea
225 1415 263 1478 sit
281 1415 344 1479 eius
363 1416 472 1498 ligura,
506 1415 555 1477 sed
575 1416 649 1498 quod
667 1434 704 1477 ex
722 1411 854 1476 erunibus
872 1413 972 1476 hestiis
989 1412 1026 1476 sit
1043 1413 1089 1475 ille
1109 1423 1218 1475 torlua-

80 1519 228 1596 sissimns,
262 1517 395 1601 qnodque
412 1515 530 1601 primam
550 1517 676 1578 euronium
694 1516 820 1578 lrandem
839 1515 891 1577 suh
910 1517 1052 1599 serpentis
1069 1515 1219 1578 involucro

79 1619 196 1683 molitus
214 1620 310 1683 luerit.
350 1617 545 1703 Quamobrem
564 1619 637 1702 apud
653 1637 716 1694 eus,
736 1619 783 1701 qui
799 1617 930 1680 veritatis
947 1619 1018 1681 baud
1033 1617 1124 1701 igurari
1141 1625 1218 1694 suad,

80 1722 231 1784 ridiculum
248 1731 293 1784 cst
309 1720 385 1784 illius
401 1723 520 1804 dogma,
546 1743 601 1783 ιιοιι
620 1718 713 1783 inians
730 1741 814 1803 quam
830 1720 877 1803 qui
892 1719 984 1783 eidem
1002 1720 1220 1804 acquiescentes

80 1823 206 1887 numinis
221 1823 314 1886 instar
328 1834 492 1909 serpentem
509 1822 616 1886 enlurrt.
663 1820 803 1885 Diabolus
818 1823 933 1908 qnippe,
953 1845 1016 1886 cnm
1031 1823 1143 1885 virilem
1159 1823 1222 1884 ani-

81 1947 158 1989 mum
178 1925 309 1988 veritalis
331 1947 346 1988 a
369 1926 424 1988 deo
443 1926 608 2006 cognitione
627 1923 792 1988 roboratum
810 1925 943 2009 decipere
963 1947 1019 1990 non
1039 1935 1153 2010 posset,
1185 1923 1221 1986 ad

81 2029 232 2090 mulierem
249 2048 315 2091 sese
330 2028 486 2104 convertit,
506 2027 650 2090 hominum
666 2027 801 2090 videlicet
813 2025 1022 2110 ignorantiame
1046 2039 1072 2090 el
1088 2024 1223 2112 qnoniam

83 2131 207 2194 luctibus
223 2129 346 2214 ingeniis
363 2129 463 2213 neqmt
479 2129 617 2206 illudere,
649 2149 701 2192 eos
717 2129 819 2212 quihus
835 2128 1015 2210 ignorantiae
1031 2129 1156 2193 caecitas
1173 2129 1223 2192 oh-

84 2233 171 2294 ducta
189 2243 235 2294 est
250 2231 285 2294 od
301 2251 367 2295 sese
385 2241 508 2295 concitur
523 2231 651 2294 allicere.
697 2229 772 2294 Nam
790 2231 974 2294 muliebribus
991 2243 1128 2316 perpetuo
1146 2232 1224 2313 eogi-

85 2333 242 2396 talionibus
258 2333 456 2410 adhaerescit,
480 2332 620 2417 voluptati
637 2331 768 2395 nimirum
786 2344 815 2394 et
832 2332 994 2416 cupiditati,
1028 2334 1140 2397 honest
1156 2333 1225 2396 ede·

83 2436 210 2498 mirratae
233 2434 261 2497 in
283 2433 445 2498 ltuminihus
462 2435 658 2518 ignorantiam
691 2435 770 2496 hema
790 2455 862 2498 vero
879 2457 913 2500 ac
931 2437 1091 2498 eurrstanlia
1109 2433 1224 2518 ingratia

83 2535 267 2616 reformidat,
291 2557 365 2621 quae
381 2557 476 2601 rerum
491 2537 616 2600 emerium
633 2547 856 2600 consentaneam
872 2557 906 2599 ac
921 2558 1077 2620 congruam
1095 2535 1224 2599 lentitiam

83 2639 259 2715 informant,
290 2661 325 2703 ac
342 2640 423 2702 deum
443 2639 536 2724 ipsum
560 2659 598 2701 ex
625 2650 744 2701 naturae
768 2638 832 2722 lege
852 2639 1029 2702 discernunt.
1076 2635 1224 2704 Christum

84 2742 161 2804 euim
185 2742 354 2804 scillarum
379 2762 444 2804 esse
465 2761 587 2826 serpens
610 2740 773 2825 praedieot3
807 2742 853 2803 vel
874 2741 990 2803 rraiaime
1015 2741 1075 2826 ipse
1097 2741 1222 2824 quidem,

85 2843 274 2928 nequeenim
297 2843 374 2927 loqui
394 2853 504 2928 potest,
534 2843 584 2905 sed
606 2843 652 2927 qui
672 2842 757 2905 talem
778 2843 896 2905 istorum
914 2843 1057 2906 mentibus
1074 2841 1227 2926 cogitatio·

85 2967 151 3009 nean
172 2944 273 3008 iniecit
290 2943 432 3008 diabolus.
477 2942 586 3028 Ecquis
607 2965 678 3007 vero
695 2943 790 3007 statim
808 2965 841 3006 ac
858 2957 1022 3030 serpentem
1043 2945 1147 3008 viderit
1169 2965 1226 3007 ιιιιιι

85 3047 200 3110 hostem
225 3047 435 3110 errimodvertat
457 3068 489 3110 ac
516 3047 624 3130 lugiatl
673 3043 757 3110 llarm
783 3047 858 3108 enirn
880 3046 917 3109 oh
940 3067 1071 3111 caussam
1095 3046 1227 3112 doraeirrus

85 3160 253 3236 serpentem
271 3149 346 3212 inter
362 3148 564 3232 hominumque
580 3168 671 3232 genus
689 3147 808 3211 hostiles
822 3148 986 3212 iuimicitias
1001 3147 1129 3226 immisit,
1153 3149 1227 3234 qnod

87 3251 207 3314 omirinu
225 3249 356 3314 diabolus
373 3250 482 3313 hestiae
499 3269 591 3332 geneis
607 3251 681 3313 istud
700 3251 779 3314 velut
796 3251 1016 3314 instrumentum
1037 3251 1226 3328 adhibuisset,

86 3353 291 3437 hominemque
306 3351 383 3415 intra
400 3351 524 3437 paradisi
541 3362 621 3436 septe
637 3353 814 3437 decepissem
839 3362 871 3416 nt
887 3353 934 3437 qui
952 3353 1067 3416 externi
1085 3353 1229 3438 serpentis

86 3455 221 3520 hostilem
240 3455 366 3539 speciem
384 3454 541 3539 conspicati
562 3455 682 3534 luerint,
706 3454 741 3516 ah
758 3455 821 3518 eius
838 3454 951 3517 insidiis
969 3465 1107 3534 caveant,
1131 3477 1165 3518 ac
1182 3455 1230 3518 vel

86 3559 203 3642 ipsum,
227 3566 259 3619 ut
279 3556 319 3620 ita
342 3555 452 3634 dicam,
476 3567 661 3640 corrspectnm
683 3556 759 3620 illius
780 3557 1004 3621 exhorrescant.

173 3654 300 3743 Ophitae
322 3678 393 3722 reru
410 3657 476 3722 haic
494 3659 643 3722 scientiam
663 3679 775 3722 omnem
797 3659 941 3736 tribuunt,
974 3660 1071 3744 itaque
1092 3659 1227 3744 proliten-
1245 3671 1305 3740 Gap.
1322 3671 1366 3724 tlt.

87 3771 152 3824 turc
177 3771 343 3844 serpentem
362 3759 523 3822 hominihus
540 3759 678 3823 scientiae
696 3761 791 3824 omneis
809 3771 956 3825 auctorem
974 3763 1125 3839 extitisse,
1149 3763 1229 3825 inde·

87 3883 145 3946 que
170 3861 281 3926 lahrdas
303 3884 399 3926 meras
424 3883 494 3946 qums
517 3883 569 3947 pro
588 3863 733 3947 mysteriis
752 3862 857 3925 hahent
875 3864 1028 3926 corrrmenti
1051 3875 1133 3943 snut;
1164 3885 1228 3926 cerm

87 3964 161 4028 nihil
184 3963 260 4026 aliud
284 3975 399 4049 praeter
418 3963 568 4028 nnmerum
591 3963 697 4027 ludicra
716 3965 836 4029 ridicula
855 3986 974 4050 prorsus
996 3977 1026 4029 et
1044 3965 1139 4029 inania
1157 3964 1227 4029 siut.

88 4065 209 4131 Etenim
231 4067 268 4130 eh
289 4065 392 4130 Aeone
411 4086 523 4130 summo
540 4078 710 4152 propagatos
731 4067 851 4130 Aconas
871 4068 1058 4146 existimant,
1092 4068 1229 4152 equibus

121 4220 148 4273 a.
166 4219 195 4273 cd
214 4222 322 4282 rerertprl
338 4235 367 4272 ea
381 4221 453 4272 l'alle.
469 4221 527 4270 turo
538 4235 583 4284 pre
596 4219 644 4282 clu,
678 4223 832 4272 Patauium
849 4223 900 4272 cod.
915 4224 986 4272 Vetto.
1003 4225 1109 4273 restituit.

88 4291 153 4354 qaod
171 4291 241 4352 melpo
257 4293 328 4338 estet.
712 4288 771 4338 Gne.
786 4291 827 4338 lll.
845 4317 876 4328 —
896 4293 915 4341 l.
932 4282 990 4354 duee
1002 4294 1094 4352 reposui
1107 4303 1158 4340 cnm
1175 4291 1229 4340 Cor-

123 4357 149 4408 4.
170 4357 242 4406 tum
257 4351 344 4424 ἀγνοίᾳ
356 4356 388 4424 τῇ
402 4357 490 4408 laedit.
500 4358 580 4408 Peleu.
595 4371 645 4420 upe-
678 4359 746 4407 nerto
760 4361 780 4407 et
795 4360 903 4418 Petam'o,
919 4363 1083 4422 procuretque
1099 4373 1152 4409 uoce
1168 4355 1229 4422 lnce,

88 4439 176 4476 ιιιιιιιιι
191 4439 254 4474 error
270 4425 353 4474 cursu.
678 4439 738 4488 qum
754 4429 823 4488 culpo
838 4429 927 4490 lephna.

123 4493 149 4545 b.
165 4487 310 4556 arrhqued
318 4491 647 4555 datdnetnrlnedtlmrlnc,

958 4581 1029 4649 32*
