3018 4994
325 357 460 410 ransart
476 358 539 412 nro,
549 359 569 410 r.
589 357 670 410 nont.
682 359 726 409 nr.
742 357 841 409 nana.
851 357 976 410 xxxiv.
1161 347 1223 410 439

80 497 132 539 neo
147 477 223 541 intra
240 497 295 542 nee
311 489 398 542 extra
412 477 592 557 conasistunt,
617 477 761 562 talemque
777 497 817 542 ex
832 477 881 541 illa
895 476 1156 542 scientissimorum
1172 477 1223 542 bo·

79 579 185 644 minnan
207 580 288 644 velut
309 591 440 644 semente
463 583 586 644 iruetum
609 582 750 644 reierunt.

160 678 300 746 Ceterum
320 681 440 746 Marcus
464 683 520 746 iste
538 680 745 746 Colorbasicue
766 679 853 766 Siges
877 693 990 745 uternam
1014 702 1048 744 ae
1066 691 1222 767 concepta·
1240 697 1300 766 cap.
1313 697 1355 748 tv.

78 784 170 847 culum
195 807 282 847 uniam
306 806 339 848 se
362 806 396 846 ar
419 784 596 868 singularem
622 785 711 848 luisse
733 783 934 871 praedicabat,
967 794 998 846 ut
1022 784 1070 867 qui
1096 783 1222 867 unigena

76 887 168 950 eidem
192 888 296 964 luerit,
327 909 361 950 ac
382 889 513 950 delectus
534 907 653 966 sennen,
685 888 759 970 qnod
783 887 812 949 in
834 906 867 948 se
887 891 1055 970 receperat,
1086 886 1140 948 boc
1160 889 1221 950 lere

76 990 160 1051 modo
178 990 301 1074 peperit.
347 987 460 1075 Quippe
477 1011 616 1052 summam
632 989 709 1052 illam
728 988 887 1052 Tetradem
911 1009 950 1052 est
970 987 1005 1050 lis
1024 987 1115 1065 lonis,
1146 1008 1220 1069 quae

74 1091 167 1153 videri
189 1091 389 1176 nominatique
413 1101 576 1175 nequeunt,
609 1091 645 1154 ad
666 1111 732 1154 sese
758 1090 890 1154 muliebri
911 1089 1009 1176 speeie
1033 1090 1220 1154 descendisse

75 1193 239 1276 (quoniam,
270 1194 381 1277 inquit,
414 1195 489 1277 qnod
511 1194 538 1256 in
558 1214 592 1256 en
612 1192 762 1256 masculini
783 1213 874 1256 senus
894 1202 957 1255 erat
973 1191 1120 1254 sustinere
1138 1213 1219 1256 mun·

73 1295 125 1358 dus
143 1317 199 1358 non
216 1297 360 1381 poterat),
384 1296 487 1358 deinde
506 1317 538 1358 se
554 1315 694 1380 quaenam
714 1305 793 1358 esset
808 1295 975 1379 aperuisse,
1000 1294 1219 1359 universorum-

71 1419 125 1481 que
144 1398 381 1481 generationem,
409 1419 494 1481 quarn
513 1398 620 1461 nemini
639 1397 757 1460 deorum
776 1419 901 1481 unquam
918 1395 1121 1478 bominumque
1139 1406 1218 1480 pate-

71 1501 198 1576 fecerat,
221 1499 275 1562 soli
294 1499 348 1585 ipsi
367 1498 439 1562 iisne
454 1500 553 1563 verbis
571 1499 762 1583 exposuisse:
787 1495 862 1562 Cum
881 1498 1001 1584 primum
1022 1495 1110 1560 Pater
1126 1498 1151 1560 is
1169 1497 1218 1581 qni

70 1623 164 1686 neque
188 1600 364 1683 cogitatione
385 1601 449 1686 capi
471 1612 567 1686 potest
589 1613 619 1664 et
639 1614 761 1664 naturae
784 1601 878 1666 omnis
901 1612 946 1664 cst
965 1619 1091 1684 expers,
1124 1619 1217 1682 neque
1256 1675 1265 1696 ο

70 1725 158 1788 porro
175 1725 238 1766 oras
254 1713 299 1766 est
317 1714 367 1766 arnt
384 1705 506 1783 lentina,
531 1703 674 1790 parturire
690 1705 803 1789 eoepit,
827 1703 901 1788 qnod
919 1703 948 1765 in
966 1725 998 1766 se
1014 1713 1078 1766 erat
1094 1701 1218 1786 inexpli-

69 1806 161 1868 cabile
175 1805 271 1890 gigni,
296 1805 370 1889 quod
386 1806 613 1890 inaspectabile‚
638 1806 756 1870 lormari
772 1807 909 1890 cupiens,
934 1827 967 1868 os
984 1802 1112 1890 apernit,
1137 1803 1216 1866 sirni-

69 1909 183 1992 lemque
199 1907 242 1971 sui
260 1903 433 1972 Sermonem
450 1908 550 1971 edidit.
597 1905 654 1990 Qui
672 1910 786 1992 quidem
805 1909 923 1972 adstans
940 1908 966 1970 ei
985 1907 1118 1990 quidnam
1135 1915 1216 1970 esset

14 2015 20 2022 '
68 2011 212 2088 ostendit,
236 2031 299 2072 oum
314 2009 529 2094 inaspectabilis
544 2009 622 2074 illius
636 2011 717 2074 velut
731 2011 840 2092 effigies
855 2021 1019 2095 appareret.
1063 2007 1215 2070 Eiusmodi

68 2133 155 2196 porro
178 2111 303 2174 nominis
324 2111 372 2175 illa
394 2113 591 2195 pronuntiatio
613 2114 723 2176 estitit.
768 2112 896 2176 Primum
920 2111 1121 2197 appellationis
1143 2129 1215 2172 srrao

67 2213 238 2278 vocabulum
261 2213 393 2277 elocutus
415 2224 478 2276 este
511 2214 678 2278 bouanrtem
697 2210 799 2297 Ἀρχὴ,
829 2216 892 2278 sive
911 2211 1106 2298 Principium,
1138 2223 1212 2291 erat,

67 2318 148 2380 cuius
172 2317 282 2402 syllaba
305 2327 428 2399 quotuor
450 2316 601 2380 elementis
623 2319 787 2380 constabat.
831 2315 908 2380 Mox
929 2316 1050 2380 alteram
1073 2315 1213 2400 syllabam

64 2418 188 2496 adiecit,
212 2439 287 2501 quae
302 2429 331 2482 et
346 2418 406 2502 ipsa
423 2418 568 2484 elementa
582 2419 749 2484 continebat
762 2430 896 2503 quatuor.
944 2415 1014 2480 lnde
1031 2417 1145 2480 tertiam
1163 2419 1213 2480 de·

64 2541 126 2584 cem
148 2541 188 2584 en
211 2519 362 2584 elementis
382 2522 583 2605 compositam.
627 2519 703 2585 Mos
725 2533 854 2605 quartam
874 2522 1084 2584 eleanentornro
1104 2520 1212 2582 dunde-

64 2623 131 2686 cim.
180 2618 222 2684 lta
241 2623 366 2686 nominis
387 2623 476 2686 totius
493 2623 646 2709 appellatio
665 2645 704 2688 ex
721 2623 840 2687 tricenis
860 2635 904 2686 est
921 2623 1091 2699 elementis,
1121 2622 1211 2706 syllo-

64 2725 107 2788 bis
123 2747 195 2787 vern
211 2734 410 2808 coagmentata
426 2736 560 2808 quatuor.
607 2723 772 2804 linteamen,
789 2736 820 2789 ul
833 2736 862 2788 et
877 2725 1049 2788 elementum
1064 2725 1212 2808 quodlibet

63 2827 198 2913 proprias
214 2827 313 2891 literas
331 2829 521 2911 propriosque
537 2829 722 2893 characteres
738 2840 768 2892 et
784 2827 1046 2911 pronuntiationem
1065 2826 1210 2911 propriam

64 2929 186 3006 babeat,
218 2929 338 3012 liguram
355 2928 478 3011 deniqne
497 2931 677 3014 effigiemque
696 2931 858 3015 propriam,
890 2951 984 3012 neque
1002 2928 1152 3012 quiequam
1173 2928 1211 2990 sit

63 3032 136 3113 qnod
155 3031 233 3093 illins
249 3032 386 3108 i'ormam,
418 3030 500 3094 cuius
519 3035 692 3096 elementum
713 3043 775 3109 est,
799 3031 938 3116 aspiciat,
970 3031 1027 3092 imo
1045 3051 1081 3094 ne
1101 3051 1210 3112 cogno·

62 3145 125 3196 srat
145 3131 272 3216 quidem.
317 3131 423 3216 Neque
442 3155 529 3216 porro
547 3135 636 3197 vieini
654 3135 708 3198 sibi
727 3135 872 3218 quodlicet
890 3133 1025 3197 elementi
1042 3133 1209 3216 pronunlia-

63 3233 172 3298 tionem
191 3235 289 3312 novit,
321 3236 372 3296 sed
392 3234 434 3296 sie
453 3235 500 3298 ille
518 3237 701 3320 pronuntiat,
733 3248 763 3300 ut
782 3248 870 3299 totum
889 3238 1042 3320 prolereas
1059 3233 1209 3298 nominare

61 3337 231 3400 universnm
248 3337 407 3400 existimet.
452 3334 574 3422 Singula
590 3339 704 3423 quippe,
729 3361 792 3402 onan
809 3338 936 3402 uraiversi
952 3338 1011 3400 sint
1027 3347 1135 3421 partes,
1160 3358 1209 3419 pe·

61 3440 200 3502 ouliarem
221 3436 275 3502 sibi
292 3459 395 3502 sonum
415 3440 494 3502 relut
513 3450 603 3503 toturn
622 3441 745 3520 elicrre,
761 3475 764 3480 v
778 3461 832 3504 neu
849 3443 929 3526 prius
948 3439 984 3502 ab
1002 3440 1115 3502 edendo
1133 3459 1207 3502 sorno

59 3631 150 3688 metus,
180 3629 226 3676 Vei.
243 3628 374 3689 Interpretis
394 3630 520 3678 uodonem
538 3643 617 3694 neque
687 3629 724 3679 15.
741 3621 756 3682 i*
773 3625 835 3682 alind
853 3643 901 3692 epo.
933 3629 1004 3688 Vulgo
1019 3621 1110 3679 criniri
1122 3621 1208 3686 αὐτὸς.

59 3693 138 3757 iprum
151 3710 227 3758 super
239 3693 386 3744 elementum
401 3707 446 3747 est.
463 3702 552 3746 secratur
566 3711 618 3757 spe·
687 3695 724 3746 lli.
741 3695 784 3750 τὸν
807 3713 855 3760 epo.
889 3693 917 3750 rb
941 3699 994 3744 libri
1012 3709 1097 3744 omnes.
1131 3697 1209 3746 Possis

59 3764 313 3823 einsturqnontoeriue
323 3767 421 3813 correxit
432 3757 446 3815 ‘e'
457 3759 519 3828 daie
531 3758 615 3816 αὐτοῦ.
650 3768 720 3814 etiem
737 3765 765 3818 τὸ
785 3765 847 3822 πᾶν,
870 3767 938 3814 modo
956 3762 1109 3828 ἔκφωνῶντα
1124 3765 1206 3825 pluro·

59 3835 87 3878 st
100 3833 140 3879 ilie
152 3833 233 3892 legisse
245 3833 320 3890 polius
333 3831 424 3880 uidetur
436 3825 454 3895 ἦ
468 3825 529 3894 ὅπερ
544 3825 617 3894 uniri,
649 3836 701 3882 liter
712 3849 800 3894 sumus,
815 3837 847 3883 nd
861 3831 964 3885 ἕκαστον
975 3833 1126 3892 referendum.
1152 3831 1208 3882 emt

59 3899 156 3960 indeque
180 3901 297 3960 scripsisse
320 3907 346 3946 et
370 3897 430 3948 nibil
454 3915 537 3948 eorum
564 3916 617 3948 esse
648 3905 856 3963 interpretationem
877 3905 1023 3951 verissimum
1045 3901 1107 3948 dedit
1128 3903 1153 3948 l'.
1173 3901 1206 3949 Gi.

59 3965 126 4029 qnod
147 3965 213 4014 illius
235 3964 318 4014 videet
336 3965 456 4027 sormam,
482 3983 529 4018 neo
550 3967 617 4034 quod
650 3974 708 4031 disp.
720 3972 825 4020 lieonder
837 3974 862 4020 in
875 3971 1069 4028 GenetEntwnri
1077 3969 1118 4017 der
1129 3971 1206 4018 Gnost

58 4031 139 4098 ipsurn
155 4050 229 4098 super
246 4033 393 4084 elementum
409 4045 454 4084 est.
650 4039 751 4099 Spsteme
765 4054 789 4100 p.
803 4037 855 4088 tta.
892 4039 937 4087 Vet.
955 4038 1110 4096 interpraete
1126 4050 1205 4084 comt·

95 4103 132 4152 te.
150 4099 281 4168 γινώσκειν
295 4103 345 4152 nod.
359 4105 434 4154 tener.
458 4105 531 4166 Vulgo
544 4101 617 4170 γινώ-
648 4111 701 4166 plo,
717 4113 787 4168 pulo,
803 4109 953 4166 exemplario,
968 4110 1059 4166 praeter
1072 4118 1141 4152 neruo
1154 4118 1205 4154 sen·

59 4183 123 4220 σκει.
648 4177 731 4223 tentiae
742 4177 918 4236 intellegentium
927 4187 1025 4233 ominem,
1037 4175 1146 4221 conuertit
1155 4175 1205 4224 ste:

95 4232 132 4286 li.
150 4233 222 4289 ndito
243 4231 328 4301 α’ρκεῐν
348 4253 401 4288 meo
423 4245 456 4288 etl
478 4242 615 4291 emendatio.
650 4241 699 4289 Sed
718 4259 763 4291 nec
780 4257 928 4306 cognoscere
946 4258 1015 4300 enam,
1039 4238 1083 4288 sed
1100 4257 1130 4288 ne
1148 4239 1204 4305 qni-

57 4305 122 4353 Libri
147 4319 225 4354 omnes
244 4307 326 4354 bobenl
347 4308 477 4368 πολιορκεῖ.
511 4309 614 4358 Pseudo·
648 4307 704 4357 dem
721 4310 825 4374 proximi
849 4310 900 4359 eius
917 4307 1105 4374 unumquodque·
1123 4325 1204 4356 onaan-

59 4374 170 4433 omnem
183 4375 198 4421 l.
214 4375 229 4421 l.
247 4366 306 4424 ouidi
320 4369 371 4438 μήν
386 4371 433 4440 τὴν
447 4376 490 4426 τοῦ
506 4375 613 4440 πλησίου
647 4376 777 4426 tintinnum
790 4378 861 4436 scire,
878 4376 923 4426 sed
936 4377 1002 4442 quod
1016 4375 1069 4440 ipse
1083 4375 1203 4436 anunntiat,

57 4433 134 4491 edroi
147 4437 250 4492 ἕκαστον
264 4437 554 4508 ἐκφώνησινγινώσκειν.
568 4439 612 4496 cil-
645 4443 679 4493 ita
698 4462 772 4495 omne
789 4446 856 4512 quod
873 4445 985 4496 enurntiar
1001 4443 1062 4494 illud
1080 4443 1146 4512 quod
1164 4455 1203 4496 est

56 4503 87 4558 lai
101 4505 170 4590 pandi
185 4505 305 4592 &pontin
319 4505 355 4568 cic
367 4508 396 4562 τὸ
412 4512 459 4562 πᾶν
472 4509 611 4577 deponeris·
644 4523 724 4564 totum
742 4516 860 4566 nominet.

56 4589 95 4637 rc,
109 4591 151 4628 οτι
160 4573 190 4629 τὸ
202 4577 325 4644 speratam
334 4571 462 4644 ὀνομάζειν
473 4575 549 4632 ciris
559 4585 610 4630 cett.
