3010 5000
397 314 985 372 ranaaumn.1.nom.1u.uanam..
1204 309 1265 374 5³9

116 453 349 521 unamquamque
370 431 551 502 Potestatem
574 457 736 517 excusare,
768 439 868 523 sieque
893 440 927 504 atl
950 460 1115 526 supremam
1137 435 1264 506 Matrem

116 546 205 622 atquc
222 539 350 602 omnium
369 539 524 623 pervenire
542 536 715 620 Pareutem‚
748 562 764 604 a
783 563 840 626 quo
856 541 885 605 in
903 542 978 606 bunc
996 544 1130 608 mnndum
1148 542 1266 629 delapsa

116 639 168 706 sit.
213 638 348 704 Diximus
366 640 537 725 baptismum
555 641 664 705 abillis
682 643 775 706 salici.
820 647 893 706 Nam
911 667 1022 708 muscae
1036 649 1362 728 morrmmspemtteerm.

115 748 189 806 duat
200 748 364 806 comitatem
379 748 532 824 unguenti‚·
558 745 633 828 qunti
649 745 684 810 de
698 745 763 808 istis
780 765 938 831 eorumque
956 747 1098 810 similibus
1114 747 1261 831 proverbii
1288 715 1320 770 ω’
1334 717 1352 760 ¹‘

115 844 215 930 specie
232 842 428 910 Ecclesiastes
445 845 623 930 pronuntiat.
654 844 776 911 Muscas
791 849 894 935 quippe
908 861 977 913 sunt
992 849 1170 928 mortiferae,
1191 869 1265 934 quae

115 948 264 1012 conditum
282 967 299 1010 a
318 947 498 1032 seplasiariis
515 960 695 1033 unguentum
710 949 858 1031 inliciunt,
890 950 985 1014 divina
1003 951 1137 1016 vilelicet
1156 963 1265 1037 myste-

113 1050 178 1129 ria,
212 1069 285 1134 quae
308 1051 343 1113 ad
366 1059 550 1135 pennatorum
574 1051 815 1116 condonationem
838 1051 921 1116 nobis
943 1055 972 1118 iu
996 1053 1137 1138 baptismo
1159 1055 1264 1118 collata

114 1163 197 1217 sunt.

189 1251 351 1318 Enimuero
369 1253 467 1318 mirari
487 1253 627 1340 quispiam
647 1255 715 1318 illud
734 1256 858 1340 poterit,
891 1277 974 1340 quam
993 1257 1081 1322 multa
1097 1257 1127 1321 in
1146 1269 1262 1322 natura·
1281 1265 1341 1332 Gap.
1359 1266 1402 1315 ttt.

113 1358 184 1421 lium
203 1377 299 1420 rerum
318 1355 510 1441 scriptoribus
528 1357 659 1421 utilitatis
676 1358 760 1442 plena
778 1359 922 1444 reperiat,
954 1359 979 1422 si
995 1360 1057 1445 apis
1073 1359 1144 1424 uelit
1157 1360 1263 1424 imitari

113 1459 314 1545 prudentiam,
350 1479 423 1542 quae
442 1459 570 1524 flosculis
589 1457 721 1523 omnibus
741 1460 870 1524 insidens
887 1462 1086 1546 undecumque
1108 1462 1163 1526 sibi
1182 1461 1262 1526 utilia

114 1562 238 1646 colligit.
284 1559 400 1624 Etenim
419 1561 465 1624 vir
483 1562 609 1647 prudens
629 1583 664 1625 ac
682 1563 835 1647 perspicus
856 1562 933 1626 nulla
949 1583 989 1626 ex
1005 1584 1039 1627 ra
1059 1564 1262 1628 detrimentum

39 1729 43 1738 ,
115 1663 211 1750 capit,
235 1664 286 1726 sed
304 1683 343 1726 ex
363 1664 441 1727 omni
459 1664 613 1728 occasione
633 1664 776 1744 lucratur,
799 1665 967 1749 imprudens
985 1677 1086 1730 eoratra
1103 1667 1263 1730 incommo-

114 1767 183 1830 dum
199 1785 233 1828 ao
248 1766 382 1830 damnum
398 1766 531 1851 percipit,
552 1767 592 1829 uti
606 1776 724 1830 sanctus
738 1767 878 1852 propheta
893 1778 1032 1832 testature
1057 1773 1258 1851 omnisapiens,
1275 1793 1327 1838 ose.
1338 1791 1370 1846 tt,
1382 1791 1413 1836 tc.

114 1881 146 1931 et
161 1871 401 1950 intellegetbuer3
433 1882 462 1932 et
478 1869 589 1930 verbum
605 1871 713 1930 domini
730 1882 788 1944 est,
820 1881 849 1930 et
863 1882 1013 1950 cognoscet
1030 1875 1100 1946 isto,
1133 1877 1263 1954 qucaimn

114 1983 210 2034 rwtuc
227 1976 288 2032 urire
302 1975 423 2046 domnini,
447 1975 527 2052 thrpis'
538 1981 628 2032 nutem
647 1973 866 2051 aafimatmtm
880 1977 908 2034 im
923 1977 985 2034 eia?
1027 1973 1112 2058 Aputl
1128 1972 1193 2038 illos
1208 1973 1263 2058 igi-

116 2086 181 2154 tur,
205 2093 278 2158 quos
295 2073 373 2153 disi,
393 2072 569 2160 *naturalium
589 2093 686 2137 rernm
704 2075 863 2159 scriptores
877 2073 1060 2154 invenimus,
1085 2075 1131 2140 rel
1149 2075 1264 2161 ipsimet

114 2176 213 2262 potius
229 2175 393 2254 ceruimus,
424 2175 646 2240 scarabaeorum
664 2196 775 2261 genus,
807 2178 882 2262 qunti
900 2198 916 2239 a
936 2177 1105 2261 quibusdam
1124 2173 1262 2261 Bylarnm

115 2289 257 2356 vocatur,
281 2279 309 2342 in
328 2279 439 2342 ioetore
458 2298 492 2342 ac
507 2289 639 2344 stercore
655 2279 780 2343 volutari
795 2281 909 2358 solere,
934 2279 1106 2363 unicumque
1120 2278 1178 2344 illis
1192 2279 1263 2361 ipsis

116 2393 147 2446 et
162 2382 328 2447 alimentum
344 2391 461 2466 etopus
476 2401 559 2459 esse,
583 2401 648 2444 cum
663 2381 727 2445 aliis
743 2381 823 2445 dirus
840 2403 875 2445 ao
890 2381 1024 2446 sordidus
1042 2380 1090 2444 ille
1106 2381 1187 2446 cibus
1202 2403 1263 2446 mn·

114 2484 229 2550 lestiam
246 2504 279 2548 ac
298 2503 435 2548 nauseam
453 2481 554 2566 pariat.
600 2481 742 2568 Numqui
761 2505 831 2570 apes
849 2485 932 2548 fimus
950 2505 986 2548 ac
1006 2485 1100 2548 loetcr
1114 2483 1262 2562 interficit,

114 2585 283 2652 scarabaeis
302 2585 468 2650 alimentum
490 2605 525 2648 ac
542 2585 691 2649 materiam
712 2586 832 2670 praebet
849 2586 963 2672 operis,
997 2596 1029 2650 nt
1050 2586 1109 2650 illis
1124 2587 1212 2650 hores
1234 2597 1263 2649 et

115 2689 237 2752 odorum
259 2688 419 2771 fragrantia
438 2697 522 2771 atque
545 2698 757 2772 unguentorum
774 2690 922 2767 suavitas,
954 2689 1056 2774 quibus
1075 2687 1208 2752 omnibus
1226 2687 1262 2752 ad

116 2789 339 2855 oblectationem
359 2800 389 2852 et
405 2789 578 2854 mellibnium
596 2811 629 2856 ac
646 2789 740 2854 cibum
759 2802 789 2854 ct
805 2792 903 2876 operis
919 2790 1160 2856 exercitationem
1177 2801 1262 2854 utun-

116 2903 175 2957 tur.
220 2889 396 2956 Soarubaeis
417 2911 490 2956 vern
512 2893 598 2976 louge
621 2892 692 2956 haec
713 2895 860 2956 contraria
883 2903 961 2958 sunt.
1008 2890 1065 2976 Qui
1088 2893 1164 2956 enim
1186 2895 1263 2980 peri-

115 2995 211 3060 eulum
235 2997 330 3058 lacere
351 2993 495 3074 voluerit,
528 3005 558 3056 ut
577 2994 738 3080 physiologi
762 2996 893 3076 tradunt,
925 2996 949 3060 si
971 3006 1163 3079 unguentem,
1195 3006 1262 3082 putu

115 3097 333 3183 opobalsamum
348 3106 397 3160 aut
415 3096 534 3160 nardum
552 3097 718 3160 scarabaeis
733 3097 902 3176 admoveat,
931 3099 1040 3162 lethum
1055 3097 1111 3161 illis
1128 3097 1259 3161 afferret.

116 3197 223 3264 Statim
238 3199 314 3262 enim
330 3198 474 3263 suavitate
489 3199 587 3262 oloris
602 3209 773 3263 enecantur.
820 3197 871 3264 Sic
885 3198 1024 3264 baeretici
1039 3200 1080 3264 illi
1096 3211 1261 3286 stuprorum

113 3322 148 3365 ae
168 3301 319 3368 libidinum
341 3311 369 3364 et
390 3301 537 3385 nequitiae
558 3301 652 3365 omnis
673 3313 841 3388 appetentes
865 3301 998 3387 pessimis
1018 3302 1047 3366 iu
1071 3302 1158 3367 rebus
1180 3323 1260 3388 spem

115 3425 197 3468 suam
214 3403 374 3482 collocant,
405 3423 476 3468 nox
492 3415 588 3468 autem
604 3416 636 3469 ut
651 3404 686 3467 ad
704 3425 819 3468 sacrum
836 3405 1008 3490 baptismum
1027 3415 1055 3470 et
1074 3407 1261 3488 lragrantiam

113 3505 193 3570 illum
209 3505 405 3585 secesserint,
429 3506 607 3586 moriuntur,
632 3507 865 3592 blasphemantes
884 3510 967 3573 deum
986 3531 1020 3572 ac
1036 3509 1260 3574 inminationem

114 3607 176 3672 eius
199 3619 384 3693 spernentes.

198 3708 281 3793 Quos
302 3711 417 3796 qnidam
440 3733 497 3776 uun
519 3711 567 3778 rel
588 3712 681 3776 altero
701 3713 867 3778 testimonio
886 3713 1089 3796 iugulabimus.
1133 3711 1211 3777 Nam
1234 3713 1258 3776 si
1279 3729 1339 3798 cap.
1352 3729 1394 3780 tv.

115 3833 186 3897 quos
200 3810 383 3899 Principatua
399 3835 433 3878 ac
447 3812 613 3879 Potestatcs
629 3835 779 3894 vocamus,
799 3816 863 3879 sine
877 3817 932 3880 loo
949 3816 1065 3881 minime
1080 3817 1261 3882 constituas·
1275 3812 1339 3856 ΜΝ·
1349 3813 1382 3866 ¹³2
1395 3811 1413 3856 ¹·

116 3925 176 3995 tur,
205 3916 233 3980 itl
256 3915 285 3978 in
307 3915 398 3979 coelis
415 3916 486 4000 ipsis
503 3917 598 3980 locum
618 3917 724 3982 habere
744 3919 872 3982 maxime
890 3919 986 3982 debet.
1032 3919 1164 4002 Angelos
1183 3919 1259 3982 enim

115 4028 144 4080 et
165 4018 368 4102 archangelos
389 4017 532 4103 scriptura
556 4031 781 4100 commemorat,
817 4043 875 4084 non
898 4021 1039 4085 eiusmodi
1065 4033 1096 4084 ut
1120 4023 1260 4085 contrarii

116 4119 168 4184 tlec
183 4119 258 4200 sint,
282 4121 333 4185 setl
348 4125 614 4185 Admr'mitrctort'cs
627 4127 745 4204 sperabas
759 4128 798 4185 ud
809 4129 991 4187 mrhr'stemitm
1006 4131 1121 4199 mulsos,
1142 4137 1260 4206 prepter
1276 4145 1371 4200 uetat,
1382 4147 1412 4190 tt.

114 4243 159 4284 ecs
179 4229 230 4305 qm·
243 4227 421 4287 hereditatem
443 4229 558 4306 eupiunt
577 4229 688 4288 salutis.
735 4223 900 4310 siquitem
923 4237 953 4290 et
969 4227 999 4292 in
1018 4239 1094 4291 terra
1113 4228 1261 4312 quodlibet

115 4343 233 4410 reguum
255 4327 353 4411 plures
377 4326 464 4390 babet
481 4325 657 4413 principatus
679 4327 728 4390 uui
743 4329 807 4412 regi
823 4329 984 4394 subiectos.
1031 4335 1108 4410 (luae
1122 4337 1194 4396 errr'm
1207 4353 1259 4413 po·
1274 4349 1388 4456 aptaque,

145 4545 170 4600 3.
186 4551 323 4617 „Suspecta
341 4548 401 4602 mihi
418 4567 466 4604 vox
483 4560 521 4604 eat
537 4547 677 4622 patiencl‘
698 4555 817 4607 Patauina.
850 4554 943 4618 Renoua
960 4552 1081 4624 λαγνείας.
