3036 4998
376 287 510 342 rennuit
527 289 586 345 Lib.
600 293 619 345 l.
637 291 717 344 ΤΟΜ.
734 291 766 342 ll.
784 291 881 343 llell.
897 292 996 342 XXXI.
1201 283 1263 344 327

116 429 172 496 qne
191 410 308 496 scriptis
328 409 479 495 quicquam
500 407 670 477 elucubrare
687 409 907 491 consueverim,
941 431 1035 496 neque
1057 411 1171 476 dicendi
1190 413 1227 476 sit
1247 435 1264 476 a

114 533 161 576 me
186 513 309 578 facultas
333 509 546 578 exercitatione
564 513 706 597 quaesita.
754 511 812 578 Sed
835 513 1007 578 meraritas
1027 515 1160 580 bortatur
1180 525 1263 580 ntea

114 615 165 678 tibi
189 615 304 698 tuisque
324 615 459 699 dogmata
478 615 646 698 patefaciam
664 636 739 700 quae
757 616 791 679 ad
811 615 887 680 bunc
905 617 1049 681 occultata
1068 617 1146 682 diem
1165 617 1262 682 divine

113 716 201 781 modo
216 717 311 802 gratia
329 725 460 802 prompta
477 717 610 780 omnibns
626 729 785 804 apertaque
802 729 880 784 suut.
925 722 1010 780 ΝἰΙαἹ
1022 724 1093 782 enain
1108 733 1151 782 eet
1166 725 1260 783 occul·
1272 741 1357 790 aman

114 831 190 894 tum,
214 823 291 901 qnod
309 841 365 882 non
386 823 541 893 reueletur,
563 832 592 881 et
609 823 816 896 absconditum,
840 825 915 904 qnod
934 843 989 883 non
1010 826 1129 884 ceantur.
1272 797 1305 847 ι’·
1317 797 1349 842 ⁸

197 919 358 986 Enimvero
374 920 444 986 nibil
459 921 515 984 erit
532 941 582 986 our
596 942 614 986 a
630 923 725 1001 uobis,
750 924 798 1008 qni
815 924 891 986 inter
905 921 1007 988 Gallos
1025 923 1155 1006 degimus
1172 935 1258 1010 atque
1277 936 1335 1004 Cap.
1349 937 1384 988 x.

110 1025 139 1088 iu
156 1023 301 1088 barbarae
318 1023 434 1108 linguae
451 1023 637 1089 meditatione
653 1025 804 1110 plurimum
821 1025 952 1110 occupati
968 1047 1081 1106 snmus,
1100 1027 1257 1091 oratoriam
1308 1044 1312 1052 ’

108 1127 217 1212 exigas
235 1126 419 1204 facultatem,
449 1146 533 1211 qnam
553 1147 696 1212 nunqnam
712 1127 879 1208 didicimus,
910 1149 1004 1212 neque
1020 1127 1166 1192 scribendi
1182 1129 1258 1214 peri-

109 1229 199 1307 tiam,
232 1228 277 1292 cui
298 1249 443 1312 nunquam
464 1227 640 1309 studuimus,
672 1249 766 1314 neque
787 1228 920 1293 dictionis
939 1241 1072 1294 ornatum
1094 1253 1129 1294 ac
1148 1231 1256 1308 lucnm3

109 1351 197 1416 qnem
218 1330 333 1417 penitus
352 1330 532 1415 ignoramus.
578 1327 654 1414 Quin
676 1330 771 1417 potins
793 1352 866 1416 qnae
889 1353 906 1394 a
928 1332 1012 1395 uobis
1033 1331 1203 1418 simpliciter
1224 1353 1258 1396 ac

107 1454 182 1498 cere
200 1431 370 1518 vulgarique
385 1453 522 1496 sermone
538 1432 573 1495 ad
592 1441 618 1496 te
634 1453 673 1496 ex
689 1433 811 1497 caritate
828 1434 1007 1514 scribuntur,
1031 1455 1067 1498 ea
1082 1454 1121 1497 ex
1135 1433 1258 1498 caritate

108 1533 254 1620 suscipies
272 1545 379 1620 atque,
409 1545 507 1620 utpote
526 1534 618 1618 magis
637 1536 671 1599 ad
690 1535 719 1600 id
736 1537 940 1619 praestandum
961 1537 1101 1615 idoneus,
1132 1536 1175 1599 sie
1194 1546 1257 1600 tan-

107 1659 196 1724 quam
214 1636 327 1702 semina
345 1637 485 1722 quaedam
502 1647 531 1700 et
549 1637 627 1700 initia
645 1658 661 1700 a
681 1636 764 1701 nobis
782 1639 949 1724 acceperis,
974 1659 1050 1702 noun
1067 1638 1142 1723 apud
1160 1647 1189 1702 tc
1208 1659 1256 1701 ac-

107 1741 247 1806 cessione
266 1738 456 1825 locupletiora
474 1739 584 1818 lacies,
615 1749 642 1801 ct
663 1739 692 1803 in
713 1739 819 1804 meotis
838 1752 905 1804 tuae
922 1741 1081 1826 spatiosum
1098 1740 1191 1803 sinum
1211 1761 1257 1803 re-

105 1844 243 1921 condita,
268 1862 342 1927 quac
360 1840 460 1926 paucis
477 1862 494 1904 a
509 1862 556 1904 mc
573 1842 725 1927 perstricta
744 1853 829 1920 suut,
854 1841 991 1906 uberiore
1010 1844 1104 1906 fructu
1120 1862 1256 1928 compen·

105 1945 208 2023 sabis,
243 1965 277 2007 ac
295 1943 420 2028 deniqne
439 1943 573 2027 quiequid
596 1965 613 2007 a
634 1964 680 2008 me
697 1965 797 2030 panum
815 1944 941 2010 viriliter
958 1944 1133 2031 explicatum
1156 1945 1254 2024 luerit,

103 2048 181 2134 apud
201 2057 268 2111 tuos
286 2065 413 2110 nervose
430 2045 601 2130 fortiterque
619 2046 788 2132 disputabis.
834 2047 932 2132 Atque
950 2056 982 2109 ut
999 2068 1054 2131 ego
1075 2046 1124 2110 tibi
1140 2047 1255 2111 illorum

103 2147 285 2214 senteutiam
303 2146 471 2233 perdiscere
488 2147 614 2232 cupienti
632 2170 687 2212 nou
707 2170 770 2213 eam
787 2149 873 2212 modo
891 2149 1040 2214 declarare
1058 2148 1171 2228 studui,
1203 2149 1254 2213 scd

103 2252 214 2317 idonea
232 2271 346 2336 quoque
364 2249 509 2337 praesidia
528 2249 562 2314 ad
580 2251 655 2315 illam
674 2251 902 2316 convincendam
921 2249 1020 2330 attuli,
1045 2253 1085 2314 ita
1105 2261 1134 2314 et
1155 2261 1184 2314 tn
1202 2273 1255 2338 pro

103 2341 240 2439 eaquae
264 2363 358 2417 tecum
381 2373 397 2416 a
421 2352 476 2416 deo
498 2353 705 2416 communicata
729 2353 825 2438 gratia
846 2364 907 2432 est,
940 2365 1103 2418 ceterorum
1125 2352 1255 2439 impense

103 2454 273 2521 rationibus
291 2465 321 2519 et
338 2454 454 2519 utilitati
472 2456 602 2534 servies,
633 2477 668 2518 ne
686 2456 716 2518 in
735 2466 883 2541 posterum
901 2455 1051 2540 quisquam
1071 2454 1172 2518 blanda
1190 2456 1253 2519 illo·

102 2581 170 2624 rum
194 2557 330 2622 oratione
353 2556 494 2641 capiatur.
541 2554 625 2640 Quae
645 2558 674 2620 in
697 2558 773 2622 bunc
795 2558 909 2622 modum
932 2579 999 2621 sese
1022 2557 1118 2622 babet.

190 2657 341 2745 Principio
359 2659 389 2723 iu
406 2658 629 2724 sublimitatibus
645 2659 717 2740 illis,
749 2681 823 2745 quac
840 2680 934 2745 neque
950 2660 1015 2723 visu
1034 2660 1141 2746 percipi
1159 2679 1254 2744 neque
1272 2665 1388 2734 cqcxt.

103 2761 304 2850 appellatione
330 2761 388 2825 nlla
416 2761 621 2848 comprehendi
644 2773 779 2848 possunt,
813 2764 973 2849 perlectum
992 2762 1091 2826 iuessc
1111 2762 1253 2847 quendam

99 2867 242 2931 Aeonem
262 2874 416 2944 asserunt,
440 2885 525 2948 quem
544 2874 573 2928 et
590 2864 708 2948 primum
726 2861 882 2928 Parentem
900 2875 929 2928 et
947 2861 1073 2951 Bytbnm
1091 2865 1251 2928 nominant.

99 2967 211 3045 Hunc,
235 2987 300 3030 cum
317 2966 396 3030 nullo
413 2967 478 3031 loco
495 2966 639 3032 contineri
657 2989 709 3030 nec
725 2967 818 3031 videri
835 2979 951 3052 posset,
975 2966 1182 3052 sempiternum
1198 2987 1253 3029 neo

97 3069 235 3156 genitum
254 3068 284 3130 in
306 3067 402 3152 quiete
424 3079 510 3152 atque
526 3069 586 3132 otio
603 3069 720 3133 induitis
736 3089 943 3154 perseverasse
958 3069 1077 3133 seculis.
1119 3064 1251 3149 Quocum

99 3171 261 3238 Enuocam
278 3169 414 3234 extitisse
431 3171 551 3256 pariter,
575 3191 659 3255 qnam
678 3170 723 3236 isti
739 3169 872 3236 Gratiam
887 3191 922 3235 ac
937 3168 1029 3256 Sigen
1045 3180 1162 3234 vocant.
1208 3170 1254 3232 Ac

100 3276 197 3338 luisse
222 3283 335 3358 tempus
353 3270 506 3357 aliqnando
523 3294 587 3337 cum
605 3270 719 3359 Bytbus
736 3273 785 3337 ille
804 3273 930 3337 omnium
952 3294 992 3337 ex
1011 3293 1077 3336 sese
1097 3272 1253 3358 primordia

100 3377 269 3464 producere
285 3374 414 3438 uoluerit
431 3396 466 3439 ao
485 3386 620 3460 tauquam
640 3375 770 3455 semina,
802 3375 922 3460 quaein
942 3371 1034 3459 Sigen
1053 3374 1203 3459 aequalem
1219 3395 1254 3438 ao

100 3499 272 3566 comparem
290 3499 372 3542 sunm
389 3477 471 3563 quasi
485 3478 635 3542 matricem
650 3477 765 3542 inludit.
811 3476 883 3541 Eam
903 3498 990 3562 porro
1007 3477 1119 3541 semiue
1135 3476 1184 3540 illo
1200 3497 1255 3540 ex·

100 3594 192 3670 ecpto
214 3580 364 3666 gravidam
389 3582 502 3645 demum
524 3579 648 3645 similem
670 3580 796 3664 genitori
815 3601 870 3644 suo
889 3579 958 3646 Nun
978 3580 1184 3664 aequalemque
1204 3600 1253 3665 pe·

99 3685 236 3772 perisse,
268 3684 317 3769 qni
339 3683 420 3747 solus
443 3679 580 3746 Parentis
603 3683 828 3766 magnitudinem
854 3692 983 3768 caperet.
1028 3679 1161 3746 Enaodem
1183 3677 1253 3744 Nun

99 3789 194 3852 etiam
211 3783 374 3871 Unigenam
392 3785 559 3865 nominant,
582 3796 611 3849 ct
626 3782 744 3850 Patrem
762 3797 791 3849 et
804 3782 981 3871 Principium
998 3804 1094 3848 rernm
1111 3777 1249 3862 omnium,

99 3909 229 3975 quocum
248 3907 304 3950 una
323 3898 475 3973 procreata
491 3887 530 3951 sit
546 3885 678 3952 Veritas.
725 3885 808 3952 liano
824 3907 890 3952 csse
908 3886 1028 3973 primam
1044 3907 1078 3948 ac
1094 3886 1251 3971 principem

100 3993 183 4058 illam
200 3988 453 4078 Pythagoreorum
469 3989 653 4076 quadrigam,
680 4011 764 4074 qnam
781 4001 811 4055 et
827 3991 1030 4054 universorum
1047 3987 1185 4052 Radiccm
1203 4009 1254 4073 ap·

133 4177 160 4232 d.
180 4176 227 4231 καὶ
243 4177 401 4232 καταθέσθαι
417 4184 509 4230 tuentur
525 4180 593 4230 codd·
608 4180 663 4228 Ven.
697 4193 751 4230 enan
764 4181 887 4231 delendam
903 4193 950 4229 ecee
965 4179 1096 4242 snapteertr.
1129 4179 1176 4228 nist
1190 4179 1257 4228 cttter

100 4253 155 4300 Vnt.
172 4248 280 4311 Μία,
297 4249 475 4312 altochric.
508 4249 536 4298 ln
550 4249 617 4297 editis
633 4251 666 4296 cst
698 4251 759 4300 bunc
773 4251 848 4298 tocnnr
861 4251 1039 4310 omriperesnnt
1052 4249 1143 4307 canuti,
1159 4259 1258 4308 cuonem

98 4316 147 4370 καὶ
163 4313 303 4378 anatona,
318 4317 380 4379 quod
391 4317 528 4366 mendorum
542 4329 589 4366 erce
603 4317 666 4364 orbi·
700 4322 829 4368 commento
844 4321 938 4366 uniant
954 4317 1044 4367 leonaci
1060 4315 1178 4364 edittones.

98 4393 160 4448 teor,
173 4396 320 4448 monacnum
333 4384 422 4434 benaci
435 4384 531 4446 luterpn.
540 4381 668 4434 demicione
735 4385 759 4435 5.
780 4379 881 4450 πρώτην
901 4385 951 4434 cod.
972 4386 1026 4434 Van.
1059 4381 1156 4450 πρῶτον
1175 4383 1259 4446 nttqos

99 4453 223 4504 convertit.
258 4453 405 4502 Pcrtteotcm
424 4451 469 4504 nul
489 4458 543 4503 unte
560 4449 669 4504 scrobi-
702 4453 764 4503 ttbrt.

100 4521 165 4573 abac
178 4526 242 4572 necte
257 4516 340 4582 ctiam,
352 4532 382 4570 oe
393 4534 447 4572 cum
461 4523 558 4572 Μανία
572 4522 670 4584 ctttsqm
737 4517 763 4572 6.
779 4513 927 4586 Terpaerdu
942 4519 978 4570 ed.
991 4520 1066 4582 petae.
