2994 5024
334 357 468 408 rnunnu
486 355 548 408 cru.
561 357 581 408 1.
598 357 678 408 rou.
692 357 734 406 111.
751 355 849 406 nnec.
860 356 942 406 xcrr.
1149 347 1207 410 oet

65 490 130 550 tur,
154 482 214 538 11111·
225 481 309 558 prius
325 483 473 538 morantur.
519 474 585 559 Qua
608 497 647 539 ex
670 475 830 558 scripturae
847 475 1020 538 auctoritate
1038 475 1124 560 plane
1142 476 1210 540 illud

64 579 266 664 intelligimus,
289 599 383 663 granu
398 577 438 643 illi
455 579 530 661 qnod
548 578 664 655 cecidit,
688 578 742 641 boo
757 588 804 662 est
818 577 988 661 consepulto
1002 577 1129 662 corpori,
1154 599 1212 642 nun

64 683 194 761 animae,
218 681 464 746 resurrectionem
482 701 550 744 esse
567 679 778 745 vindicandam.
824 678 940 742 Etenim
957 682 1100 764 quomodo
1118 682 1214 746 anima

65 785 129 848 sola
145 784 271 862 veniret,
297 794 347 848 aut
360 804 485 868 regnare
498 783 559 846 sola
577 793 687 867 posset,
712 803 785 867 quae
801 805 865 845 oum
881 803 1003 867 corpore
1017 784 1091 865 quod
1108 783 1214 848 iustum

57 887 115 950 'vel
135 888 238 950 malurn
256 897 303 950 est
319 886 512 950 communiter
529 885 682 949 exercuit?
723 883 815 949 Esset
830 884 935 970 quippe
952 885 1079 950 iustitiae
1096 886 1213 950 minime

65 999 295 1053 cousentaneum
319 998 349 1052 et
369 988 507 1052 alienum.

151 1088 229 1154 Nam
249 1090 356 1175 triplex
372 1091 439 1154 illud
460 1087 622 1154 Marcionis
638 1088 815 1175 Principium
838 1089 995 1153 cobaererc
1017 1112 1074 1175 quo
1098 1090 1211 1154 demum
1230 1102 1289 1172 crp.
1305 1105 1347 1157 vt.

65 1204 152 1282 pacto
169 1193 294 1278 poterit?
338 1190 396 1275 Qui
413 1205 509 1258 autern
528 1193 589 1256 lieri
607 1203 720 1277 potest,
745 1192 837 1276 utqui
854 1192 945 1258 bonus
962 1192 1017 1270 sit,
1042 1191 1071 1256 in
1088 1192 1214 1256 deterio-

66 1298 109 1361 ris
127 1297 256 1382 partibus
272 1316 343 1380 opus
363 1295 497 1360 moliatur
514 1294 618 1373 ullum,
651 1295 726 1379 quod
748 1296 922 1359 adsalutem
946 1304 976 1358 et
996 1293 1024 1358 id
1046 1315 1139 1379 genus
1156 1296 1214 1361 alia

65 1399 232 1485 pertinenti
276 1395 309 1462 Si
328 1399 403 1462 enim
422 1419 479 1460 non
497 1398 588 1482 ipsius
605 1397 759 1482 peculiaris
775 1409 821 1461 est
837 1399 975 1474 mundus,
1001 1409 1031 1461 et
1044 1397 1074 1460 in
1090 1399 1213 1462 enodem

66 1501 223 1586 unigenam
241 1521 324 1564 suum
342 1499 527 1564 nibilominus
543 1500 678 1578 immisit,
703 1511 735 1564 ut
753 1522 792 1564 ex
809 1498 905 1565 alieno
920 1501 1043 1578 muodo,
1068 1501 1143 1585 quod
1159 1521 1214 1564 nec

66 1613 187 1668 severat
203 1623 257 1666 nec
277 1604 403 1681 lecerat,
427 1603 571 1681 auferret,
596 1623 717 1666 necesse
736 1614 781 1666 est
798 1603 876 1666 illurn
893 1603 940 1666 vel
957 1603 1117 1666 alienorum
1134 1601 1214 1687 cupi·

66 1708 158 1771 ditate
174 1704 221 1768 uel
235 1705 355 1789 penuria
374 1704 525 1782 laborare,
549 1716 580 1767 ut
594 1727 658 1768 curn
675 1704 799 1789 propriis
815 1716 932 1784 careat,
956 1706 985 1770 in
1003 1727 1037 1768 ea
1054 1726 1127 1790 quae
1143 1706 1215 1770 alte·

66 1811 130 1872 rius
146 1817 227 1887 sunt,
250 1829 354 1871 manus
370 1807 514 1885 immittat,
539 1829 595 1890 quo
611 1807 665 1870 sibi
683 1827 755 1890 quae
770 1818 855 1870 antea
873 1829 929 1870 uon
946 1807 1068 1872 babebat
1083 1818 1212 1893 usurpet.

68 1908 215 1976 Conditor
228 1931 315 1996 porro
329 1913 472 1994 quomodo
485 1913 713 1993 interutrosque
729 1908 875 1988 iudicabit,
899 1921 950 1973 aut
962 1933 1083 1994 quorum
1098 1911 1214 1974 omnino

68 2034 203 2078 caussam
222 2012 413 2097 disceptabit?
456 2009 491 2077 Si
509 2013 585 2074 eninr
604 2013 637 2074 de
653 2013 705 2089 iis,
730 2031 802 2095 quae
818 2012 848 2075 in
863 2014 989 2096 supremi
1006 2014 1083 2076 illius
1099 2034 1215 2098 posses·

68 2118 153 2182 sione
172 2126 258 2194 sunt,
289 2115 424 2178 iudicium
443 2125 601 2192 exerceat,
631 2113 687 2177 erit
703 2135 838 2199 supremo
856 2115 905 2178 illo
923 2113 1086 2200 potentior,
1117 2126 1215 2199 utpote

68 2221 117 2304 qui
141 2239 215 2303 quae
237 2217 300 2280 eius
322 2227 390 2280 suot
411 2237 494 2279 suurn
514 2215 548 2278 ad
569 2215 691 2279 tribunal
711 2217 960 2301 cognitionemque
979 2219 1153 2296 transierat,
1184 2228 1216 2281 ut

70 2321 185 2404 quidem
203 2317 348 2383 Marcioni
368 2317 493 2382 uidetur.
539 2315 624 2400 Quod
641 2318 666 2382 si
685 2319 773 2382 iudex
789 2330 850 2396 est,
875 2318 992 2382 omnino
1008 2321 1101 2383 iustus
1117 2319 1214 2382 itidem

69 2423 109 2486 sit
125 2433 250 2508 oportet.
296 2421 386 2507 Atqui
403 2442 442 2484 cx
460 2423 522 2505 ipso
540 2421 607 2484 iusti
625 2421 741 2484 nomine
758 2421 864 2483 bonurn
880 2441 914 2484 ac
932 2421 1037 2485 iustum
1054 2423 1129 2484 idem
1148 2441 1215 2485 esse

70 2524 346 2588 demonstrabimus.
392 2520 536 2606 Quiequid
561 2523 636 2586 enim
658 2523 763 2586 iustum
787 2533 848 2599 est,
881 2522 907 2585 id
926 2524 1012 2586 etiarn
1033 2533 1079 2586 est
1094 2524 1213 2587 bonum.

70 2625 122 2690 Ex
145 2647 181 2690 eo
203 2626 307 2710 quippe
329 2624 404 2709 quod
428 2625 534 2688 bonurn
556 2623 610 2702 sit,
642 2625 696 2688 boe
719 2623 819 2702 babet,
853 2634 883 2688 ut
902 2627 929 2688 ei
951 2625 998 2709 qui
1017 2625 1090 2690 bona
1114 2626 1216 2689 lecerit

69 2729 148 2792 iuste
165 2747 200 2790 ao
218 2728 313 2810 reipsa
332 2728 439 2790 bortum
457 2726 607 2811 rependat.
653 2722 752 2807 Quare
772 2728 846 2811 quod
865 2727 970 2791 bonrum
990 2739 1035 2790 est
1052 2728 1127 2791 bono
1145 2749 1215 2792 eon·

70 2830 191 2892 trarium
212 2850 268 2891 nou
286 2829 359 2906 erit,
384 2827 452 2892 illud
471 2828 600 2906 scilicet,
624 2831 698 2912 quod
716 2841 746 2892 et
763 2829 838 2893 bono
855 2829 961 2894 bonum
980 2851 1019 2894 ex
1036 2830 1146 2895 iustitie
1165 2831 1215 2893 tri-

70 2932 154 3008 buat,
179 2941 209 2994 et
222 2931 297 2994 malo
314 2930 426 2994 debitos
444 2951 552 3016 poenas
570 2953 604 2994 aa
619 2929 758 3016 supplicia
776 2933 943 2996 constituat.
989 2929 1126 2996 Vicissim
1143 2952 1215 2996 vero

70 3053 127 3098 nee
149 3032 198 3097 ille
223 3033 316 3096 bonus
339 3032 396 3096 erit
416 3033 462 3117 qui
486 3055 550 3098 eum
575 3033 621 3117 qui
644 3033 736 3098 mulus
758 3034 798 3096 sit
821 3034 849 3096 in
875 3035 932 3097 line
957 3035 1092 3119 praemiis
1116 3033 1214 3112 afficit,

71 3137 129 3200 nisi
149 3135 222 3199 forte
240 3135 411 3219 resipuerit3
443 3137 574 3218 quamuis
590 3137 675 3200 modo
690 3159 775 3217 super
790 3139 874 3198 bonos
890 3159 925 3198 uc
941 3140 1027 3199 mulos
1044 3142 1119 3200 orriu'
1130 3140 1215 3199 solean
1225 3155 1366 3217 1111111111.

69 3261 152 3302 suatur
161 3240 273 3321 socrat,
298 3249 381 3318 etque
396 3239 508 3300 r'mdrem
525 3260 604 3300 suum
622 3241 781 3318 torgrutar‚·
807 3249 923 3324 propter
940 3260 1002 3302 ram
1019 3261 1094 3322 quae
1111 3238 1140 3302 in
1157 3260 1217 3302 ma·

70 3343 109 3404 lis
132 3339 251 3426 perinde
273 3361 308 3402 ao
330 3339 413 3404 bonis
432 3338 561 3403 cernitur
579 3340 690 3403 arbitrii
707 3340 881 3405 libertatem.
924 3339 1030 3425 Neque
1048 3341 1124 3405 enirn
1140 3341 1216 3406 bona

72 3442 138 3508 eius
157 3461 224 3505 csse
244 3451 346 3504 natura
366 3454 478 3527 potest,
510 3443 557 3526 qni
572 3442 602 3508 iu
619 3443 714 3506 tuturo
728 3444 828 3508 seculo
845 3443 988 3507 scelerato
1003 3443 1124 3529 cuipiam
1142 3467 1217 3508 mer·

71 3545 174 3610 cedern
199 3543 300 3608 salutis
323 3545 470 3621 conferat,
505 3565 558 3608 nec
580 3544 712 3629 quicquid
735 3545 839 3610 malurn
861 3545 1022 3630 estpotius
1046 3557 1215 3612 execretur.

70 3647 152 3730 Nam
168 3645 271 3710 tertius
288 3644 354 3724 ille,
378 3645 425 3729 qui
442 3667 460 3710 a
477 3643 629 3710 Marcione
645 3647 760 3732 ponitur
775 3645 888 3724 Malus,
913 3648 937 3710 si
954 3648 1028 3712 male
1046 3649 1149 3733 agendi
1167 3671 1221 3734 po·

70 3759 181 3814 testate
200 3748 347 3832 praeditus
365 3757 427 3825 est,
451 3757 537 3832 atque
554 3769 605 3814 eos
623 3749 670 3834 qui
685 3749 715 3812 in
734 3750 839 3812 mundo
856 3760 941 3828 sunt,
969 3761 1019 3814 aut
1034 3771 1051 3814 e
1070 3751 1153 3814 coelo
1169 3751 1218 3814 de·

70 3851 147 3936 lapsi
165 3861 250 3928 suut,
274 3851 383 3928 bonos,
408 3860 458 3913 aut
473 3851 647 3916 mediocrem
664 3848 775 3915 lustum
789 3873 957 3937 expugnare
972 3863 1083 3938 potest,
1107 3853 1218 3916 duobus

71 3952 195 4037 reliquis
212 3953 267 4016 diis
282 3953 340 4016 erit
356 3953 517 4038 potentior,
550 3955 651 4040 quippe
670 3952 717 4037 qui
733 3953 826 4016 aliona
842 3975 894 4038 per
910 3953 969 4018 vim
983 3954 1075 4041 possit
1090 3955 1215 4040 eripere.

71 4055 130 4122 lsti
146 4077 229 4133 vero,
253 4055 277 4118 si
294 4077 358 4119 cum
372 4055 422 4119 illo
435 4067 649 4141 comparentur,
673 4055 770 4140 ignavi
785 4067 815 4119 et
829 4055 986 4120 imbecilles
1000 4057 1123 4120 habendi
1137 4067 1216 4136 suut,

72 4158 123 4242 qni
142 4158 258 4242 quidem
277 4157 415 4222 resistere
433 4170 594 4241 nequeant,
630 4179 739 4242 suaque
757 4157 794 4221 ab
812 4157 888 4224 illius
906 4158 955 4242 qui
972 4180 1006 4224 cn
1021 4159 1115 4243 rapiat
1129 4169 1159 4224 et
1175 4159 1220 4223 iu·

73 4261 133 4325 sita
156 4259 213 4324 sibi
235 4259 378 4345 pravitate
400 4271 582 4345 corrumpat,
606 4258 712 4324 iniuria
733 4261 891 4325 uindicare.

161 4359 273 4428 Verum
293 4373 324 4426 ut
345 4361 466 4448 improbi
487 4362 641 4428 nebulonis
661 4361 765 4427 inanes
787 4384 821 4428 ac
841 4363 1357 4454 111111111111111111111111511οη111Ι

72 4511 201 4596 στάμνος
216 4517 253 4565 ee.
265 4517 341 4577 prtnr.
374 4518 409 4567 tta
422 4515 513 4596 χλεύην
526 4511 632 4639 dpluru·
701 4516 724 4569 3.
740 4507 825 4600 dacin
844 4519 893 4574 τῶν
910 4511 1006 4572 dinan
1023 4522 1073 4572 rod.
1088 4520 1161 4570 l'utr‘o.

71 4585 138 4638 σθαι
154 4583 302 4645 Eprpbontus
318 4584 378 4633 dtaett
393 4585 456 4636 burr.
467 4584 510 4648 bb,
527 4587 542 4637 b
561 4621 567 4634 .
699 4582 723 4638 4.
740 4585 810 4654 αυτῷ
826 4589 877 4638 cod.
894 4589 965 4640 Vctr'r.

128 4664 220 4721 Corpus
233 4661 366 4711 flecterent.
379 4663 409 4709 tl.
979 4679 1019 4744 36
