3010 5000
286 291 347 352 510
705 301 825 354 sANch
843 303 1009 354 ΕΡΙΡΗΑΝΙΙ

288 415 416 493 στάσεως
429 415 568 500 κυμάτων
582 413 761 499 δρμῶμενοι,
784 416 838 483 ούιι
856 421 911 496 ἔξω
924 415 1008 495 άντες
1020 423 1072 486 τού
1086 416 1180 484 αύτσῶ
1197 417 1283 484 σάλου
1295 419 1349 483 ιιαλ
1363 417 1428 482 πλύ-

288 525 397 596 δωνος,
427 520 478 583 ιιαλ
493 516 533 594 ῶς
548 517 609 584 άπδ
627 517 826 595 ἀκανθώδους
841 519 912 602 δλης
927 523 1149 606 προκύψαντες,
1178 518 1233 586 αύιι
1248 518 1330 596 έιιτδς
1347 519 1426 596 ὄντες

287 618 398 696 παντδς
417 625 470 686 τοῦ
492 625 590 705 σωροῦ
610 629 670 686 τῶν
691 619 849 700 άιιανθῶν,
880 625 907 686 εί
926 626 975 688 καί
993 623 1133 704 διάφοροι
1153 630 1193 711 τῷ
1210 619 1329 705 άνάματέ
1347 625 1425 687 εἰσιν.
1500 685 1501 702 ,

218 727 223 735 “
287 721 443 788 Ἀκανθῶν
460 723 513 806 μέν
527 721 583 808 γάρ
600 725 668 808 γένη
686 722 793 804 πολλά,
823 723 903 808 ὅμως
919 727 951 792 έν
969 723 1058 791 άπασι
1073 724 1107 792 τά
1125 723 1278 810 μοχθηράν
1294 731 1347 808 τῆς
1366 749 1425 790 πεν-

287 822 419 909 τρῶδους
439 821 554 900 άδιιιίας
575 827 691 890 ένεστιν.

374 917 464 992 Ούτοί
484 948 558 1007 φασι
579 924 630 992 τδν
654 927 734 993 Κάϊν
755 930 789 994 έιτ
809 935 861 1010 τῆς
885 930 1071 1012 ἰσχυροτέρας
1095 929 1253 1012 Δυνάμεως
1275 925 1426 1010 ὑπάρχειν,

253 1079 257 1084 -
286 1032 335 1094 καί
357 1038 409 1111 τῆς
430 1027 546 1095 άνωθεν
566 1026 736 1105 αύθεντίας·
768 1027 838 1094 άλλά
859 1032 908 1096 καὶ
929 1029 981 1098 τδν
997 1029 1089 1096 Ἠσαῦ
1107 1032 1159 1096 ιισί
1179 1029 1247 1108 τούς
1263 1033 1329 1114 περί
1349 1033 1428 1116 Κορέ

285 1133 336 1198 καί
357 1130 428 1208 τούς
451 1135 633 1212 Σοδομίτας,
663 1131 716 1196 τδν
742 1133 774 1196 δέ
789 1131 878 1216 Ἀβελ
907 1136 940 1198 έιι
962 1137 1015 1215 τῆς
1037 1131 1245 1218 άσθενεστέρας
1265 1130 1428 1214 Δυνάμεις

287 1231 436 1317 ύπάρχειν.
481 1229 569 1298 Εἰναι
591 1234 622 1298 δέ
639 1231 762 1309 τούτους
778 1233 889 1312 πάντας
905 1232 974 1320 παρ’
990 1232 1091 1310 αὐτοῖς
1106 1231 1286 1312 έπαινετούς,
1309 1236 1362 1298 εαλ
1378 1241 1430 1318 τῆς

287 1333 383 1401 αύτῶν
398 1341 569 1422 συγγενείας.
613 1335 813 1418 Σεμνύυονται
827 1335 882 1421 γάρ
897 1346 1042 1422 συγγενεῖς
1057 1333 1130 1402 εἰναι
1144 1343 1197 1404 τοῦ
1212 1335 1288 1400 Κάϊν
1304 1336 1357 1401 παλ
1373 1345 1430 1402 τῶν

287 1441 461 1520 Σοδομιτῶν
477 1439 527 1502 καί
540 1435 631 1502 Ἠσαῦ
648 1442 699 1503 καί
715 1441 802 1523 Κορέ.
847 1440 907 1502 Καί
922 1430 1019 1518 οὗτοι,
1047 1442 1154 1520 φασίν,
1184 1441 1238 1504 εἰσὶ
1253 1445 1304 1520 τῆς
1319 1445 1431 1515 τελείας

286 1542 335 1605 ααί
354 1538 472 1605 άνωθεν
489 1537 629 1624 γνῶσεως.
673 1537 729 1606 Διδ
747 1542 800 1604 ιιαλ
812 1538 866 1605 τάν
882 1537 1010 1622 ποιητῆν
1030 1549 1084 1607 τοῦ
1100 1539 1213 1622 κόσμου
1229 1539 1332 1606 τούτου
1353 1545 1430 1620 φασὶ

287 1644 355 1724 περὶ
375 1641 429 1724 τῆν
448 1640 562 1707 τούτων
580 1640 720 1707 άνάλυσιν
736 1641 910 1726 έσχολαιιύτα
926 1643 1016 1724 μηδέν
1033 1646 1213 1726 δεδυνῆσθαι
1232 1639 1337 1716 αύτούς
1356 1641 1431 1724 βλά-

286 1761 352 1825 ψαι.
381 1741 563 1826 Ἐνιρύβησαν
574 1743 629 1830 γάρ
646 1740 696 1811 άπ’
709 1742 809 1824 αύτοῦ,
823 1746 873 1810 ιταί
886 1743 1107 1827 μετεβλήθησαν
1121 1747 1162 1820 εἰς
1173 1741 1226 1809 τάν
1239 1741 1299 1809 άνω
1312 1745 1430 1822 Αἰῶνα,

287 1845 361 1910 ὅθεν
377 1843 394 1928 ῆ
408 1845 510 1928 ἰσχυρά
526 1845 659 1928 Δύναμίς
672 1849 740 1913 ἐστι.
786 1845 868 1931 Πρδς
882 1843 990 1929 έαυτῆν
1003 1843 1058 1930 γάρ
1072 1843 1093 1930 ῆ
1105 1851 1207 1928 Σοφία
1219 1843 1325 1920 αύτούς
1338 1871 1432 1932 προς

289 1947 393 2030 ῆιιατο,
424 1950 517 2023 ἰδίους
537 1946 627 2030 αύτῆς
648 1945 743 2024 ὄντας.
787 1949 846 2013 Καί
863 1947 969 2014 τούτου
986 1949 1082 2014 ένειιεν
1099 1948 1151 2014 τδν
1166 1945 1280 2015 Ἰούδαν
1297 1943 1433 2030 σ’τιριβῶς

285 2048 322 2115 τά
339 2051 406 2132 περί
423 2049 535 2116 τούτων
550 2053 740 2135 ἐπεγνωκέναι
756 2053 878 2136 λέγουσι.
924 2052 985 2115 Καὶ
1002 2057 1107 2117 τοῦτον
1124 2049 1179 2136 γάρ
1197 2052 1336 2116 θέλουσιν
1351 2047 1432 2116 εἶναι

286 2159 410 2237 συγγενῆ
426 2154 553 2230 ἑαυτῶν,
574 2155 625 2218 καί
643 2155 675 2218 έν
692 2153 826 2238 γνῶσεως
842 2149 992 2242 ύπερβολῆ
1008 2151 1059 2218 τδν
1075 2150 1166 2218 αύτάν
1180 2157 1432 2238 καταριθμοῦσιν·

288 2253 360 2331 ῶςτε
381 2254 431 2320 καί
450 2253 662 2339 συνταγμάτιάν
682 2281 708 2320 τι
727 2256 828 2340 φέρειν
850 2257 880 2332 ἰξ
901 2251 1048 2336 ὀνόματος
1069 2251 1178 2334 αύτοῦ,
1210 2253 1227 2320 δ
1249 2252 1435 2340 menam

287 2363 339 2422 τοῦ
353 2353 450 2421 Ἰούδα
465 2362 592 2422 καλοῦσι.
638 2359 698 2421 Καὶ
715 2354 785 2421 ἄλλα
800 2354 864 2422 τινά
878 2354 1088 2442 συγγράμματα
1104 2354 1240 2432 ῶςαύτως
1254 2353 1434 2421 πλάττονται
1503 2397 1504 2418 ι

286 2455 361 2524 ιτατά
381 2465 433 2540 τῆς
448 2454 594 2542 ’Τστέρας
626 2457 664 2540 ῆν
679 2455 816 2543 ’Τστέραν
837 2457 889 2524 τάν
906 2456 1031 2541 ποιητῆν
1049 2465 1103 2524 τοῦ
1121 2455 1232 2534 παντδς
1248 2456 1355 2524 τούτου
1375 2465 1433 2524 τοῦ

287 2557 411 2637 τούτους,
433 2557 562 2645 ούρανοῦ
575 2585 605 2624 τε
620 2561 671 2626 καί
683 2565 753 2646 γῆς,
775 2565 902 2625 καλοῦσι.
946 2562 1008 2624 Καί
1023 2558 1063 2643 μῆ
1079 2559 1227 2626 δύνασθαί
1241 2582 1316 2639 φασι
1329 2559 1434 2642 σωθῆ-

286 2666 392 2728 σεσθαί
407 2687 485 2740 τινα,
516 2659 566 2727 έάν
583 2661 624 2744 μῆ
640 2661 690 2728 διά
705 2661 825 2728 πάντων
840 2659 1024 2747 χαρῆσωσιν,
1054 2659 1096 2738 ῶς
1112 2659 1195 2728 καλά
1211 2661 1433 2748 Καρποιιράτης

285 2767 367 2851 λέγει.

153 2880 219 2946 Κεφ.
239 2877 270 2946 β’.
349 2865 493 2940 Ἕκαστος
505 2865 560 2952 γάρ
572 2863 670 2931 αύτῶν
682 2870 775 2949 δῆθεν
790 2865 840 2932 διά
855 2863 909 2950 τῆν
921 2864 1070 2946 πρόφασιν
1082 2862 1192 2947 ταύτην
1205 2863 1319 2950 άρρηιιι
1333 2873 1433 2933 ποιῶν

166 2973 216 3019 ¹⁵²¹·
228 2961 272 3006 Μ·
285 2972 336 3034 ιιαλ
349 2972 552 3054 αἰσχρουργίας
564 2971 712 3048 έπιτελῶν,
730 2966 923 3053 άμαρτῆματά
936 2993 966 3033 τε
979 2966 1034 3032 άσο
1049 2969 1109 3033 έστί
1123 2966 1269 3050 πράττων,
1286 2969 1430 3034 {munast-

286 3097 332 3136 ται
347 3069 470 3138 έιιάστου
485 3068 607 3156 άγγέλου
623 3068 727 3154 ὄνομα,
749 3077 809 3136 τῶν
819 3095 849 3136 τε
862 3068 955 3136 άντων
969 3065 1096 3154 α’γγέλων
1109 3070 1159 3135 καί
1172 3075 1232 3136 τῶν
1244 3067 1313 3154 παρ’
1327 3068 1431 3146 αύτοῖς

286 3179 420 3248 πλαστῶς
434 3175 611 3257 λεγομένων·
634 3174 684 3238 καί
704 3170 836 3261 1έυάστρν
850 3171 962 3238 τούτων
974 3171 1132 3256 προςάπτει
1144 3198 1171 3237 τι
1186 3175 1273 3257 ἔργον
1284 3169 1431 3254 άθέμιεον

285 3281 343 3338 τῶν
364 3276 414 3339 έπλ
429 3282 482 3359 γῆς
497 3272 728 3356 άμαρτημάτων,
757 3271 811 3356 τῆν
828 3277 933 3359 πρᾶξιν
947 3272 1001 3356 τῆν
1015 3275 1093 3338 ἰδίαν
1105 3277 1150 3362 ρίς
1165 3272 1259 3356 ὄνομα
1274 3265 1311 3339 ού
1328 3273 1429 3356 βούλε-

284 3403 330 3442 ται
349 3375 468 3462 άγγέλου
484 3373 645 3460 άναφέρων.
690 3378 749 3441 Καὶ
766 3374 837 3440 ὅταν
852 3382 942 3441 ταῦτα
958 3374 1139 3461 πράττωσιν,
1154 3363 1163 3372 μ
1170 3375 1266 3452 οὕτως
1281 3377 1429 3462 λέγουσιν·

283 3477 317 3544 ‘0
332 3483 412 3543 δεῖνα
429 3477 542 3564 άγγελε,
569 3483 757 3563 καταχρῶμαί
769 3500 824 3544 σου
840 3478 872 3543 τδ
888 3481 987 3563 ἔργον·
1016 3475 1036 3560 ῆ
1051 3481 1133 3542 δεῖνα
1147 3479 1281 3556 ἐξουσία,
1309 3477 1429 3562 πράττω

286 3601 341 3646 σου
358 3578 412 3660 τῆν
427 3585 542 3665 πρᾶξιν.
587 3582 646 3644 Καί
663 3587 750 3644 τούτο
765 3585 872 3664 γνῶσις
886 3583 976 3644 τελεία
991 3576 1057 3663 παρ’
1072 3576 1172 3656 αύτοίς
1187 3581 1248 3644 ἰστι
1260 3579 1427 3664 λεγόμενον·

286 3680 385 3762 έπειδῆ
399 3678 491 3758 άδεῶς
506 3685 555 3748 έπλ
569 3682 621 3759 τάς
634 3679 794 3763 άθεμίτους
809 3683 1013 3766 αίσχρουργίας
1025 3678 1119 3766 δρμῶν
1131 3678 1184 3756 τάς
1198 3679 1360 3766 προφάσεις
1373 3683 1427 3762 δῆ-

183 3835 195 3858 .
285 3795 341 3850 θεν
356 3781 414 3849 άπύ
430 3792 489 3850 τῶν
501 3785 720 3870 προειρημένων
734 3785 866 3867 μητέρων
878 3784 927 3848 καὶ
942 3785 1075 3868 πατέρων
1088 3783 1237 3868 αίρέσεων,
1256 3784 1333 3865 φημί
1345 3789 1427 3846 Γνω-

285 3893 390 3951 στιτῶν
411 3889 461 3951 καὶ
479 3886 629 3952 Νικολάου
650 3889 700 3952 καὶ
717 3893 776 3952 τῶν
794 3883 849 3950 σύν
867 3882 968 3960 αύτοῑς
986 3882 1179 3950 Ούαλεντίνου
1194 3909 1225 3950 τε
1239 3887 1290 3950 ταί
1305 3891 1425 3968 Καρπο·

285 3987 427 4072 κράτους,
449 3987 609 4070 έσχῆιιασιν.
645 3985 723 4070 Ἤδη
737 3988 768 4052 δὲ
783 3989 902 4070 διῆλθεν
917 3987 958 4062 εἰς
974 3983 1052 4068 ῆμάς
1068 3987 1118 4051 καὶ
1131 3991 1245 4068 βιβλίου
1257 3987 1289 4052 έν
1301 3979 1326 4074 ρδ
1340 3981 1425 4050 έπλά-

285 4111 372 4155 σαυτο
387 4088 502 4172 δῆματά
516 4117 580 4155 τινα
594 4089 716 4171 άνομίας
731 4088 838 4174 πλῆρη,
861 4087 957 4162 οὕτως
972 4089 1104 4172 περιέχον
1117 4085 1177 4166 ὅτι,
1200 4089 1303 4172 φησίν,
1328 4077 1425 4156 Ούτδς

286 4193 361 4256 ἰστιν
377 4188 525 4276 δάγγελος
540 4189 559 4256 ά
572 4189 623 4256 τάν
637 4192 771 4256 Μωϋσέα
784 4189 954 4269 τυφλῶσας,
976 4192 1027 4256 παλ
1041 4183 1123 4257 οδτοί
1136 4191 1210 4256 είσιν
1224 4191 1255 4255 οἰ
1267 4187 1377 4274 άγγιλοι
1394 4185 1427 4248 οδ

285 4289 355 4370 τούς
367 4294 435 4380 περί
452 4293 530 4381 Κορί
543 4295 594 4360 ιιαλ
607 4290 716 4358 Δαθάν
728 4294 778 4358 ιιαλ
791 4289 931 4381 Ἀβειρῶν
943 4290 1112 4376 κρύψαντες
1125 4293 1178 4358 ταλ
1191 4287 1423 4376 μεταστήσαντες·

318 4517 378 4570 (λιν.
392 4519 423 4570 ίλ.
445 4545 474 4560 -
494 4519 514 4572 ί.
533 4521 591 4572 cum
608 4519 703 4572 Ρτίσυίο
719 4520 802 4582 ιαίιιιί
819 4515 919 4586 ἑκάστῳ
935 4533 979 4582 ριο
996 4515 1118 4582 ἱκάνειν,
1136 4519 1199 4582 ριιοδ
1214 4517 1265 4568 λίθοι’
1280 4515 1368 4566 M
