2986 4996
318 431 454 486 tantan
472 433 547 486 ΑΜ.
564 433 733 486 HAERESES
750 433 813 484 Lta.
828 434 847 484 1.
863 433 945 486 Tum.
957 435 976 484 Ι.
1179 423 1220 485 43

89 551 117 616 io
129 549 209 618 Sm're
222 561 323 615 moute
336 549 511 616 domicilium
525 550 661 630 cotlocat,
684 551 782 636 ibique
798 551 931 637 oppidum
946 550 1039 616 Edem
1059 551 1220 616 coustituit.

89 649 175 718 Cuius
188 653 272 718 liberi
287 663 427 738 perpetua
443 653 631 716 successione
647 654 677 717 in
692 651 827 718 idumaea
843 653 979 717 dominati
995 663 1075 733 sunt,
1097 653 1223 737 indeque

89 757 223 841 prinsipes
241 753 336 817 Edom
354 754 585 839 appellabantur.
628 751 679 818 Ex
695 775 751 839 qua
765 755 857 840 stirpe
874 756 898 820 si
915 755 1093 818 Abraamum
1111 754 1222 819 eserie

88 857 249 934 sustuleris,
277 867 309 920 et
331 855 367 918 ab
384 854 487 920 laaoco
507 855 659 940 coeperis,
690 857 806 940 quiutus
828 857 930 920 ordine
952 854 1004 919 lob
1027 857 1222 921 numerandus

88 958 170 1022 venit.
213 956 335 1021 Etenim
356 954 477 1023 isaacus
495 954 576 1020 Esau
593 956 682 1020 fitium
706 958 821 1035 babuit,
845 958 880 1021 ab
902 959 957 1021 boc
972 957 1103 1042 Rapaci,
1126 957 1223 1022 adia·

88 1061 163 1144 gnte
179 1058 261 1124 Zara
277 1059 395 1144 genitus
411 1067 469 1122 est.
509 1057 566 1122 Hic
582 1079 655 1122 vero
674 1056 738 1123 lubi
755 1069 840 1144 pater
854 1058 965 1136 extitit,
988 1059 1037 1143 qui
1054 1081 1120 1123 cum
1136 1069 1223 1124 autea

90 1159 165 1224 iacob
184 1162 335 1226 diceretur
352 1159 438 1246 poulo
454 1170 521 1224 ante
541 1161 734 1224 calamitatem
756 1161 833 1224 iliam
850 1159 938 1225 lobus
959 1159 1015 1222 atio
1036 1161 1154 1224 numine
1170 1181 1223 1224 vo·

89 1275 162 1326 catus
184 1274 245 1327 est.
290 1259 351 1326 Per
374 1262 442 1326 iilud
468 1283 541 1326 reru
566 1271 681 1347 tempus
707 1261 938 1326 circumcisionis
964 1261 1037 1326 ritus
1061 1262 1222 1326 obtinebat.

89 1361 240 1428 Caeterum
257 1361 345 1428 iscob
363 1361 444 1426 Esou
462 1363 563 1427 fratris
577 1362 650 1426 iram
667 1373 801 1428 metuens
824 1365 860 1427 de
878 1373 1030 1450 pareutum
1048 1363 1171 1428 consilio
1192 1363 1224 1426 iu

87 1461 320 1551 Mesopotamiam
337 1463 456 1529 Pbadau
474 1465 615 1549 profugus
635 1465 800 1541 concessit,
823 1464 899 1528 ultra
913 1461 1144 1550 Mesopotamiae
1158 1485 1225 1550 par-

88 1577 137 1629 tem
154 1567 294 1645 alteram,
318 1587 393 1649 quae
410 1563 527 1631 Susoba
548 1564 724 1630 nominatur.
768 1563 853 1631 Unde
868 1576 993 1651 quatuor
1009 1586 1026 1629 e
1043 1578 1167 1651 cognata
1183 1567 1224 1630 ia-

88 1667 155 1730 nitia
169 1668 314 1751 coniuges
331 1667 426 1745 duxit,
450 1688 467 1731 e
481 1666 585 1752 quibus
599 1666 752 1730 duodecim
767 1667 875 1730 liberos
889 1667 1068 1750 patriarchas
1081 1668 1221 1754 suscepit

90 1763 211 1855 Cumque
228 1769 259 1832 in
277 1766 484 1834 Cbanaoacum
506 1769 542 1832 ad
563 1779 700 1853 parentes
719 1789 790 1832 suos
809 1765 892 1832 isaac
909 1779 940 1832 et
958 1768 1124 1834 Rebeccam
1145 1781 1225 1856 post·

87 1870 187 1936 liminio
204 1871 335 1948 rediret,
358 1871 453 1936 visum
472 1871 499 1934 ei
519 1871 660 1953 quoddam
682 1870 756 1933 baud
776 1869 877 1955 procul
895 1868 1030 1936 Iordanis
1047 1872 1130 1936 radis
1151 1870 1224 1935 divi-

88 1972 156 2036 nitus
177 1973 307 2036 oblatum
330 1983 392 2050 est,
415 1973 451 2036 ad
472 1981 631 2036 torrentem
648 1970 755 2050 laboc,
776 1973 825 2036 ubi
846 1973 1016 2056 augelorum
1036 1984 1132 2037 castra
1154 1994 1225 2036 coo·

87 2076 185 2157 spexit.
231 2078 273 2136 Et
287 2097 368 2148 ecce,
391 2073 503 2157 inquit,
527 2078 571 2134 air
584 2077 696 2154 quoidam
714 2095 777 2136 cum
796 2097 828 2136 co
846 2077 1038 2136 luctabatura
1058 2097 1173 2156 vespero
1187 2079 1227 2137 ud
1237 2086 1294 2133 um.
1306 2087 1340 2131 ts.

85 2197 208 2240 ommno
224 2197 332 2258 usqum·
355 2195 440 2260 quem
458 2177 592 2258 angelum
608 2174 699 2239 inisse
714 2175 859 2260 scriptura
874 2176 1030 2260 significat,
1054 2177 1101 2261 qui
1118 2175 1225 2240 Iacobo
1259 2249 1265 2262 α

85 2275 254 2341 benedicens
279 2277 373 2340 eidem
400 2275 549 2360 dignitatis
577 2275 694 2340 nomine
719 2274 838 2341 israelis
863 2277 1084 2361 appellationem
1109 2277 1223 2342 indidit.

83 2374 184 2442 Postea
203 2378 372 2462 digrediens
389 2377 512 2441 lacobus
529 2377 555 2440 ei
573 2376 637 2440 ioco
652 2377 775 2441 visionis
794 2379 840 2442 dei
856 2399 961 2442 nomen
979 2380 1132 2464 imposuit,
1157 2401 1226 2464 pro·

83 2489 175 2562 pterea
191 2481 268 2564 qoud
284 2480 332 2563 qui
348 2479 404 2543 sibi
419 2480 497 2542 inter
509 2478 737 2542 benedicendum
754 2480 887 2544 dixerate
910 2485 1092 2562 Nequaquam
1104 2485 1225 2562 ampliss

83 2585 221 2644 roenben's
235 2583 331 2654 Iacob,
355 2585 406 2642 sed
417 2583 512 2642 lsrael
526 2583 580 2642 tibi
593 2603 691 2642 nornen
707 2585 773 2656 cm't,
797 2581 873 2644 idem
895 2581 949 2644 boc
965 2582 1073 2646 diserte
1090 2582 1225 2646 subiece-

82 2697 141 2745 rate
164 2687 302 2762 Qucum
319 2703 383 2744 cum
399 2685 451 2744 deo
467 2686 635 2744 contundens
648 2694 817 2763 praepotens
824 2685 931 2765 soriti,
955 2688 1038 2744 subm
1057 2695 1158 2746 contru
1174 2688 1224 2746 bo·

82 2789 163 2846 nram
186 2788 293 2846 uir-ibus
313 2785 429 2846 salebri.
476 2781 524 2846 Ab
549 2782 599 2846 illo
625 2781 763 2869 deinceps
784 2793 917 2869 tempure
939 2782 1092 2848 israelitas
1113 2805 1225 2848 nuncu·

83 2885 136 2967 pati
157 2896 238 2950 sunt.

158 2985 318 3071 Postquam
340 3002 413 3050 vero
439 2985 469 3050 in
489 2985 655 3071 Aegyptum
673 2983 816 3072 Iosephus
836 2989 985 3072 proiectus
1008 2997 1072 3066 est,
1100 2987 1135 3050 ud
1158 3007 1224 3050 eum
1244 3001 1303 3070 cap.
1320 3003 1365 3056 nt.

83 3083 169 3152 israel
185 3109 250 3153 cum
269 3088 410 3152 universa
431 3087 538 3151 familia
560 3087 709 3172 perrexit,
733 3109 797 3150 cum
815 3089 900 3167 filiis,
922 3089 1057 3173 inquam,
1081 3109 1115 3152 ac
1135 3109 1225 3174 nepo·
1238 3085 1342 3130 Μ’*

82 3189 171 3270 tibus,
195 3201 282 3274 atque
301 3189 404 3254 borum
423 3190 551 3254 oninium
568 3189 710 3252 uxoribus
731 3189 899 3274 reliquaque
915 3191 1019 3269 domo,
1042 3191 1116 3254 utin
1133 3200 1225 3254 totum

83 3286 168 3354 Lxx
187 3293 282 3375 capita
298 3301 450 3356 numerata
468 3291 538 3354 siut.
583 3287 696 3354 Mansit
718 3312 806 3375 porro
822 3288 1020 3356 israelitarum
1039 3293 1069 3358 in
1086 3291 1224 3376 Aegypto

83 3411 170 3471 genus
188 3402 315 3455 actatum
332 3391 458 3475 quinque
476 3392 582 3477 spatio.
622 3389 772 3474 Siquidem
790 3390 915 3458 lacobus
929 3390 1006 3458 Levi
1023 3403 1110 3478 atque
1126 3393 1225 3456 iudam

83 3493 198 3574 gennit,
229 3502 420 3574 caeterosque
446 3492 623 3578 patriarchas
647 3492 761 3556 decem.
804 3490 881 3559 Levi
905 3490 999 3558 Caath
1022 3495 1128 3572 filium,
1152 3492 1224 3556 Iuda

84 3589 191 3658 Pbares
207 3593 349 3679 suscepit.
394 3590 488 3657 Caatb
503 3593 623 3658 Amram
641 3593 754 3678 genuit,
777 3594 898 3658 Amram
912 3593 1054 3680 Moysen.
1091 3596 1133 3656 At
1147 3589 1226 3656 Pha·

85 3713 130 3758 rcs
149 3693 276 3774 Esrum,
305 3693 414 3758 Earum
436 3695 543 3773 Aram,
571 3694 665 3759 Aram
685 3695 868 3774 Aminadab,
897 3695 1062 3760 Aminadab
1085 3691 1225 3757 Naasson

83 3791 175 3860 blesis
192 3807 335 3882 tempore.
382 3791 434 3860 Sic
450 3806 545 3859 aetate
564 3796 684 3882 perinde
703 3795 801 3881 quinta
818 3794 955 3860 Naasson
978 3807 1060 3860 ortus
1080 3804 1137 3858 est.
1182 3793 1227 3859 At

82 3890 232 3962 israelitae
252 3918 306 3984 per
320 3893 407 3961 Mare
424 3895 556 3962 Rubrum
573 3917 613 3961 ex
627 3897 764 3984 Aegypto
779 3897 858 3962 iuter
874 3898 1016 3984 stupenda
1035 3896 1164 3983 prodigia
1181 3896 1225 3960 di·

81 4099 635 4217 edituat-itetttntoruncrtumacra'pttquunr
666 4096 826 4219 borabam
850 4104 902 4153 oud.
927 4105 983 4154 Ver.
1021 4093 1227 4168 rtat'a'qntmn·

112 4249 152 4302 29.
177 4249 250 4306 πάλῃ
276 4249 306 4307 δὲ
331 4254 463 4319 ammam
486 4245 556 4322 αὖτῷ
581 4254 633 4306 wa,
700 4233 742 4288 34.
759 4234 1101 4290 testamenmentum.

84 4319 156 4370 tenet
702 4302 760 4354 Gar.
776 4304 822 4354 ΙΧ.
839 4332 873 4344 -
908 4309 930 4356 1.
948 4306 1042 4372 doque<
1058 4305 1110 4356 cod.
1125 4307 1200 4356 Vm.

112 4401 153 4454 n.
170 4399 246 4506 qn
264 4405 301 4455 c
317 4407 441 4503 m„
606 4493 610 4504 ,
700 4369 724 4489 t:
741 4369 1042 4506 statuetu-

112 4486 155 4568 3¹¹.
170 4505 197 4542 ao
221 4492 273 4540 cod
292 4493 366 4540 Vend-
404 4507 441 4558 τῳ
468 4493 519 4542 cod·
537 4492 633 4554 ΜΨ·
700 4500 725 4554 4.
745 4509 818 4556 Verbo
835 4505 957 4560 Maricio.
990 4507 1075 4576 Φαρὲς
1092 4509 1164 4577 γεννᾷ
1181 4505 1223 4559 τὸν

81 4559 102 4602 rt
117 4557 172 4604 edati
188 4559 248 4608 tibn.
667 4589 713 4625 ona.
727 4576 778 4624 cort.
797 4577 870 4625 t'snct.

112 4639 154 4690 bt
170 4632 209 4693 'dm
224 4657 270 4692 our.
285 4644 337 4693 cod
353 4645 426 4693 Ventt.
701 4641 726 4693 5.
743 4641 791 4708 τῆς
806 4643 857 4694 sud.
873 4644 948 4695 Vsnct.
