3010 5000
361 301 496 354 rsuauu
513 301 576 354 cre.
589 301 609 356 1.
626 301 707 355 rou.
719 303 763 352 ιιι.
782 301 879 352 uuna.
893 299 1028 352 xxxvu.
1206 288 1266 352 505

124 421 275 488 continere
292 421 374 486 laeile
391 421 625 507 deprehenditur.
670 419 747 484 Nam
767 421 792 484 si
809 418 968 484 Pruuicum
983 439 1049 484 esse
1065 418 1188 504 aliquam
1205 419 1268 482 exi·

124 527 261 602 stimant,
285 525 347 608 quis
365 546 404 588 ex
420 525 484 608 ipso
501 523 597 588 statim
616 523 756 588 vocabulo
774 545 832 586 ιιοιι
849 520 1060 586 animadvertat
1076 543 1162 606 quarn
1180 521 1270 584 imbe-

125 628 221 692 cillum
238 647 273 690 ac
286 625 350 688 leve
365 627 404 690 sit
417 627 491 710 quod
507 627 554 690 isti
567 626 749 710 profitentur,
771 635 801 688 ut
815 626 872 687 iam
888 625 1079 688 ostendimus.
1125 621 1271 707 Quicquid

127 729 203 794 enim
224 725 379 792 Pruuicum
402 727 465 790 lieri
487 727 606 806 dicitur,
636 728 664 790 id
687 727 788 790 inutile
810 737 873 805 est,
903 727 1033 810 adeoque
1055 726 1172 789 minime
1193 725 1271 788 inter

127 829 236 896 eximia
263 830 481 892 numerandum.
534 827 590 912 Qui
621 829 698 892 euim
725 829 833 892 laudari
859 838 955 912 potest
983 828 1058 912 quod
1085 827 1185 891 inutile
1214 827 1268 890 sit!

128 931 224 1017 Quam
248 941 294 995 est
315 943 466 1016 praeterea
487 931 619 994 stolidum
643 952 660 993 a
684 928 813 994 Pruuioo
835 930 1008 994 esbnrrstum
1032 950 1100 994 esse
1120 927 1271 994 daldabao-

129 1037 224 1112 theru,
257 1034 292 1098 ab
308 1055 400 1118 eoque
416 1032 568 1098 scintillam
583 1035 618 1096 ad
636 1033 732 1096 infima
748 1033 797 1096 illa
815 1052 968 1096 excussam
986 1032 1137 1096 arbitrari!
1183 1029 1271 1094 ltem·

129 1157 203 1222 que,
237 1136 284 1220 qui
307 1135 336 1197 iu
359 1135 473 1199 sublimi
498 1134 654 1200 collocatus
680 1146 760 1198 esset
785 1156 850 1198 eum
873 1137 1029 1219 agnovisse
1053 1133 1111 1218 qui
1127 1132 1271 1196 exhausto

129 1248 211 1301 esset
225 1237 273 1300 illo
293 1237 437 1322 superior.
483 1235 568 1300 llnim
583 1257 653 1302 vero
664 1238 756 1322 'quale
769 1237 837 1301 illud
856 1236 1023 1300 miraculum
1040 1248 1101 1314 est,
1126 1247 1156 1300 ut
1173 1237 1270 1313 lunmo,

130 1341 177 1403 eui
201 1339 370 1404 tenuissima
392 1340 531 1424 quaedam
552 1339 590 1401 sit
609 1360 728 1425 aspersa
750 1339 894 1417 scintilla,
924 1339 1063 1402 maiorem
1085 1339 1142 1402 illis
1163 1338 1234 1422 ipsis
1256 1359 1272 1399 a

129 1441 234 1526 quibus
250 1443 405 1528 productus
422 1451 467 1505 esl
483 1441 592 1526 augelis
605 1443 799 1526 cognitionem
818 1442 938 1526 adeptus
958 1442 1064 1504 lueritl
1108 1437 1141 1505 si
1158 1440 1271 1523 quidem

129 1555 267 1608 auctores
290 1545 337 1607 isti
360 1545 483 1608 bominis
508 1565 541 1607 ac
561 1543 748 1608 fabricatores
766 1544 880 1628 angeli,
913 1544 976 1607 sive
993 1540 1185 1606 laldabnotbis
1210 1541 1270 1618 lilii,

130 1668 207 1731 quae
230 1645 415 1711 laldabaotbe
439 1647 590 1731 superiora
612 1659 696 1710 erant
721 1647 902 1731 ignorarunt.
953 1641 1012 1727 Qui
1038 1657 1133 1708 auteur
1158 1643 1273 1707 abillis

131 1751 274 1812 formatus
292 1760 354 1827 est,
380 1747 522 1812 suintillae
540 1749 677 1813 beneieiu
695 1749 843 1833 coguovit.
890 1745 1085 1831 Quamobrem
1105 1747 1166 1810 suis
1184 1747 1224 1810 illi
1242 1767 1275 1809 se

131 1851 314 1936 dogmatibus
331 1851 454 1914 induunt
472 1861 501 1914 et
519 1862 669 1931 evertunt,
694 1873 758 1915 cum
777 1851 879 1935 partim
897 1861 1062 1936 serpentem
1080 1848 1216 1912 venerari
1231 1849 1275 1912 iu·

130 1954 270 2032 stituant,
301 1953 404 2038 partim
422 1951 515 2016 Eram
530 1953 606 2016 illius
624 1953 812 2018 fraudulentia
830 1954 979 2037 deceptam
997 1951 1181 2023 existiment,
1211 1971 1275 2036 par·

130 2056 184 2118 tim
204 2051 352 2120 Christum
370 2055 492 2119 eundem
514 2075 580 2118 esse
601 2055 704 2136 uelint,
737 2055 840 2141 partim
856 2053 1017 2140 superioris
1033 2054 1110 2117 illius
1127 2051 1274 2116 laltlabeo·

131 2157 191 2220 tbis
209 2157 313 2236 lilium,
338 2159 386 2241 qui
404 2157 560 2222 interclusa
577 2158 743 2222 coelestium
762 2157 1005 2242 contemplatione
1022 2177 1161 2222 summam
1178 2154 1276 2218 liberis

130 2259 195 2325 suis
211 2258 345 2323 iniuriam
362 2258 509 2344 imposuit,
534 2270 654 2324 matrem
670 2260 833 2346 repudiavit
846 2281 879 2322 ac
893 2259 1084 2345 contempsit,
1107 2279 1165 2321 unu
1182 2258 1276 2321 minus

131 2384 219 2448 quam
235 2383 402 2448 supremum
416 2359 589 2441 Parentem,
619 2383 703 2448 quem
722 2363 757 2426 ab
775 2363 811 2426 iis
828 2383 899 2446 quos
915 2371 1056 2446 genuerat
1072 2360 1127 2424 coli
1146 2381 1180 2424 ac
1194 2381 1278 2444 prae·

131 2465 225 2528 dicari
249 2467 367 2528 minime
390 2464 427 2528 sit
450 2485 564 2550 passus.
608 2463 667 2548 Qui
690 2485 761 2528 vero
780 2474 944 2549 serpentem
967 2462 1106 2526 coruveuit
1121 2462 1277 2526 coelestem

133 2587 204 2631 esse
226 2587 344 2651 regem,
378 2589 442 2630 cum
461 2568 603 2630 adversus
617 2565 771 2630 Parentem
789 2567 1003 2630 insurrexerit?
1045 2566 1107 2630 Aut
1121 2567 1276 2650 quomodo,

134 2671 163 2734 si
179 2670 375 2753 cogruitiourm
391 2670 548 2755 impertiat,
572 2666 651 2732 Evae
666 2668 841 2755 imposuisse
855 2669 978 2733 dieitur?
1020 2665 1159 2751 Numqui
1178 2669 1280 2732 lreude

134 2771 233 2856 aliqua
252 2772 403 2836 seientiam
422 2773 524 2852 affert,
556 2793 615 2834 uou
633 2773 658 2834 is
676 2771 846 2849 scientiam,
876 2772 927 2834 sed
950 2790 1001 2856 pro
1018 2791 1053 2833 en
1070 2770 1279 2854 ignorationem

135 2875 343 2938 communicat.
380 2871 465 2957 Quod
480 2873 538 2937 illis
554 2873 684 2937 accidere
700 2874 863 2938 certissima
877 2873 990 2936 ratione
1004 2872 1167 2936 conicitur.
1205 2868 1279 2934 Cum

135 2975 216 3041 enim
239 2997 350 3040 summa
372 2975 402 3038 iu
425 2975 538 3039 inscitia
558 2986 726 3054 versemur,
761 2996 825 3040 enm
841 2975 1026 3039 nibilominus
1044 2973 1194 3038 seientiam
1214 2993 1280 3036 esse

135 3089 252 3164 putant.
298 3074 364 3160 Qua
379 3079 408 3142 in
425 3099 457 3142 re
472 3078 659 3142 vehementer
674 3078 902 3156 hallucinantur,
926 3079 992 3140 dum
1007 3095 1137 3140 errorem
1154 3096 1236 3140 suun
1252 3084 1282 3137 et

134 3181 333 3266 ignorantiam
356 3181 496 3245 scientiae
518 3179 708 3266 appellatione
731 3179 923 3244 dissimulant.

224 3281 282 3348 Sed
298 3283 354 3348 alia
369 3286 509 3368 quaedam
525 3284 643 3368 iusuper
656 3283 821 3346 testimonia
835 3284 996 3367 proferunt.
1036 3278 1135 3343 Veluti
1151 3276 1279 3363 Moysen
1297 3291 1421 3358 eapvtt.

136 3408 262 3453 aeneum
285 3399 449 3472 serpentem
472 3386 502 3448 in
524 3387 641 3448 deserto
661 3386 830 3461 sustulisse,
855 3385 1005 3469 palamque
1022 3381 1227 3467 proposuisse,
1252 3392 1283 3444 ut
1297 3373 1432 3428 mansue

136 3492 197 3556 illis
213 3489 341 3554 remedio
358 3499 437 3552 esset
453 3509 525 3572 quos
541 3508 661 3573 serpeus
676 3488 883 3552 momorderat.
919 3485 983 3550 lloe
997 3483 1074 3550 euim
1089 3486 1182 3569 ipsum
1200 3504 1283 3569 prae·

137 3605 252 3658 sentem
267 3591 326 3656 vim
343 3602 445 3654 coutra
461 3600 621 3654 uerueuatos
638 3611 750 3656 morsus
767 3590 874 3654 babere
887 3589 1030 3653 iactitant.
1077 3585 1136 3652 Sed
1154 3586 1199 3649 vel
1214 3586 1281 3650 illud

137 3705 243 3762 contre
265 3716 298 3758 se
323 3695 475 3757 manifeste
500 3693 695 3776 pronuntiant.
741 3689 775 3758 Si
802 3693 878 3756 enim
902 3711 1017 3755 morsus
1040 3690 1080 3754 illi
1104 3687 1281 3774 serpentium

138 3809 243 3876 erant,
267 3797 409 3881 iidemque
425 3795 597 3881 perniciosi,
622 3796 808 3880 consequitur
822 3795 940 3860 minime
957 3794 1062 3857 bouum
1080 3812 1148 3856 esse
1164 3811 1283 3876 serpen·

139 3913 211 3966 lem.
258 3897 342 3982 Quod
359 3919 433 3963 vero
449 3909 506 3962 tum
525 3895 664 3984 aMoyse
679 3908 724 3961 est
740 3909 880 3977 erectum,
904 3896 966 3960 sola
981 3895 1027 3960 sui
1041 3895 1284 3979 contemplatione

138 4001 326 4082 medebaturp
362 4023 419 4064 unu
442 4001 541 4085 utique
563 4002 637 4084 quod
660 4000 700 4065 ita
719 3999 863 4085 serpentis
882 4009 984 4064 natura
1003 3999 1111 4076 lerret,
1142 3998 1193 4061 sed
1211 3997 1284 4079 quod

138 4108 181 4172 ita
199 4105 253 4168 deo
271 4105 364 4168 visunt
381 4115 477 4183 esset,
502 4103 549 4188 qui
568 4125 639 4190 quos
654 4115 807 4189 serpentes
822 4112 1017 4187 pupugerant,
1042 4101 1078 4163 iis
1096 4120 1148 4185 per
1165 4120 1285 4184 serpeu-

139 4221 199 4273 tem
225 4208 289 4271 mali
314 4207 470 4272 remedium
497 4217 661 4291 paraverat.
710 4205 816 4290 Neque
839 4227 912 4270 vero
935 4205 1037 4267 mirum
1064 4223 1130 4266 esse
1153 4201 1284 4286 cuiquam

138 4319 271 4397 oportet,
303 4311 328 4373 si
347 4311 421 4374 unde
439 4309 580 4394 quispiam
596 4310 692 4373 laesus
710 4310 822 4386 luerat,
853 4307 920 4372 iude
939 4306 1108 4369 medicinam
1127 4304 1283 4389 acceperit.

137 4467 202 4532 quod
216 4467 270 4516 tibet
284 4469 454 4516 tenementum.
482 4465 550 4527 Quod
563 4465 626 4514 idem
641 4467 696 4516 cor·
729 4471 838 4514 errantes
849 4465 966 4514 conuenit.
990 4463 1087 4512 tecam
1097 4455 1220 4514 e’lerciccu
1231 4459 1286 4510 sul·

137 4537 223 4588 norim
239 4534 397 4595 comipmdum
413 4539 508 4596 paleare
527 4534 632 4595 eldelm,
656 4534 697 4596 qni
729 4535 774 4585 dus
791 4526 942 4599 ἁμαρτάνειν
958 4533 1129 4593 intepretatur.
