3018 4994
295 299 429 356 enuuuu
446 299 507 354 uus.
520 304 539 352 t.
556 299 635 354 rou.
648 299 691 354 uu.
707 301 805 354 naue.
817 303 940 354 xxxiv.
1123 289 1183 354 435

48 445 130 484 suum
145 435 308 503 metans,
334 435 367 484 ut
381 435 411 484 et
425 435 455 484 tu
470 427 500 484 id
516 428 604 504 ipsum
620 428 660 484 sis
676 427 750 503 quod
766 443 817 502 ego
832 443 908 496 sum,
933 435 963 484 et
977 445 1029 504 ego
1044 427 1096 484 sim
1113 427 1187 504 quod

49 537 80 584 tu
102 547 142 586 es.
187 531 254 606 Age
271 529 342 587 lucas
359 529 463 586 samita
481 531 509 587 irc
528 528 648 586 tiulomo
666 537 712 585 tuo
729 527 843 586 colloco.
889 530 996 606 Accipe
1013 547 1030 587 u
1046 548 1088 586 ore
1103 547 1185 606 opon-

46 648 127 699 cum,
150 649 264 708 cumque
277 649 344 709 cape
358 639 388 688 et
398 629 434 688 ui
448 650 479 688 cc
494 649 602 708 cupere.
647 631 721 690 Ecce
734 631 875 688 descendit
887 632 915 688 r‘rr
932 640 959 688 tc
970 633 1084 708 gratio:
1108 633 1190 710 uperi

46 751 79 790 os
99 741 191 803 maon,
215 742 246 790 et
259 734 421 792 vaticinare.
467 729 513 792 At
533 729 602 792 lueee
620 727 811 814 respondente
829 729 949 807 lemine,
972 733 1120 812 Nunquam
1137 751 1186 792 uo·

46 835 166 892 tratactu
182 847 256 904 sum,
281 855 368 913 aeque
383 836 534 893 ooticc‘ruorr'
544 835 618 905 reto,
643 831 690 893 ille
706 841 802 894 certas
818 830 1016 894 invocationes
1033 834 1185 916 protereus

44 954 164 996 rursum
181 943 213 995 ut
228 933 348 997 stolidae
363 934 404 997 illi
422 944 568 1018 stuporem
584 933 709 1010 iniieiat,
732 938 839 1014 Aperi,
863 933 971 1016 inquit,
995 955 1026 994 cs
1042 947 1134 1009 tuum,
1158 946 1187 996 ct

44 1039 184 1117 quecquid
197 1039 317 1098 uolumus
332 1040 452 1118 loqrrere,
478 1049 507 1098 ct
518 1037 722 1097 momorderis.
766 1033 817 1098 llla
833 1033 992 1098 istiusmodi
1009 1035 1105 1098 induta
1120 1055 1186 1099 ver-

44 1138 90 1202 bis
109 1138 242 1220 elataque
257 1159 291 1200 ae
308 1137 466 1222 prophetici
484 1139 559 1202 illius
574 1135 683 1200 allatus
700 1136 901 1221 expectatione
917 1137 1103 1216 inflammata,
1128 1138 1187 1222 pal-

43 1240 160 1324 pitante
174 1239 235 1324 plus
251 1239 337 1302 solito
353 1251 481 1325 pectore,
500 1261 591 1323 nugas
605 1240 740 1323 quasdem
755 1239 868 1302 effutire
882 1259 915 1302 ac
929 1239 1060 1324 quioquid
1076 1241 1104 1302 io
1118 1239 1186 1303 boc·

43 1363 111 1404 canu
135 1341 249 1404 venerit
268 1341 416 1405 effundere
438 1363 495 1405 non
516 1341 640 1420 dubitat,
673 1361 730 1404 nou
750 1341 844 1404 miuus
865 1361 940 1404 vane
960 1362 1043 1424 quem
1064 1352 1184 1419 temere,

42 1454 148 1529 utpote
170 1443 248 1506 inani
264 1442 367 1528 spiritu
385 1443 537 1508 calefacta.
581 1441 676 1521 Nam,
707 1453 738 1505 ut
755 1445 868 1526 quidem
890 1443 974 1505 nobis
996 1443 1085 1506 multo
1103 1463 1187 1528 prae·

42 1543 173 1608 stantior
190 1545 224 1608 de
241 1545 401 1609 homiuibus
418 1545 559 1609 eiusmodi
574 1546 665 1622 dixit,
689 1545 786 1608 codex
803 1555 832 1607 ct
848 1543 998 1628 impudens
1013 1555 1059 1608 est
1075 1544 1186 1609 artimus

40 1646 127 1710 inani
153 1653 221 1711 edre
243 1647 411 1711 caleiactus.
456 1645 505 1711 Ex
527 1646 576 1709 illo
600 1647 734 1730 deinceps
757 1657 886 1731 tempore
910 1657 1003 1710 vatem
1028 1667 1061 1710 se
1084 1648 1188 1710 mulier

42 1749 216 1827 existimat,
240 1759 271 1812 et
283 1746 403 1826 Marco,
428 1751 474 1832 qui
492 1750 526 1811 de
541 1769 592 1812 soa
608 1748 637 1810 io
653 1749 744 1833 ipsam
759 1749 865 1812 uirtute
884 1749 1053 1827 tcausludit,
1078 1750 1187 1832 gratius

41 1853 125 1936 agit,
157 1851 252 1935 itaque
268 1851 381 1914 reicere
399 1852 512 1927 studet,
543 1861 573 1913 ut
592 1871 648 1913 oon
668 1851 797 1914 lortuoas
816 1851 899 1913 modo
919 1871 987 1914 suas
1005 1849 1032 1914 ei
1049 1851 1188 1936 largiatur

41 1955 138 2037 (tunde
156 1953 340 2038 pecuniarum
359 1952 504 2036 ingentem
521 1951 569 2016 ille
586 1955 645 2015 uim
662 1953 809 2037 collegit),
832 1973 933 2016 verum
952 1953 1037 2016 etiam
1056 1952 1186 2037 eorporis

39 2057 87 2120 sui
105 2065 281 2141 potestatem
297 2054 394 2134 iaciat,
418 2075 482 2118 oum
499 2075 590 2138 eoque
606 2055 718 2138 penitus
733 2054 862 2139 copulari
877 2053 984 2139 cupiat,
1009 2066 1039 2118 ut
1054 2055 1082 2118 in
1100 2075 1186 2118 uuum

39 2180 110 2222 cum
127 2156 191 2241 ipso
208 2158 372 2220 coalescere
389 2156 491 2241 possit.
529 2154 588 2220 scu
607 2155 709 2219 accidit
726 2157 879 2235 interdum,
904 2157 1057 2220 nonnullae
1074 2168 1105 2219 ut
1118 2157 1187 2220 ilde·

38 2259 137 2324 liores
155 2257 278 2322 feminae
294 2279 327 2322 ac
344 2258 447 2322 timore
463 2258 507 2320 dei
525 2258 681 2341 praeditae,
707 2279 760 2320 nec
777 2259 812 2321 ab
828 2259 877 2321 illo
894 2259 1047 2344 deceptae,
1072 2259 1186 2321 lumeni

38 2361 169 2446 perinde
189 2381 238 2423 eas
260 2370 292 2423 ul
313 2361 438 2444 reliquos
462 2360 491 2421 io
517 2361 643 2423 lraudem
666 2370 790 2422 tentaret
812 2361 959 2445 impellere
981 2381 1016 2422 ac
1033 2359 1186 2423 vaticinari

37 2465 203 2541 iussisset,
235 2461 310 2525 hune
329 2462 421 2547 ipsum
438 2462 621 2524 nihilominus
638 2473 809 2545 respuerent
826 2483 859 2524 ao
877 2462 1108 2539 detestarentur,
1140 2481 1187 2524 se·

37 2587 98 2651 qne
118 2565 157 2626 ab
171 2563 220 2626 illu
238 2573 322 2626 coetu
337 2575 540 2648 segregarent,
564 2563 636 2626 haud
652 2563 770 2645 ignarae
786 2563 851 2646 quio
868 2563 1054 2648 prophetandi
1070 2564 1114 2626 vis
1129 2585 1186 2626 noo

38 2665 185 2731 aMarco
202 2665 349 2728 derivaret
362 2665 391 2728 in
411 2666 558 2743 besaines,
588 2667 638 2728 sed
656 2665 691 2726 iis
710 2665 822 2748 potius,
854 2665 955 2748 quibus
972 2665 1108 2728 divinitus
1127 2687 1188 2729 nuu-

39 2791 99 2832 uus
119 2767 192 2830 illud
208 2777 288 2829 esset
304 2765 448 2844 oblatum,
472 2767 609 2850 singulari
626 2767 746 2850 quodam
764 2767 902 2830 benelicio
917 2767 1116 2851 contingeret,
1140 2769 1187 2852 qui

38 2895 102 2934 non
121 2869 298 2952 simulatque
311 2865 431 2932 Marcus
446 2870 627 2954 imperasset,
651 2869 701 2930 sed
716 2868 887 2951 ubicumque
901 2889 936 2930 ae
952 2870 1187 2952 quandocumque

37 2973 118 3036 deus
140 2970 245 3047 uellet,
269 2970 467 3053 loquerentur.
511 2969 586 3034 Nam
606 2971 679 3054 qood
699 2971 781 3032 alteri
800 2970 878 3032 iubet
897 2973 1018 3054 aliquid,
1042 2971 1070 3034 id
1088 2993 1123 3034 eo
1141 2971 1188 3034 cui

36 3077 168 3139 iubetur
183 3073 275 3135 maius
293 3083 338 3136 cst
354 3093 388 3135 ao
404 3073 613 3158 praestantius,
637 3072 770 3154 quoniam
785 3071 852 3135 illud
870 3072 1050 3156 primarium,
1074 3073 1128 3136 ltoc
1144 3072 1188 3136 in-

36 3179 139 3241 ierius
156 3185 202 3238 est
217 3184 247 3237 et
262 3173 432 3238 subiectum.
477 3172 569 3257 igitur
584 3174 609 3236 si
624 3171 743 3236 lllarcos
759 3173 894 3258 imperat,
918 3173 1028 3238 aliusve
1047 3176 1122 3258 quis,
1147 3175 1187 3238 uli

34 3301 107 3343 roos
136 3287 184 3339 est
206 3277 235 3338 in
253 3276 395 3339 oonriviis
417 3277 519 3366 sortito
542 3298 575 3338 ao
598 3295 650 3360 per
668 3277 762 3338 ludum
784 3278 878 3338 lacere
897 3297 986 3359 seque
1005 3277 1127 3341 inuicem
1151 3278 1185 3340 ad

34 3379 237 3446 divinandum
253 3399 286 3440 ac
303 3378 425 3462 sibiipsi
441 3378 665 3454 vaticioaudum,
690 3389 872 3461 utquomque
888 3377 975 3440 libido
992 3380 1063 3456 lert,
1086 3378 1187 3464 impel-

33 3485 125 3560 lere,
155 3477 212 3543 erit
226 3480 252 3541 is
269 3477 316 3562 qui
330 3479 410 3542 iubet
427 3479 511 3542 homo
528 3479 694 3565 prophetico
712 3479 812 3564 spiritu
830 3480 924 3562 potior
938 3491 967 3542 et
981 3481 1184 3561 excellentior,

33 3585 119 3670 quod
140 3581 204 3644 lieri
222 3583 339 3644 omnino
357 3601 413 3644 non
429 3591 535 3665 potest.
581 3579 774 3663 Quamobrem
793 3581 910 3665 spiritus
925 3582 983 3660 isli,
1009 3582 1055 3666 qui
1070 3582 1184 3646 illorum

32 3689 127 3750 iussu
148 3683 284 3746 concitati
304 3683 417 3766 quoties
436 3684 536 3746 iisdem
556 3683 626 3768 ipsis
644 3684 759 3746 libuerit
776 3683 945 3766 loquuntur,
978 3685 1056 3746 nihili
1075 3695 1142 3748 sunt
1158 3695 1188 3746 et

32 3785 228 3862 imbecilles,
260 3785 489 3848 licettemerarii
505 3785 740 3870 impudentesque
759 3785 816 3848 sint
833 3795 916 3869 atque
934 3807 949 3848 a
967 3797 1066 3850 satana
1084 3788 1118 3850 ad
1135 3807 1187 3850 cos

33 3885 323 3956 circumuenieodos
339 3887 556 3972 perdendosque
574 3887 666 3965 missi,
690 3888 737 3972 qui
754 3909 808 3950 noo
825 3899 993 3951 constanter
1010 3888 1092 3950 fidem
1108 3889 1185 3952 illam

31 3988 227 4059 retinuerint
247 4009 330 4072 quam
353 3987 434 4052 initio
457 4001 657 4074 susceperunt.

71 4129 116 4184 13.
138 4127 178 4179 llo
191 4127 339 4176 omucelibu'.
374 4126 418 4176 Sed
435 4125 480 4175 Vct
495 4127 606 4186 interpres
639 4127 694 4175 tudo
716 4131 810 4176 ceterum
832 4131 875 4178 islo
901 4129 956 4177 cltot
977 4127 1106 4177 Gotolerue
1128 4127 1185 4177 Poll.

29 4204 106 4252 noter
118 4192 246 4263 quaedam
257 4210 287 4242 ex
296 4191 440 4243 fidelissimis
451 4192 605 4252 mulieribuc3
640 4195 720 4245 Omont.
733 4196 774 4256 lli,
787 4193 807 4244 i.
831 4197 926 4256 Epictet.
936 4198 1028 4244 utum.
1036 4197 1055 4255 l,
1068 4195 1108 4244 ¹25.
1132 4197 1186 4246 Tuo.

28 4269 99 4318 ιιιιιίι
119 4277 173 4316 noo
188 4263 309 4324 defuerunt
323 4264 363 4324 qui
378 4259 527 4326 πιστοτέρων
541 4275 606 4324 repo-
638 4264 721 4312 torol.
737 4263 755 4323 l,
777 4261 808 4312 ts.
844 4265 878 4324 cf.
892 4265 961 4312 etium
974 4265 1080 4323 iaterprr.
1095 4263 1127 4311 od
1140 4264 1186 4313 tre-

27 4335 149 4390 nendum
168 4343 216 4378 esse
230 4333 361 4380 detumeat.
637 4343 729 4379 nucum.
764 4331 834 4378 Verbo
850 4325 885 4388 uic
902 4327 1058 4382 uideamu-
1073 4357 1103 4367 -
1116 4327 1187 4395 ἐγκε·

70 4401 115 4452 ti.
137 4397 186 4450 τοῦ
201 4395 302 4460 κλήρου,
320 4399 421 4460 intellege
435 4395 552 4463 παίγνιον,
569 4399 605 4446 orl
638 4393 755 4448 iedsodeo
773 4411 811 4458 prr
826 4400 969 4460 parenthesin
990 4411 1037 4447 esse
1057 4399 1118 4447 dieto
1137 4401 1186 4462 prl-

28 4474 116 4526 simite
137 4465 207 4528 quid.
240 4463 277 4532 τῷ
296 4460 381 4530 κλήρῳ
398 4469 487 4516 votetot
505 4465 605 4515 Gututc-
637 4479 700 4513 mum
717 4465 842 4514 (lutulente
857 4467 921 4514 uidit.
947 4467 1007 4514 llioc
1020 4467 1117 4516 Lotlnur
1130 4481 1186 4530 quo·

27 4557 74 4594 m
100 4536 174 4588 Ado.
191 4531 286 4582 tlumtl.
302 4533 537 4596 tortuositatem
570 4531 604 4582 Dc
637 4544 679 4596 qus
695 4533 782 4583 trenoct
799 4533 908 4594 taterprra
922 4534 1077 4595 conlocantur.

914 4615 985 4682 28*

1273 4032 1285 4066 l
