3010 5000
242 273 303 336 506
662 285 783 340 θΑΝίλΤί
800 285 967 339 mmm!

240 404 378 480 κακιζέτω
402 401 456 485 τήν
479 409 533 468 τοῦ
554 409 630 468 θεοῦ
650 406 757 482 κτίσιν,
788 399 829 478 οῖς
849 401 930 469 άλλοι
950 400 1134 486 πλανόμενοι
1154 402 1240 470 πόλιν
1259 405 1383 490 λέγουσι.

242 511 453 586 Προετυποῦτο
474 505 508 570 δέ
526 511 612 570 τοῦτο
632 513 695 581 τοῖς
715 507 748 570 έν
768 511 803 594 τῇ
821 503 919 594 ίρήμῳ
941 505 990 571 διά
1012 503 1065 589 τήν
1080 509 1177 572 αἰτίαν
1196 505 1234 588 ήν
1249 504 1384 574 έλθιῦτό

95 621 99 632 ’
119 644 169 689 μγ.
182 633 227 677 ιιι,
241 606 344 692 κάρτος
364 607 437 692 λέγει
459 609 491 672 έν
511 615 551 696 τρῖ
567 605 735 697 εόαγγελίῳ,
766 607 826 686 ότι,
853 605 905 683 Ὡς
923 606 1025 690 ῦψωσε
1042 615 1178 691 Μωῦσῆς
1193 607 1246 674 τόν
1263 607 1336 690 ῦφιν
1353 613 1386 677 έν

241 716 275 798 τή
297 708 412 797 έρήμῳ,
442 708 537 786 οῦτως
558 707 722 794 ῦψωθῆναι
745 715 792 776 δεῖ
806 708 858 778 τόν
876 708 942 776 υἱόν
959 717 1012 777 τοῦ
1030 707 1209 794 άνθράπον·
1238 710 1257 776 δ
1273 714 1326 778 καλ
1340 715 1386 798 γέ-

239 836 314 896 γονε.
358 815 453 892 Δίκην
474 809 529 897 γάρ
550 811 648 892 ὄφεως
664 811 854 896 άτιμάσαντες
873 811 926 879 τόν
942 821 1057 899 σωτήρα
1077 810 1137 878 άπό
1155 815 1313 898 ἐπιβουλῆς
1333 823 1386 898 τῆς

239 920 294 978 τοῦ
314 911 412 994 όφεως
432 912 608 996 ἠδικοῦντο,
636 918 714 998 φημλ
736 917 768 981 δὲ
789 923 841 980 τοῦ
863 913 1011 999 διαβόλου.
1056 918 1115 980 Καί
1133 915 1271 1000 καθάπερ
1293 920 1328 982 έν
1344 923 1385 1004 τῷ

239 1011 380 1098 ῦψάματι
401 1023 455 1082 τοῦ
476 1015 573 1097 όφεως
593 1020 669 1093 ίασις
691 1019 817 1102 έγίγνετο
841 1027 903 1093 τοῖς
925 1019 1126 1103 δεδηγμένοις,
1157 1015 1252 1094 οῦτως
1276 1021 1328 1084 eni
1348 1027 1384 1108 τῇ

239 1125 292 1183 τοῦ
307 1124 437 1201 Χριστοῦ
459 1117 624 1204 σταυροῖσιν.
640 1117 729 1203 λῦτρα
750 1119 849 1204 γέγονε
870 1129 934 1195 ταῖς
952 1115 1038 1201 ήμοῑν
1058 1128 1170 1202 ψυχαῖς
1190 1117 1248 1184 άπό
1272 1129 1332 1188 τῶν
1354 1125 1386 1188 έν

238 1215 309 1302 ήμῖν
325 1223 489 1306 γενομένων
505 1219 660 1306 δηγμάτων
675 1228 729 1302 τῆς
747 1218 897 1306 άμαρτίας.
941 1223 1071 1308 Φέρουσι
1087 1223 1119 1288 δέ
1137 1223 1187 1287 καὶ
1203 1219 1276 1288 miro*
1295 1232 1384 1290 τοῦτο

238 1320 269 1388 τό
288 1320 377 1406 βητόν
392 1322 468 1408 πρός
484 1328 645 1409 μαρτυρίαν
660 1326 691 1390 οῖ
703 1321 787 1390 αῦτοί
803 1326 931 1409 λέγοντες
946 1323 1007 1403 ότι,
1041 1323 1101 1407 Οῦγ
1117 1321 1192 1412 όρᾷς
1209 1321 1250 1400 οἷς
1268 1321 1351 1391 εἶπεν
1366 1324 1384 1392 ό

238 1423 350 1509 σωτήρ,
373 1425 431 1490 “Ον
450 1424 561 1512 τρόπον
581 1424 685 1507 ῦψωσε
706 1434 845 1507 Μωῦσῆς
864 1424 915 1492 τόν
934 1423 1006 1507 ῦφιν
1027 1429 1059 1494 έν
1078 1433 1114 1516 τή
1136 1426 1251 1516 ἐρήμῳ,
1286 1427 1385 1506 οῦτως

237 1525 404 1610 ῦψωθήναι
424 1531 472 1592 δεῖ
490 1526 541 1594 τόν
563 1526 629 1594 υίόν
649 1535 703 1594 τοῦ
724 1527 905 1613 άνθράπου;
936 1531 997 1594 Καί
1018 1527 1067 1594 διά
1084 1535 1170 1595 τοῦτο
1188 1531 1239 1594 καὶ
1257 1532 1290 1596 έν
1305 1529 1383 1621 ῦλλῳ

237 1627 330 1719 τόπῳ,
357 1632 468 1710 1φασί,
491 1631 565 1716 λέγει
582 1629 638 1708 ότι,
661 1634 785 1696 Γίνεσθε
801 1629 939 1714 φρόνιμοι
956 1627 997 1706 τίς
1016 1628 1059 1696 θό
1077 1629 1157 1712 όφις,
1179 1634 1231 1698 καλ
1247 1630 1384 1718 άιιέραιοτ

238 1729 278 1807 άς
302 1737 497 1818 3περιστεραί.
542 1736 603 1798 Καί
623 1733 659 1797 τά
677 1736 719 1809 εἰς
735 1731 866 1816 σύμβολα
881 1736 1067 1810 διδασκαλίας
1083 1736 1116 1800 έκ
1130 1742 1208 1800 θεοῦ
1226 1743 1324 1812 καλῶς
1339 1763 1384 1804 τε·

238 1835 365 1920 ταγμένα
383 1827 466 1902 οῦτοι
487 1838 528 1912 είς
548 1834 602 1918 τήν
625 1837 737 1901 ἕαυτοῖν
758 1837 888 1901 έπίνοιαι·
907 1832 961 1918 τήν
977 1833 1167 1919 ήπατημένην
1188 1839 1342 1923 φέρουσιν.

101 2153 167 2222 Κεφ.
185 2151 218 2222 η’.
319 2139 352 2206 ‘0
369 2141 423 2226 γάρ
440 2139 544 2226 κόριος
558 2139 644 2224 ήμοῖν
658 2140 771 2224 Ἰησοῦς
788 2141 914 2228 Χριστός
930 2144 981 2206 καλ
997 2140 1201 2227 θεόςΛόγος,
1232 2139 1300 2210 όέκ
1317 2149 1383 2208 Πα-
1503 2219 1504 2234 ἢ

235 2241 305 2327 τρός
326 2241 384 2328 πρό
408 2242 527 2310 πάντων
546 2251 605 2310 τοῖν
624 2244 740 2310 αίόνων
756 2242 891 2329 άνάρχως
906 2246 955 2308 καί
973 2241 1105 2328 άγρόνως
1121 2247 1292 2329 γεννηθείς,
1322 2244 1382 2312 ουίι

234 2343 319 2424 ῦφις,
348 2345 388 2428 μή
406 2347 536 2430 γένοιτο,
565 2343 634 2411 άλλά
651 2343 725 2412 κατά
738 2353 792 2412 τοῦ
808 2345 906 2428 όφεως
919 2343 1008 2423 αότός
1023 2339 1122 2428 ήλθεν.
1165 2344 1234 2412 Ἐάν
1248 2348 1282 2412 δέ
1297 2351 1382 2436 εἴπῃ,

234 2453 357 2512 Γίνεσθε
371 2447 513 2532 φρόνιμοι
528 2445 568 2523 άς
582 2445 600 2514 ό
615 2447 701 2528 όφις,
722 2451 774 2514 καλ
788 2447 918 2535 α’κέραιοι
935 2446 977 2524 οῖς
991 2451 1025 2514 αῖ
1036 2451 1217 2534 περιστεραὶ,
1240 2452 1288 2514 δεῖ
1298 2446 1383 2532 ἡμᾶς

233 2552 344 2634 έρωτῦν
359 2552 410 2615 καί
425 2547 576 2635 γινώσκειν
591 2550 641 2615 διά
658 2555 687 2617 τί
704 2549 740 2615 τά
756 2551 812 2618 δάο
828 2559 918 2616 ταῦτα
933 2549 1076 2636 πρόςωπα
1092 2547 1164 2633 ήμῖν
1181 2554 1222 2626 είς
1238 2555 1381 2618 διδασκα-

232 2655 297 2716 λίαν
312 2650 518 2738 παρειςήγαγε,
546 2658 597 2734 τῆς
612 2679 642 2718 τε
658 2661 829 2738 περιστερᾶς
846 2655 962 2719 καὶτοῦ
979 2650 1086 2733 ῦφεως.
1133 2649 1227 2718 Οῦδέν
1243 2652 1275 2716 δῖ
1290 2654 1323 2717 έν
1338 2662 1385 2742 τῷ

233 2751 301 2834 ὄφει
318 2752 478 2839 φρόνιμον,
506 2753 581 2837 πλήν
596 2753 651 2821 δῦο
668 2756 796 2836 τοῦτον,
826 2755 872 2822 ότι
886 2757 917 2820 έν
934 2763 974 2843 τῷ
988 2754 1151 2820 διάκεσθαι
1166 2752 1315 2838 γινάσιιιον
1332 2753 1385 2820 ὅτι

234 2858 266 2920 έν
280 2863 316 2946 τῇ
331 2863 445 2946 κεφαλή
461 2854 552 2923 αὐτοῦ
568 2855 590 2939 ή
604 2864 685 2922 πάσα
702 2857 760 2940 ζωή
776 2856 869 2924 αῦτοῦ
881 2857 1030 2942 τυγχάνει,
1052 2859 1101 2922 καλ
1119 2855 1223 2932 δεδιός
1235 2855 1287 2937 τήν
1301 2852 1384 2923 εἶναι·

231 2959 317 3042 τέραν
332 2957 408 3044 πρός
424 2957 514 3024 αότόν
529 2959 683 3044 εἰρημένην
699 2957 758 3026 άπό
777 2966 830 3026 τοῦ
846 2966 919 3024 θεοῦ
936 2959 985 3025 διά
1001 2959 1054 3025 τόν
1069 2957 1234 3044 άνθρωπον
1250 2983 1383 3042 προςτα-

230 3059 286 3144 γήν
306 3059 367 3140 ότι,
399 3059 542 3138 Φυλάξεις
562 3059 654 3126 αότοῦ
670 3060 817 3144 κεφαλήν,
849 3058 935 3138 αῦτδς
955 3063 988 3128 δέ
1008 3083 1064 3127 σου
1082 3061 1224 3144 πτέρναν,
1253 3057 1321 3124 ῦλον
1344 3049 1383 3128 τό

231 3169 314 3246 σῶμα
330 3160 476 3245 ένειλήσας
489 3165 539 3228 ἒκλ
552 3159 606 3245 τήν
619 3163 750 3246 κεφαλήν
766 3161 856 3230 αὐτοῦ
870 3162 991 3248 κρύπτει
1006 3161 1058 3246 μὲν
1071 3161 1105 3228 τό
1118 3165 1240 3247 κρανίον
1253 3161 1385 3241 ἑαυτοῦ,

233 3267 418 3349 παραδίδωσι
437 3265 470 3329 δέ
488 3263 522 3330 τό
542 3262 609 3330 άλλο
631 3271 717 3348 σῶμα
737 3267 770 3330 έν
786 3263 930 3354 ὑπερβολή
951 3269 1140 3351 πανουργίας.
1188 3261 1273 3328 Οῦτοι
1294 3263 1388 3330 θέλει

232 3362 312 3448 ήμῦς
333 3364 352 3432 ό
368 3364 528 3452 μονογενής
548 3365 636 3444 θεός,
665 3363 684 3432 ό
701 3369 734 3433 ἐκ
752 3365 872 3452 Πατρός
885 3365 1055 3452 προελθεῖν,
1086 3369 1119 3432 έν
1135 3372 1227 3454 καιρῷ
1244 3367 1387 3449 διωγμοῦ

231 3470 282 3532 καλ
303 3470 335 3535 έν
351 3475 445 3556 καιρῷ
460 3475 625 3551 πειρασμοῦ
645 3470 681 3534 τά
699 3468 797 3534 πάντα
814 3466 895 3552 ήμῦν
910 3467 1108 3554 παραδιδόναι
1125 3473 1252 3556 μαχαίρφ
1271 3491 1302 3532 τε
1322 3474 1386 3536 καῖ

231 3573 318 3655 πυρλ,
347 3569 502 3650 φυλάττειν
518 3572 551 3636 δέ
566 3571 677 3636 έαυτῦν
692 3570 745 3654 τήν
760 3568 905 3653 κεφαλήν,
933 3572 1062 3636 τουτέστι
1080 3567 1210 3657 Χριστόν
1222 3567 1265 3653 μή
1280 3566 1385 3651 άρνεῑ-

230 3682 315 3738 σθαι·
337 3671 508 3758 ἐπειδήπερ,
532 3671 656 3755 Κεφαλή
672 3672 782 3750 παντός
798 3671 960 3759 άνθρόπου
978 3671 1120 3758 Χριστός,
1148 3669 1259 3756 κεφαλή
1274 3671 1308 3736 δέ
1322 3700 1386 3756 γυ.

231 3773 332 3850 νυικός
347 3772 366 3840 ό
379 3772 465 3860 άνήρ,
486 3773 600 3858 κεφαλή
614 3775 646 3841 δὲ
660 3782 790 3860 Χριστοῦ
805 3773 823 3842 ό
836 3776 919 3855 θεός,
940 3775 1015 3842 κατά
1026 3774 1078 3842 τόν
1093 3772 1265 3842 άπόστολον.
1290 3772 1385 3844 Ἔτε.

230 3901 283 3960 ρον
303 3875 391 3942 πάλιν
411 3879 468 3960 ίχει
487 3876 712 3962 φρονιμότατον
733 3875 750 3944 ό
772 3876 857 3958 όφις,
888 3877 930 3954 ῦς
949 3899 1039 3959 φασιν
1061 3881 1093 3942 οί
1112 3873 1285 3960 φυσιολόγοι
1306 3885 1386 3965 περὶ

228 3977 335 4044 τοῦτον
356 3986 409 4045 τοῦ
429 3978 516 4058 ζάου.
551 3978 645 4046 Ὅταν
663 3977 719 4065 γάρ
738 3978 870 4062 διψήσας
887 3978 947 4046 άπό
965 3987 1018 4046 τοῦ
1034 3985 1150 4060 φωλεοῦ
1165 3979 1310 4063 προέλθοι
1326 3981 1386 4050 lut

109 4111 159 4156 μς.
172 4100 217 4144 κισ.
230 4104 258 4146 τι
274 4077 355 4164 ῦδωρ
371 4083 422 4146 ῖυα
439 4085 509 4170 πλη,
539 4080 576 4147 οῦ
592 4080 871 4166 σνμπαραλαμβάνει
887 4081 938 4148 τόν
954 4080 1001 4148 ίόν
1019 4078 1085 4164 μεθ’
1103 4082 1226 4158 ἑαυτοῦ,
1254 4075 1327 4144 άλλά
1347 4085 1386 4150 ἒν

229 4187 269 4269 τῷ
283 4190 386 4270 φωλεῷ
402 4182 620 4266 καταλιμπάνει,
642 4185 693 4248 καλ
709 4182 804 4260 οῦτως
817 4181 914 4251 έλθοέν
928 4183 1066 4268 λαμβάνει
1080 4181 1113 4250 τό
1129 4181 1212 4264 πόμα
1227 4187 1285 4246 τοῖν
1301 4179 1383 4251 ‹566-

229 4309 294 4348 των.
340 4286 399 4349 Καί
413 4283 497 4352 αὐτοὶ
510 4277 564 4351 οῦν
577 4292 665 4352 τοῦτο
681 4285 892 4368 μιμησόμεθα,
914 4289 980 4366 ἳνα,
1002 4285 1074 4352 ῦτον
1088 4285 1242 4372 ἐρχόμεθα
1256 4285 1307 4352 lui
1322 4286 1386 4372 τήν

231 4382 317 4471 άγίαν
336 4394 390 4451 τοῦ
405 4393 479 4452 θεοῦ
496 4388 662 4468 ἐκκλησίαν,
692 4385 712 4469 ἢ
727 4390 768 4463 είς
782 4386 885 4472 εῦγήν,
915 4387 936 4471 ή
952 4393 993 4466 είς
1007 4387 1043 4454 τά
1059 4394 1113 4454 τοῦ
1129 4395 1206 4453 θεοῦ
1219 4385 1382 4473 μυστήρια,

264 4522 323 4572 θεν.
339 4524 392 4576 VH.
410 4553 441 4565 -
460 4525 481 4577 1.
499 4523 580 4593 λέγει,
597 4524 661 4594 φασί
676 4529 744 4579 hebet
759 4529 810 4579 ωδ.
826 4531 897 4580 Velio.
