2994 5024
258 297 319 360 572
678 303 798 356 ειυοοι
816 301 984 355 mnan

261 427 321 490 Καί
336 421 411 511 μονή
428 422 574 506 ἇψαμίνη.
585 420 678 488 αιίτοῖι
696 420 770 504 ῖιίθη
785 427 838 486 τοῦ
856 423 992 503 α’ίματος·
1013 420 1065 484 καλ
1081 415 1164 484 εἶπεν
1178 415 1196 484 δ
1210 416 1330 504 κῶριος,
1355 421 1409 493 Ίῖς

260 554 317 611 μου
331 525 448 610 ήψατος
470 528 520 590 καί
535 523 632 603 πάλιν,
645 522 769 606 Ἥψατό
785 521 842 606 μοῶ
858 549 910 599 τις.
945 523 1004 586 Καί
1018 519 1073 607 γῶρ
1087 523 1182 606 ίμνοιν
1197 519 1322 605 δύναμιν
1335 523 1409 597 ἐξελ-

259 636 375 696 θοῦσαν
396 625 447 694 α’π’
469 631 549 710 ἐμοῦ.

344 733 385 796 ιε’.
416 729 600 812 Ἀναβλέψας
621 731 663 804 τίς
683 726 735 794 τῶν
757 726 886 813 οὐρανῶν
907 711 1060 812 εδλίγησεν
1081 722 1126 792 ἐπ’
1148 723 1266 802 ου’τοτίς.

344 831 388 908 ις’.
420 835 541 918 Λίμοιν,
564 839 620 896 Δεῖ
631 829 683 896 τδν
698 829 763 896 υίδν
777 837 831 896 τοῦ
844 827 1010 914 ῶνθροίπον
1023 826 1115 894 πολλοὶ
1128 838 1250 909 παθεῖν,
1271 830 1326 894 καί
1338 825 1411 892 τίπο-

261 940 442 1018 κτανθήναι,
464 937 515 1000 καί
537 932 609 1015 μεταί
629 941 705 1019 τρεῖς
726 929 838 1017 ήμίρας
859 935 1024 1017 ἐγερθῆναι.

344 1035 386 1116 ιζ.
420 1038 477 1101 Καί
494 1034 577 1114 ίδοδ,
607 1033 662 1100 δύο
681 1033 785 1120 ἄνδρες
800 1033 975 1098 συνελάλουν
991 1031 1071 1123 οὖτςῶ
1086 1031 1185 1109 Ἠλίας
1205 1033 1255 1098 καί
1273 1039 1411 1114 Μωδσής

259 1142 291 1204 ἐν
312 1137 395 1227 δόξῃ.

345 1240 391 1323 ιη’.
422 1238 472 1305 Ἐκ
488 1247 540 1322 τῆς
554 1239 676 1320 νεφίλης
691 1237 793 1320 φωνή,
819 1231 917 1314 Οὗτός
932 1241 1010 1304 ἐστιν
1024 1235 1042 1303 ὁ
1056 1235 1124 1312 υἱός
1140 1263 1198 1320 μου
1215 1233 1233 1302 ί
1248 1233 1412 1322 ἀγαπητός.

342 1340 394 1407 ιθ’.
425 1339 572 1425 Ἐδεήθην
592 1348 652 1406 τῶν
669 1348 811 1423 μαθητῶν
831 1362 894 1407 σου.
939 1337 1010 1424 Είηε
1027 1341 1059 1405 δὲ
1077 1337 1157 1424 πυροί
1175 1337 1224 1419 τδ,
1258 1337 1325 1404 Οὔτ
1340 1342 1412 1420 ηδυ-

258 1443 395 1527 νήθησαν
413 1446 545 1526 ἐκβαλεῖν
563 1440 650 1525 αὐτῶ,
675 1444 735 1507 Καί
751 1441 826 1530 τρίς
843 1441 966 1522 αὐτοδς,
991 1435 1031 1506 Ὦ
1047 1440 1129 1527 μενειί
1145 1439 1282 1518 ἄπιστος,
1310 1447 1345 1488 ¹¹
1356 1444 1413 1517 ἕως

261 1544 399 1629 ἀνέξομαι
420 1543 513 1629 ὑμῶν.

344 1648 379 1714 κ’.
409 1644 443 1712 ‘0
463 1646 517 1734 μίρ
540 1647 605 1724 υίδς
627 1653 681 1713 τοῦ
703 1646 871 1733 τίνθρῶπον
893 1649 985 1731 μίλλει
1006 1650 1225 1734 παραδίδοσθαι
1248 1648 1291 1721 εῖς
1310 1655 1413 1732 χεῖρας

261 1749 438 1837 ῶνθρῶιτοιν.

342 1851 396 1918 καί.
429 1849 507 1918 Οὐδὲ
527 1859 613 1918 τοῦτο
632 1850 788 1937 ἀνέγνωτε,
818 1857 846 1918 τί
863 1855 981 1936 ἐποίησε
1000 1856 1111 1936 Δαβίδ·
1145 1854 1279 1934 είςήλθεν
1298 1853 1343 1928 είς
1361 1849 1412 1916 τδν

262 1952 345 2021 οἷκον
365 1960 418 2021 τοῦ
438 1961 521 2020 θεοῦ.

344 2055 400 2140 κδ.
431 2055 603 2141 Ειίχαριστῶ
619 2079 680 2135 σοι,
702 2056 784 2142 κύριε
800 2065 853 2124 τοῦ
870 2056 1010 2144 οὐρανοῦ.
1057 2055 1122 2123 Ov’n
1139 2053 1193 2140 είχε
1208 2057 1257 2136 δὲ,
1280 2059 1345 2120 Καί
1360 2062 1412 2139 τῆς

261 2166 322 2243 γῆς,
345 2155 412 2225 οῶτε
429 2158 527 2244 Ποίτερ
542 2156 622 2242 εἶχεν.
664 2157 821 2245 Ἐλίγχεται
836 2163 882 2225 δέ·
904 2159 983 2224 καίτοι
998 2159 1054 2246 μτίρ
1068 2155 1151 2242 εἶχεν,
1176 2161 1249 2239 Ναί,
1271 2155 1410 2243 δπιττήρ.

342 2362 396 2448 κγ’.
428 2360 505 2428 Είττε
518 2367 558 2452 τῷ
572 2371 700 2452 νομικῶ,
721 2361 770 2430 Ἐκ
781 2372 822 2454 τῷ
834 2363 916 2453 νόμῳ
934 2369 961 2430 τί
973 2366 1146 2451 μίμραττταις
1168 2365 1220 2428 καί
1234 2362 1411 2448 ἀποκριθεὶς

259 2462 328 2548 μετοί
345 2463 399 2547 τήν
415 2463 573 2550 ἀπόκρισιν
588 2473 641 2532 τοῦ
656 2473 782 2550 νομικοῖν
797 2464 892 2547 εἶπεν,
913 2464 1031 2552 Ὀρθῶς
1053 2463 1187 2542 ητίσιες·
1216 2473 1305 2532 τοῦτο
1321 2471 1410 2544 ποίει,

260 2568 308 2632 καί
331 2565 413 2656 ζήσῃ.

341 2667 395 2735 κδ.
427 2673 486 2734 Καὶ
512 2669 589 2748 είπε,
624 2677 673 2748 Τίς
697 2675 726 2750 ἐξ
749 2669 833 2756 ὑμῶν
857 2675 911 2749 ἕξει
934 2675 1038 2752 φίλον,
1068 2673 1120 2735 καὶ
1141 2670 1318 2757 πορεύσεται
1335 2671 1410 2757 πρδς

259 2769 563 2859 αῶιὸνμεσονυκτίου,
585 2775 675 2840 αἰτῶν
688 2783 765 2859 τρεῖς
780 2773 902 2860 ῶρτουςς
933 2775 992 2838 Καί
1007 2771 1121 2852 λοιπῶν,
1143 2775 1273 2852 Αἰτεῖτε,
1296 2777 1347 2839 καί
1360 2779 1407 2841 δο-

258 2873 389 2957 θήσεται.
437 2878 508 2938 Τίνα
527 2874 582 2960 μῶρ
602 2878 631 2952 ἐξ
647 2874 732 2959 δμῶν
747 2875 799 2942 τῶν
814 2879 926 2960 πατέρα
941 2873 1007 2952 υίὸς
1023 2873 1134 2958 αἰτήσει
1150 2873 1256 2958 ίηθτίν,
1278 2877 1330 2941 καί
1344 2875 1408 2942 ιίντλ

260 2974 452 3060 ἰχθύοςίφιν
468 2976 605 3042 ίπιδῶσει
620 2977 715 3068 αιίτρῖς
744 2976 847 3061 ἢῶντῖ
863 2977 925 3043 ῶοῶ
942 2982 1099 3061 σκορπίους
1131 2980 1174 3041 fil
1187 2969 1241 3042 οὖν
1255 2976 1341 3061 ὑμεῖς
1356 3005 1406 3044 πο·

261 3081 345 3163 νηροί
368 3077 450 3153 ὅντες
471 3081 568 3143 οἴδατε
590 3079 704 3164 δόματα
725 3079 840 3166 ίμαθδ,
862 3079 946 3168 πόσῳ
969 3085 1077 3163 μᾶλλον
1089 3077 1116 3144 ,δ
1137 3078 1243 3165 πατήρ.

340 3179 390 3244 κε’.
424 3182 641 3266 Περικὲκοπται
661 3182 694 3249 τῶ
719 3185 785 3267 περὶ
805 3181 889 3248 Ἰοονῶ
909 3189 962 3248 ταῶ
981 3180 1145 3266 προφήτου.
1190 3180 1262 3266 Εἶχε
1279 3182 1350 3269 μιίρ,
1374 3179 1408 3247 'H

257 3280 341 3369 γενεαί
356 3280 445 3364 αίίτη,
468 3292 588 3366 σημεῖον
602 3283 639 3350 οδ
654 3285 812 3368 δοθήσεται
826 3282 910 3374 αὐτῇ.
957 3281 1021 3350 Οὔκ
1035 3280 1092 3366 είηε
1111 3286 1186 3350 Ιῑδί
1201 3288 1269 3370 περὶ
1284 3283 1404 3366 Νινιυή,

259 3387 310 3450 καί
330 3389 498 3468 βασιλίσσης
518 3385 624 3466 νότου,
650 3391 701 3454 καλ
723 3393 908 3469 Σαλομῶνσς.

342 3590 396 3666 κς’.
429 3590 507 3656 ’Λντί
523 3601 591 3672 τοῦ,
616 3595 804 3678 Παρίρηεσθε
821 3591 874 3676 τήν
889 3595 983 3676 κρίσιν
1000 3599 1054 3656 τοῦ
1072 3598 1162 3670 θεοῦ,
1194 3587 1267 3675 εἶχε,
1291 3592 1401 3676 Παρίρ-

258 3704 345 3776 χεσθε
365 3693 419 3776 τήν
440 3702 540 3777 κλῆσιν
560 3703 615 3760 τοῦ
635 3703 719 3760 θεοῦ.

340 3795 391 3874 κζ.
425 3793 502 3862 Οῶαί
514 3794 601 3880 ὑμῖν,
623 3797 668 3864 ὅτι
680 3801 861 3882 οἰκοδομεῖτε
877 3796 913 3863 ταί
929 3796 1065 3880 μνήματα
1079 3803 1138 3862 τῶν
1152 3803 1331 3882 προφητῶν,
1353 3797 1400 3861 καί
1483 3817 1484 3854 ι

258 3903 288 3964 οί
307 3899 429 3984 πατέρες
449 3896 533 3982 ῶμῶν
555 3898 727 3966 ἀπέκτειναν
749 3899 864 3976 αὐτούς.
1483 3889 1484 3932 ³

341 3997 396 4082 κη’.
430 3999 493 4074 Οῶκ
512 3999 583 4085 εἶχε,
617 4003 675 4069 Διῶ
697 4011 783 4070 τοῦτο
805 4000 886 4068 εἶπεν
906 4000 926 4085 ή
945 4006 1036 4083 σοφία
1052 4007 1105 4067 τοῦ
1124 4007 1199 4066 θεοῦ
1206 4051 1215 4079 ,
1246 3997 1399 4066 Ἀποστελῶ

259 4105 300 4177 τίς
317 4101 426 4179 αὖτοδς
441 4107 612 4189 προφήτας·
642 4109 692 4173 καλ
709 4108 777 4190 περί
794 4109 917 4188 αἵματος
936 4109 1084 4190 Ζαχαρίου
1102 4101 1250 4186 καῖ”Αβελ
1264 4109 1319 4169 τῶν
1333 4127 1397 4187 προ

137 4245 188 4288 μς.
201 4231 246 4276 σει.
260 4213 379 4288 φητῶν,
401 4205 463 4285 ὅτι,
483 4205 727 4292 Ἐκζητηθήσεται
749 4210 856 4291 ίκ-τῆς
876 4214 976 4292 γενεᾶς
997 4203 1113 4288 ταύτης.

339 4308 399 4374 κθ’.
429 4309 516 4395 Λέγω
533 4319 596 4386 τοῖς
612 4315 709 4390 φίλοις
724 4337 797 4393 μου,
820 4307 876 4393 Μή
893 4313 1047 4392 φοβηθῆτε
1064 4306 1123 4374 ιίπί
1140 4316 1200 4374 τῶν
1218 4303 1395 4374 ἀποκτεινόν-

257 4436 315 4474 των
336 4409 368 4474 τδ
393 4417 492 4491 σῶμα,
524 4416 681 4494 φοβηθῆτε
702 4414 734 4477 δὲ
754 4411 808 4478 τδν
829 4410 900 4496 μετὰ
917 4410 949 4476 τδ
967 4409 1137 4477 οίποκτεῖναι
1154 4413 1256 4494 ἔχοντα
1273 4413 1396 4488 ἐξουσίαν

294 4547 332 4598 λλ.
349 4549 415 4609 Infra
432 4553 495 4598 αιτιοι
513 4546 561 4608 ἕως
578 4547 646 4604 τότε.
885 4549 923 4602 12.
941 4553 1007 4614 Infra
1022 4556 1086 4602 ιτιαλ
1103 4545 1175 4610 τίτας
1189 4565 1235 4614 μιν
1252 4546 1325 4609 εἶτα.
