3006 4990
269 251 327 312 132
689 261 810 314 εοιεουι
827 261 995 314 mmmm

495 403 651 474 ΚΑΤΑ
690 403 1191 490 ΜΕΝΑΝΔΡΙΑΝΩΝ,

319 525 455 616 δευτέρα
481 521 601 618 αλρεσις
627 517 704 593 άπὸ·
719 527 781 614 τῆς
805 525 864 593 τοῦ
889 523 1000 617 κυρίου
1026 523 1225 617 παρουσίας,
1261 524 1306 617 τῇ
1332 523 1369 594 δὲ

591 635 767 760 άκολουδίιρ
792 637 924 733 είκοστή
950 644 1095 736 δευτέρου.

135 788 203 853 Κεφ·
222 785 254 841 α’·
361 783 459 874 Ταότη
474 788 604 868 καθεξῆς
623 784 818 850 ισυνάπτεται
832 783 1011 870 Μένανδρός
1023 808 1083 864 τις,
1104 784 1139 862 ῦς
1153 781 1212 850 άπό
1227 792 1420 870 Σαμαρειτῶν

160 917 211 961 τις.
224 904 258 948 θ-
272 883 443 972 όρμῶμενος
455 887 568 971 ἐγένετο
580 884 757 970 μαθητεόων
767 885 861 974 τοότρν
872 894 913 974 τῷ
926 891 1039 968 Σίμωνι
1053 889 1084 953 ἐν
1095 885 1190 976 γρόνηο
1201 891 1266 952 τινί.
1292 884 1420 968 Ὁμοίως

271 990 303 1054 δέ
320 991 396 1074 έλεγε
409 989 460 1054 καλ
475 985 565 1064 αῦτός
579 986 631 1053 τόν
650 987 763 1070 κόσμον
778 989 926 1073 γεγονέναι
942 984 992 1052 ῦπ’
1009 985 1151 1074 άγγέλων,
1174 986 1280 1054 έαυτόν
1294 989 1326 1053 δέ
1340 990 1419 1072 ἐλεγε

272 1088 398 1173 δῦναμιν
420 1087 539 1155 άνωθεν
560 1097 636 1156 θεοῦ
658 1091 940 1172 ’καταπεπέμφθαα
983 1094 1116 1168 Μείζονα
1137 1090 1170 1155 δέ
1189 1094 1311 1173 κυβείαν
1329 1081 1421 1164 οὗτος

270 1189 345 1279 ῦπέρ
367 1189 419 1258 τόν
439 1188 584 1277 πρότερον
604 1189 800 1277 ἐργασάμενος
820 1188 896 1276 πρός
917 1188 1034 1272 άπάτην
1055 1198 1114 1256 τῶν
1134 1187 1305 1277 άνθρῶπων
1325 1193 1420 1276 ἔλεγεν

270 1291 375 1360 έαντόν
392 1295 570 1376 πεπέμφθαι
586 1295 629 1368 είς
645 1296 790 1378 σωτηρίαν
805 1296 915 1376 δῆθεν,
944 1291 996 1358 καί
1013 1294 1054 1370 είς
1074 1290 1107 1360 τό
1124 1289 1261 1378 συνάγειν
1276 1289 1357 1369 τινάς
1378 1294 1420 1367 είς

270 1393 304 1462 τό
320 1397 428 1461 ἐαυτοῦ
441 1391 610 1480 μυστήριον,
633 1391 683 1459 διά
697 1391 730 1459 τό
748 1391 789 1476 μή
804 1390 864 1459 ῦπδ
880 1400 940 1458 τῶν
953 1391 1005 1458 τόν
1019 1391 1134 1476 κόσμον
1147 1391 1351 1476 πεποιηκότων
1367 1391 1419 1478 dy-

271 1497 363 1583 γέλων
379 1499 430 1562 καλ
443 1493 554 1581 Ἀρχῶν
568 1497 619 1561 καλ
633 1493 791 1572 Ἐξονσιῶν
803 1501 1082 1580 κατακυριενθῆναι.
1116 1495 1228 1578 Ὅμοια
1242 1496 1274 1560 δέ
1291 1501 1333 1584 τρῦ
1349 1495 1364 1560 ἕ
1407 1532 1416 1544 ·

274 1605 327 1665 τοῦ
341 1595 507 1687 διδασκάλῳ
519 1595 556 1662 τά
568 1595 665 1662 πάντα
678 1601 871 1678 συνυφαίνων
881 1598 932 1662 καλ
944 1601 1087 1683 γοητείαις
1097 1597 1147 1662 καλ
1158 1606 1223 1673 ταῖς
1234 1595 1333 1674 άλλαις
1346 1623 1419 1680 μαγ-

271 1703 400 1785 γανείαις
412 1696 450 1764 οῦ
461 1701 614 1778 διέλειπεν,
625 1697 713 1764 οῦδέν
726 1699 758 1764 δέ
770 1697 917 1782 διήλλαττε
926 1705 964 1787 τῇ
977 1701 1157 1786 διδασκαλία,
1171 1695 1228 1763 ἄλλ’
1238 1697 1259 1782 ἢ
1269 1697 1362 1781 μόνον
1375 1698 1419 1768 ότι

273 1799 380 1866 έαυτόν
394 1803 471 1885 έλεγε
487 1804 604 1882 μείζονα
619 1806 728 1882 μᾶλλον
748 1797 770 1882 ἦ
789 1798 842 1865 τόν
856 1797 914 1884 πρό
929 1797 1023 1864 αῦτοῦ
1038 1797 1107 1864 ὄντα
1124 1797 1215 1866 αῦτοῦ
1234 1799 1419 1866 διδάσκαλον.

138 1902 205 1970 Κεφ·
224 1899 255 1972 β’·
362 1907 410 1990 Τρῦ
425 1901 458 1965 δέ
475 1898 555 1990 αότρῦ
570 1899 745 1983 ἐλαττώμασι
758 1892 783 1989 ᾧ
796 1903 847 1966 καλ
861 1898 880 1966 δ
892 1897 985 1966 αῦτοῦ
1000 1899 1172 1977 διδάσκαλος
1184 1902 1344 1986 περιέπεσε,
1366 1903 1419 1965 ταὶ

273 1999 363 2077 αῦτός
378 1998 467 2077 άλοῦς
481 2001 531 2068 διά
545 2009 605 2068 τῶν
619 2000 717 2068 αὐτῶν
728 2009 782 2067 τοῦ
797 2004 911 2087 ἐλέγχου
924 2009 977 2086 τῆς
989 1999 1129 2084 άληθείας
1141 2001 1236 2087 λόγων
1249 1999 1419 2084 άνατραπή·

273 2123 360 2169 σεται.
401 2100 561 2188 Ἀνετράινη
577 2101 633 2189 γάρ
651 2096 753 2182 οὗτος,
781 2105 832 2170 καλ
849 2106 947 2186 ἔληξεν
964 2099 985 2187 ἡ
1000 2102 1091 2170 αῦτοῦ
1108 2108 1233 2190 αἵρεσις,
1263 2100 1303 2179 ῶς
1317 2104 1369 2168 ἐτιλ
1386 2100 1419 2166 τό

273 2211 415 2270 πλεῖστον.
447 2203 668 2291 Ὗπερβησομαι
682 2205 715 2270 δέ
727 2202 820 2288 αῦτνὶν
833 2202 879 2286 ἐφ’
893 2207 991 2292 ἐτέραν
1003 2203 1090 2270 πάλιν
1102 2203 1278 2289 προκόπτων
1292 2211 1327 2293 τῇ
1340 2199 1420 2286 ῦφη-

276 2304 358 2392 γήσει
373 2303 535 2389 έλεάσομαι.
570 2314 617 2396 Τρῦ
630 2305 686 2394 γάρ
702 2304 767 2372 όντι
778 2309 810 2372 οί
823 2309 944 2372 παλαιοί
957 2310 1104 2393 ἱστοροῦσι
1118 2313 1228 2388 μῦθον,
1250 2303 1291 2382 ῶς
1303 2308 1336 2372 ἐπ
1350 2312 1420 2370 πολ·

275 2414 334 2473 λῶν
349 2404 483 2473 άσπίδων
499 2409 688 2494 συνηγμένων
704 2410 736 2474 έν
754 2405 836 2495 άγγει
851 2410 895 2474 ένὶ
911 2404 1070 2496 όστρακίνρε
1085 2409 1137 2474 καί
1155 2413 1371 2474 κατατεθεισῶν
1390 2409 1421 2472 έν

274 2516 339 2583 τοῖς
349 2513 496 2591 θεμελίοις
509 2517 569 2574 τῶν
583 2507 729 2595 τεσσάρων
741 2517 855 2595 γωνιῶν
869 2507 991 2574 ἑκάστου
1007 2511 1147 2591 τεμένους
1157 2517 1217 2576 τῶν
1232 2511 1264 2575 ἐν
1276 2507 1419 2595 Αίγῦπτρο

275 2611 535 2692 οἰκοδομηθέντων
549 2609 686 2692 είδιόλων,
703 2612 755 2677 καλ
767 2615 796 2676 εί
806 2637 849 2687 τις
861 2608 975 2676 τοῦτων
993 2619 1004 2656 ¹
1016 2612 1186 2698 ἰσχυροτέρα
1198 2609 1324 2696 ηῦρηται
1338 2607 1420 2694 παρά

274 2708 327 2786 τάς
342 2707 444 2789 άλλας,
474 2714 641 2777 ἐπελθοῦσα
657 2709 709 2788 τάς
725 2713 824 2798 ἐτέρας
838 2713 999 2796 κατέφαγε,
1028 2717 1149 2796 μείνασα
1166 2709 1285 2779 δὲκαθ’
1301 2709 1419 2793 ἑαυτὴν,

275 2813 327 2877 καλ
342 2818 457 2904 τροφῆς
474 2809 514 2895 μὴ
530 2811 714 2899 εῦιτσροῦσα,
743 2823 904 2900 στραφεῖσα
925 2812 1000 2896 αῦτη
1016 2815 1068 2879 καί
1085 2812 1145 2881 άπδ
1163 2822 1217 2898 τῆς
1231 2815 1339 2899 κέρκου
1354 2813 1419 2878 ἐαυ-

273 2910 328 2995 τήν
344 2914 455 2978 ἐσθίειν
472 2910 636 3000 ἄρξαμένη,
667 2917 723 2990 ἕως
739 2916 847 3000 μέρους
864 2913 944 2991 τινός
959 2922 1012 2981 τοῦ
1031 2914 1166 2998 σῶματος
1182 2916 1343 3000 κατέφαγε,
1370 2913 1421 2978 καὶ

275 3012 371 3089 οῦτως
385 3016 494 3097 ἔμεινεν
508 3013 605 3080 οῦκέτι
620 3019 727 3096 τελεία,
756 3013 813 3080 ἄλλ’
828 3016 921 3098 ἥμισυ
935 3013 1109 3104 ῦπάργονσα
1123 3018 1253 3103 έρπετοῦ.
1295 3013 1353 3082 Διό
1370 3015 1420 3080 καί

273 3112 523 3201 Ἀσπιδογοργόνα
535 3114 645 3200 ταῦτην
657 3115 804 3196 ἐκάλεσαν,
827 3116 899 3194 ῶςτε
911 3127 989 3183 νοεῖν
1003 3115 1082 3201 ἡμᾶς
1095 3115 1129 3183 τό
1143 3114 1268 3184 παλαιόν
1282 3117 1336 3200 μέν
1347 3111 1421 3181 είναι

274 3221 372 3293 τοῦτο,
387 3222 443 3282 νῦν
457 3218 489 3282 δέ
501 3219 603 3300 μηκέτι
616 3224 703 3284 τοῦτο
718 3215 934 3304 εὑρισκόμενον,
952 3216 1010 3284 ἀλλ’
1024 3217 1205 3302 ἠφανίσθαι·
1228 3215 1268 3294 τός
1281 3219 1331 3282 καλ
1346 3215 1420 3296 αῦτη

272 3323 421 3393 παντελῶς
433 3315 660 3402 άπελαυνομένη.
691 3317 762 3402 Είηε
776 3319 829 3401 μέν
843 3318 899 3406 γάρ
911 3317 979 3406 παρ’
992 3317 1078 3403 ἡμῶν
1089 3318 1144 3404 τήν
1158 3316 1334 3404 άνιιλογίαν,
1347 3313 1421 3397 αῦτη

273 3418 307 3482 δέ
325 3416 375 3482 διά
390 3425 443 3501 τῆς
461 3417 614 3502 δυνάμεως
631 3427 762 3506 Χριστοῦ
778 3417 947 3503 ἠφάνισταιῚ
991 3423 1054 3487 Καὶ
1069 3419 1178 3504 ταύτην
1197 3419 1230 3486 δέ
1243 3415 1422 3506 ῦπερβάντες

274 3520 323 3584 ἐπλ
344 3517 397 3595 τάς
418 3520 485 3604 έξῆς
506 3524 611 3606 ἴωμεν,
633 3519 786 3608 άγαπητοί.

163 3771 260 3826 vta-⁸².
507 3751 655 3820 ΚΑΤΑ
696 3753 1187 3840 ΣΑΤΟΡΝΙΛΙΑΝΩΝ,

331 3868 426 3965 τρίτη
454 3867 575 3965 αίρεσις
600 3863 666 3939 άπὸ
691 3871 754 3960 τῆς
777 3872 836 3940 τοῦ
862 3873 1005 3966 Χριστοῦ
1030 3871 1229 3966 παρουσίας,
1254 3873 1298 3964 τη
1324 3869 1359 3940 δὲ

614 3983 790 4086 ἀκολουθίᾳ
816 3985 949 4082 εἰκοστή
973 3990 1077 4100 τρίτη.

136 4143 203 4214 Κεφ.
223 4141 254 4198 α’.
357 4129 446 4196 Μετά
459 4138 566 4198 τοῦτον
580 4130 762 4214 Σατορνῖλός
772 4159 818 4208 τις
831 4130 946 4215 άνέσνη,
964 4135 1017 4198 καί
1030 4131 1120 4210 αῦτδς
1133 4135 1248 4200 ἐκεῖθεν
1263 4130 1316 4208 τάς
1330 4129 1421 4212 άφορ-

272 4231 345 4313 μάς,
375 4231 435 4298 άπό
449 4231 633 4319 Μενάνδρου
651 4237 729 4317 φημί
743 4237 795 4300 καλ
808 4241 866 4301 τῶν
879 4233 1000 4320 πρῶην,
1028 4235 1137 4321 λαβῶν.
1183 4227 1280 4311 Οῦτος
1295 4231 1368 4320 πρός
1383 4238 1422 4320 τῇ
1494 4233 1495 4238 ’

307 4385 365 4435 θον.
381 4387 401 4434 1.
420 4415 453 4425 -
472 4387 494 4437 1.
510 4387 641 4442 συνέπεται
657 4391 708 4441 cod.
725 4391 797 4442 λ’σίίο.
859 4415 863 4422 ·
898 4389 922 4442 2
940 4391 1121 4459 unanimam
1137 4393 1187 4442 τοῦ.
1204 4393 1302 4455 θλτδίρ.
1324 4387 1421 4450 Mil·

864 4473 941 4521 ρποσ.
