3010 5000
324 291 460 344 canaan
476 291 539 344 oro.
555 293 575 344 ι.
592 291 675 346 τοιι.
688 292 731 344 ιιι.
748 291 847 344 naen.
859 291 1005 344 xxxvnr.
1169 283 1231 348 ato

162 408 283 476 Fabium
306 411 478 495 igiturest,
512 411 587 496 qood
609 411 657 476 ini
683 411 834 490 iactitant,
866 407 966 476 ludam
994 411 1032 476 ob
1057 433 1120 478 earn
1143 435 1229 499 quam
1248 424 1366 493 cap.v1.

77 513 204 578 babebat
226 513 378 578 scientiam
400 514 576 580 salvotorem
600 514 781 600 prodidisseq
814 515 946 598 adeoque
971 535 1025 579 nee
1049 515 1105 602 ipsi
1130 513 1231 580 lodoci

77 614 199 680 Christo
220 615 250 679 in
273 635 360 680 cruce
382 617 487 681 suffixo
510 617 673 680 mercedem
696 615 846 680 consecuti
866 626 950 694 sont,
985 619 1116 702 quamvis
1135 621 1231 684 erucis

75 718 163 782 nobis
180 719 322 783 benebcio
337 720 417 784 salus
431 718 596 784 obuenerit.
641 716 711 783 Non
729 719 807 782 enim
822 727 855 782 ut
870 719 992 782 sadotem
1012 719 1096 783 nobis
1111 721 1233 784 efferret

76 819 166 884 iudas
181 821 260 884 ilium
278 821 412 900 tradidit,
441 822 493 886 sed
512 821 614 906 partim
633 821 815 905 ignorantia,
846 821 949 905 partim
965 821 1074 885 invidia
1092 832 1122 886 et
1136 823 1232 888 arari-

76 923 116 986 tia
132 923 249 1002 ductos,
273 945 358 1008 quom
375 945 441 986 eum
457 923 504 986 dei
520 923 713 1008 abnegatione
729 923 937 987 corriunxcrat.
982 921 1100 990 Etenim
1117 925 1187 989 iicet
1199 926 1231 988 in

75 1045 194 1090 erucem
212 1036 307 1090 actum
325 1025 362 1090 iri
379 1022 528 1090 Cbristom
546 1027 691 1111 scriptura
709 1025 909 1112 praedixerit,
933 1045 968 1088 oe
984 1045 1057 1109 quae
1074 1027 1229 1111 postremis

76 1126 255 1212 temporibus
278 1147 294 1192 e
317 1127 402 1191 nobis
427 1128 633 1192 committenda
658 1137 726 1192 suot
748 1128 862 1192 scelera
884 1127 932 1192 diu
953 1139 1020 1192 ante
1043 1129 1227 1212 significarit,

74 1229 201 1309 nuliam,
224 1231 249 1294 si
267 1230 343 1293 maie
359 1229 501 1315 quiopiom
520 1231 685 1314 egerimus,
709 1251 748 1294 ex
767 1230 840 1293 iisce
858 1230 1020 1315 scripturae
1039 1231 1227 1311 testimoniis,

73 1353 152 1418 quae
177 1333 204 1396 id
231 1333 358 1396 futurum
384 1332 607 1418 praenuntiant,
646 1331 865 1398 excusationem
892 1331 1073 1398 habebimus.
1122 1331 1230 1418 Neque

72 1435 152 1499 enim
174 1435 249 1520 qnod
266 1435 410 1520 scriptura
431 1434 628 1521 praedixerit,
659 1435 769 1498 idcireo
786 1434 926 1512 iacimus,
959 1435 1011 1498 sed
1028 1436 1104 1520 quod
1125 1435 1231 1500 docturi

72 1557 210 1616 eramus,
234 1536 379 1623 scriptura
394 1537 556 1621 praedixitq
580 1535 617 1600 ob
632 1536 853 1600 antecedentem
871 1534 917 1600 dei
934 1535 1067 1600 videlieet
1085 1539 1230 1623 cognitio·

70 1661 160 1718 nem,
192 1649 278 1724 atque
296 1640 511 1724 utdeusipse,
542 1639 590 1724 qui
611 1638 785 1717 bonusest,
816 1659 880 1702 cunr
900 1639 1042 1702 adversus
1059 1653 1229 1726 peccatores

70 1743 149 1807 iram
163 1753 298 1820 exercet,
319 1763 376 1805 non
394 1741 610 1827 perturbatione
625 1741 721 1826 aliqua
735 1749 897 1804 commotus
914 1761 981 1804 esse
997 1740 1140 1808 videatur.
1171 1741 1229 1808 Dei

70 1845 216 1928 siquidem
236 1847 378 1908 adversus
396 1853 566 1929 peccatores
584 1843 729 1928 quoslibet
750 1843 912 1926 indignatio
930 1865 987 1906 noo
1008 1843 1044 1908 ab
1062 1845 1120 1908 olda
1139 1845 1229 1909 animi

70 1947 292 2032 perturbatione
307 1945 518 2032 proficisciturq
538 1956 620 2010 caret
633 1945 710 2010 enim
726 1945 803 2009 omni
819 1945 1039 2030 perturbatione
1053 1947 1136 2011 deus.
1167 1944 1229 2012 Sed

69 2051 147 2112 iram
162 2067 242 2114 more
258 2048 405 2112 hominnm
420 2068 563 2112 exercere
579 2048 696 2126 dicitur,
713 2069 771 2110 ooo
787 2046 846 2111 ubo
860 2067 950 2110 sensu
965 2047 1075 2112 doloris
1090 2051 1226 2130 obiectos,

70 2173 130 2215 neo
147 2150 295 2214 iracundia
311 2159 476 2236 superatus.
512 2147 573 2214 imo
590 2170 662 2214 vero
678 2161 859 2235 quantopere
874 2170 909 2212 ea
926 2161 1012 2214 vacet
1030 2152 1084 2216 boe
1100 2152 1164 2238 ipso
1179 2153 1229 2216 de·

70 2253 184 2332 clarat,
215 2253 292 2337 quod
314 2252 441 2316 totorum
459 2251 595 2317 iudicium
616 2274 649 2316 ac
668 2252 858 2318 iustissimam
876 2251 1158 2318 animadversionem
1179 2255 1229 2318 de·

70 2355 211 2435 noroeiot,
243 2365 275 2418 ut
293 2375 326 2418 se
342 2354 545 2420 commotionis
562 2355 657 2420 omnis
673 2365 826 2440 expertem
842 2375 908 2419 esse
925 2354 1116 2420 demonstret.
1162 2355 1228 2422 Hoc

68 2457 163 2542 igitur
181 2459 341 2522 interorum
358 2457 491 2542 praescia
508 2457 652 2542 scriptura
670 2458 830 2541 significat,
862 2455 904 2520 oti
923 2457 1069 2522 cautiores
1088 2480 1142 2522 nos
1161 2461 1227 2524 red·

69 2561 173 2624 datae
190 2560 425 2638 ooodoeedaoiat,
450 2581 487 2624 ne
504 2559 710 2645 inexpiabilem
727 2559 773 2622 dei
790 2559 818 2622 in
836 2559 1027 2623 offensionem
1044 2561 1227 2627 incurramus

68 2683 149 2748 quae
166 2683 224 2726 ooo
239 2661 458 2747 perturbatione
474 2663 610 2728 definitur
624 2662 699 2740 ulia,
723 2681 778 2724 nee
791 2661 871 2726 reiut
885 2661 963 2726 victo
978 2682 1012 2726 ae
1027 2663 1227 2728 succumbenti

67 2765 195 2842 accidit,
218 2763 270 2829 sed
286 2765 450 2829 bominibus
464 2765 513 2845 iis,
537 2785 610 2849 quos
625 2765 769 2828 scelernm
784 2783 857 2848 quae
871 2764 1081 2830 commiserunt
1095 2787 1167 2830 vere
1183 2778 1226 2830 at-

68 2887 129 2952 que
152 2865 248 2930 animo
271 2887 328 2930 aon
352 2867 499 2952 poenitet,
524 2876 696 2952 praeparato
719 2867 836 2930 dicitur.

160 2965 239 3033 idem
257 2980 285 3033 et
305 2969 340 3034 de
358 2970 453 3034 crucis
469 2969 611 3056 supplicio
629 2969 759 3054 cogitare
777 2969 927 3033 debemus.
973 2966 1042 3033 Non
1063 2969 1140 3032 enim
1159 2992 1226 3056 pro·
1245 2981 1366 3052 capvn.

68 3082 175 3158 pterea
199 3070 274 3155 quod
297 3071 336 3134 ita
360 3073 421 3136 iore
442 3073 586 3156 scriptura
610 3073 770 3156 praedixit,
802 3067 939 3136 Christos
958 3081 1009 3135 out
1026 3071 1055 3134 ia
1074 3093 1227 3140 crncemu

69 3173 192 3238 ludaeis
213 3185 258 3236 est
277 3183 359 3238 actos
381 3184 431 3238 aut
452 3194 468 3236 a
490 3171 560 3238 luda
581 3173 730 3258 proditus,
761 3173 814 3238 sed
834 3173 909 3258 qood
929 3185 959 3237 et
975 3173 1142 3258 proditurus
1159 3195 1225 3240 eum

68 3273 161 3340 ludos
179 3286 274 3353 esset,
308 3286 339 3339 et
353 3275 383 3339 in
402 3295 518 3340 crucem
536 3276 630 3340 acturi
649 3271 764 3354 iudaei,
796 3275 832 3338 ob
849 3275 877 3338 id
897 3275 1000 3338 tamin
1019 3286 1121 3339 uetere
1138 3288 1226 3342 testa·

67 3387 172 3441 mento
193 3377 337 3461 scripturo
360 3398 445 3461 quam
465 3377 494 3441 in
516 3376 670 3461 euangelio
691 3377 824 3442 dominns
843 3377 906 3462 ipsc
925 3378 1051 3440 futurum
1070 3377 1225 3462 aliquando

67 3477 284 3564 pronuntiarit.
335 3477 533 3562 Quamobrem
559 3501 617 3544 non
643 3500 683 3542 ex
706 3491 787 3542 certa
810 3478 966 3561 singularis
991 3479 1069 3543 illios
1091 3479 1225 3546 benebeii

66 3578 214 3658 seientia,
238 3580 313 3665 qood
329 3580 358 3645 in
374 3581 510 3646 mundum
527 3603 566 3645 ex
583 3603 619 3645 eo
633 3581 798 3660 derivaret,
822 3581 968 3644 dominum
984 3579 1071 3647 iudos
1088 3585 1224 3668 prodidit,

67 3695 102 3750 ot
120 3683 161 3747 illi
180 3683 376 3760 mentiuntur,
407 3683 458 3747 sed
477 3684 518 3746 ita
536 3685 631 3769 potius
648 3693 679 3748 ut
696 3693 726 3747 et
741 3703 825 3747 suum
842 3704 909 3748 esse
926 3683 1072 3749 dominum
1091 3684 1225 3766 sciverit,

67 3797 99 3850 et
123 3805 208 3869 quam
231 3784 355 3866 idipsum
375 3785 482 3850 mundo
501 3787 629 3850 satutare
650 3795 730 3850 esset
746 3785 898 3869 ignorarit.
944 3783 1065 3851 Fierine
1083 3789 1226 3874 potestis

65 3899 101 3952 ut
120 3887 224 3951 mistis
241 3887 387 3952 bominum
406 3909 505 3952 eoram
525 3898 609 3972 gerat
627 3887 675 3971 qui
694 3887 730 3950 ab
748 3889 873 3971 ipsomet
888 3888 1035 3953 salvatore
1053 3891 1224 3975 perditionis
1234 3915 1376 3976 ronanam

67 3988 148 4053 iiiios
164 3989 325 4074 appellatos
340 3989 450 4068 doerit,
474 4000 504 4054 et
519 3989 587 4053 idua
603 3989 744 4068 audierit,
768 3996 875 4052 Bonum
889 3995 919 4053 ee·
931 4004 1008 4066 erat,
1031 3998 1155 4056 sinatus
1168 4017 1224 4058 non
1237 4020 1322 4066 mma,

58 4095 175 4172 sue'sset
188 4093 270 4154 domo
284 4096 351 4154 tlte:
375 4091 457 4170 item,
477 4097 588 4167 Arnr'ee,
606 4095 645 4154 cd
657 4095 727 4172 qm'd
738 4097 860 4154 ceneto?
881 4102 922 4172 et,
950 4097 1027 4157 Unas
1039 4117 1077 4156 ee
1091 4097 1168 4160 uobis
1183 4119 1225 4160 ane
1237 4074 1270 4168 ii'
1281 4073 1315 4182 id·
1327 4126 1359 4171 ao.

69 4197 231 4256 canamus
245 4205 304 4256 est:
329 4204 369 4273 et,
395 4198 452 4274 Qud
464 4199 615 4258 manduco!
626 4215 731 4256 mecam
741 4215 853 4274 ponem,
878 4199 982 4258 deuouit
993 4208 1093 4260 convo
1106 4221 1149 4262 ore
1164 4203 1223 4262 col·
1236 4175 1314 4284 iiiii]

68 4317 203 4372 mnan,
236 4306 267 4358 ot
287 4293 502 4362 ePsnlmorum
519 4295 594 4360 libro
612 4296 795 4380 euangelium
813 4297 977 4382 expressit:
1005 4298 1093 4381 item,
1125 4307 1181 4364 Vae
1197 4308 1375 4380 ercamrao.

102 4449 128 4502 2.
146 4465 178 4500 ex
193 4447 359 4516 praecedente
374 4449 518 4502 testimonio
535 4449 629 4518 pmtte-
663 4451 770 4514 flectione
791 4454 886 4502 emtum
903 4449 1019 4519 προάγειν
1041 4461 1144 4508 resumet
1161 4459 1226 4520 intro

69 4516 98 4568 rii
117 4523 179 4569 recte
198 4521 265 4569 cerdt
284 4519 417 4570 Gmnortua.
451 4521 542 4572 sedem
557 4522 630 4584 stpnt·
663 4521 727 4570 boer.
741 4521 831 4583 exta,
848 4519 872 4572 6.
886 4525 996 4584 poscam.
