<?xml version="1.0" encoding="UTF-8"?>
<!DOCTYPE html PUBLIC "-//W3C//DTD XHTML 1.0 Transitional//EN"
    "http://www.w3.org/TR/xhtml1/DTD/xhtml1-transitional.dtd">
<html xmlns="http://www.w3.org/1999/xhtml" xml:lang="en" lang="en">
 <head>
  <title>
</title>
<meta http-equiv="Content-Type" content="text/html;charset=utf-8" />
  <meta name='ocr-system' content='tesseract 3.04.00' />
  <meta name='ocr-capabilities' content='ocr_page ocr_carea ocr_par ocr_line ocrx_word'/>
</head>
<body>
  <div class='ocr_page' id='page_1' title='image "./corporishaerese03oehlgoog_0564.png"; bbox 0 0 3010 5000; ppageno 0'>
   <div class='ocr_carea' id='block_1_1' title="bbox 350 289 1221 358">
    <p class='ocr_par' dir='ltr' id='par_1_1' title="bbox 350 289 1221 358">
     <span class='ocr_line' id='line_1_1' title="bbox 350 289 1221 358; baseline -0.008 0"><span class='ocrx_word' id='word_1_1' title='bbox 350 305 486 358; x_wconf 78' lang='lat' dir='ltr'><strong>PtNttttt</strong></span> <span class='ocrx_word' id='word_1_2' title='bbox 503 305 565 356; x_wconf 72' lang='grc' dir='ltr'><strong>ΗΒ.</strong></span> <span class='ocrx_word' id='word_1_3' title='bbox 578 307 598 357; x_wconf 86' lang='lat' dir='ltr'><strong>l.</strong></span> <span class='ocrx_word' id='word_1_4' title='bbox 614 304 695 356; x_wconf 76' lang='lat' dir='ltr'><strong>Toto.</strong></span> <span class='ocrx_word' id='word_1_5' title='bbox 710 305 755 356; x_wconf 89' lang='lat' dir='ltr'><strong>lll.</strong></span> <span class='ocrx_word' id='word_1_6' title='bbox 771 303 870 356; x_wconf 73' lang='lat' dir='ltr'><strong>usco.</strong></span> <span class='ocrx_word' id='word_1_7' title='bbox 883 303 940 354; x_wconf 78' lang='lat' dir='ltr'><strong>XL</strong></span> <span class='ocrx_word' id='word_1_8' title='bbox 1161 289 1221 352; x_wconf 82' lang='grc'><strong>547</strong></span> 
     </span>
    </p>
   </div>
   <div class='ocr_carea' id='block_1_2' title="bbox 64 422 1384 4404">
    <p class='ocr_par' dir='ltr' id='par_1_2' title="bbox 67 422 1380 2762">
     <span class='ocr_line' id='line_1_2' title="bbox 71 422 1222 509; baseline -0.003 -19"><span class='ocrx_word' id='word_1_9' title='bbox 71 425 223 492; x_wconf 84' lang='lat' dir='ltr'><strong>ediderunt</strong></span> <span class='ocrx_word' id='word_1_10' title='bbox 241 423 324 491; x_wconf 89' lang='lat' dir='ltr'><strong>Setbi</strong></span> <span class='ocrx_word' id='word_1_11' title='bbox 347 425 466 490; x_wconf 87' lang='lat' dir='ltr'><strong>nominc</strong></span> <span class='ocrx_word' id='word_1_12' title='bbox 486 423 661 509; x_wconf 89' lang='lat' dir='ltr'><strong>inscriptos,</strong></span> <span class='ocrx_word' id='word_1_13' title='bbox 694 444 768 508; x_wconf 89' lang='lat' dir='ltr'><strong>quos</strong></span> <span class='ocrx_word' id='word_1_14' title='bbox 790 423 825 486; x_wconf 89' lang='lat' dir='ltr'><strong>ab</strong></span> <span class='ocrx_word' id='word_1_15' title='bbox 847 444 883 487; x_wconf 94' lang='lat' dir='ltr'><strong>eo</strong></span> <span class='ocrx_word' id='word_1_16' title='bbox 903 423 1026 487; x_wconf 86' lang='lat' dir='ltr'><strong>traditos</strong></span> <span class='ocrx_word' id='word_1_17' title='bbox 1048 444 1083 487; x_wconf 93' lang='lat' dir='ltr'><strong>ac</strong></span> <span class='ocrx_word' id='word_1_18' title='bbox 1101 422 1222 488; x_wconf 89' lang='lat' dir='ltr'><strong>relictos</strong></span> 
     </span>
     <span class='ocr_line' id='line_1_3' title="bbox 70 525 1220 612; baseline -0.002 -20"><span class='ocrx_word' id='word_1_19' title='bbox 70 529 221 593; x_wconf 83' lang='lat' dir='ltr'><strong>affirmant.</strong></span> <span class='ocrx_word' id='word_1_20' title='bbox 267 525 340 592; x_wconf 88' lang='lat' dir='ltr'><strong>ltem</strong></span> <span class='ocrx_word' id='word_1_21' title='bbox 356 527 430 592; x_wconf 87' lang='lat' dir='ltr'><strong>alios</strong></span> <span class='ocrx_word' id='word_1_22' title='bbox 445 548 510 591; x_wconf 85' lang='lat' dir='ltr'><strong>cono</strong></span> <span class='ocrx_word' id='word_1_23' title='bbox 525 527 615 604; x_wconf 85' lang='lat' dir='ltr'><strong>illius,</strong></span> <span class='ocrx_word' id='word_1_24' title='bbox 635 536 694 590; x_wconf 89' lang='lat' dir='ltr'><strong>tum</strong></span> <span class='ocrx_word' id='word_1_25' title='bbox 710 537 821 612; x_wconf 90' lang='lat' dir='ltr'><strong>septem</strong></span> <span class='ocrx_word' id='word_1_26' title='bbox 839 527 903 590; x_wconf 89' lang='lat' dir='ltr'><strong>eins</strong></span> <span class='ocrx_word' id='word_1_27' title='bbox 918 525 1075 590; x_wconf 88' lang='lat' dir='ltr'><strong>liberorum</strong></span> <span class='ocrx_word' id='word_1_28' title='bbox 1091 527 1220 590; x_wconf 87' lang='lat' dir='ltr'><strong>nomine.</strong></span> 
     </span>
     <span class='ocr_line' id='line_1_4' title="bbox 71 622 1221 712; baseline -0.003 -19"><span class='ocrx_word' id='word_1_29' title='bbox 71 629 206 694; x_wconf 78' lang='lat' dir='ltr'><strong>Totidem</strong></span> <span class='ocrx_word' id='word_1_30' title='bbox 227 631 303 694; x_wconf 87' lang='lat' dir='ltr'><strong>enim</strong></span> <span class='ocrx_word' id='word_1_31' title='bbox 322 631 359 695; x_wconf 86' lang='lat' dir='ltr'><strong>ab</strong></span> <span class='ocrx_word' id='word_1_32' title='bbox 376 651 412 694; x_wconf 91' lang='lat' dir='ltr'><strong>eo</strong></span> <span class='ocrx_word' id='word_1_33' title='bbox 430 639 601 710; x_wconf 82' lang='lat' dir='ltr'><strong>procreatos</strong></span> <span class='ocrx_word' id='word_1_34' title='bbox 619 628 738 706; x_wconf 89' lang='lat' dir='ltr'><strong>volout,</strong></span> <span class='ocrx_word' id='word_1_35' title='bbox 771 649 844 712; x_wconf 91' lang='lat' dir='ltr'><strong>quos</strong></span> <span class='ocrx_word' id='word_1_36' title='bbox 861 622 1043 711; x_wconf 76' lang='grc' dir='ltr'><strong>Ἀιιογενεῖς</strong></span> <span class='ocrx_word' id='word_1_37' title='bbox 1059 629 1221 709; x_wconf 86' lang='lat' dir='ltr'><strong>nominant,</strong></span> 
     </span>
     <span class='ocr_line' id='line_1_5' title="bbox 71 727 1223 811; baseline 0 -15"><span class='ocrx_word' id='word_1_38' title='bbox 71 745 101 796; x_wconf 89' lang='lat' dir='ltr'><strong>ut</strong></span> <span class='ocrx_word' id='word_1_39' title='bbox 118 733 146 797; x_wconf 94' lang='lat' dir='ltr'><strong>io</strong></span> <span class='ocrx_word' id='word_1_40' title='bbox 162 732 227 796; x_wconf 89' lang='lat' dir='ltr'><strong>aliis</strong></span> <span class='ocrx_word' id='word_1_41' title='bbox 245 731 432 811; x_wconf 77' lang='lat' dir='ltr'>haeresibus,</span> <span class='ocrx_word' id='word_1_42' title='bbox 458 729 668 796; x_wconf 71' lang='lat' dir='ltr'><strong>Gnosticorum</strong></span> <span class='ocrx_word' id='word_1_43' title='bbox 685 729 799 794; x_wconf 89' lang='lat' dir='ltr'><strong>scilicet</strong></span> <span class='ocrx_word' id='word_1_44' title='bbox 815 753 849 793; x_wconf 93' lang='lat' dir='ltr'><strong>ac</strong></span> <span class='ocrx_word' id='word_1_45' title='bbox 868 727 1076 795; x_wconf 69' lang='lat' dir='ltr'><strong>sethianorum</strong></span> <span class='ocrx_word' id='word_1_46' title='bbox 1093 732 1223 796; x_wconf 85' lang='lat' dir='ltr'><strong>ostendi·</strong></span> 
     </span>
     <span class='ocr_line' id='line_1_6' title="bbox 69 831 1223 920; baseline 0 -22"><span class='ocrx_word' id='word_1_47' title='bbox 69 857 145 900; x_wconf 89' lang='lat' dir='ltr'><strong>mus.</strong></span> <span class='ocrx_word' id='word_1_48' title='bbox 190 831 330 900; x_wconf 85' lang='lat' dir='ltr'><strong>Ceterum</strong></span> <span class='ocrx_word' id='word_1_49' title='bbox 354 835 403 899; x_wconf 91' lang='lat' dir='ltr'><strong>isti</strong></span> <span class='ocrx_word' id='word_1_50' title='bbox 425 833 582 920; x_wconf 87' lang='lat' dir='ltr'><strong>propbetas</strong></span> <span class='ocrx_word' id='word_1_51' title='bbox 604 835 678 900; x_wconf 90' lang='lat' dir='ltr'><strong>alios</strong></span> <span class='ocrx_word' id='word_1_52' title='bbox 697 843 943 912; x_wconf 87' lang='lat' dir='ltr'><strong>commemorant,</strong></span> <span class='ocrx_word' id='word_1_53' title='bbox 976 831 1151 898; x_wconf 86' lang='lat' dir='ltr'><strong>Martiadem</strong></span> <span class='ocrx_word' id='word_1_54' title='bbox 1172 855 1223 898; x_wconf 91' lang='lat' dir='ltr'><strong>nc·</strong></span> 
     </span>
     <span class='ocr_line' id='line_1_7' title="bbox 69 935 1224 1022; baseline -0.002 -20"><span class='ocrx_word' id='word_1_55' title='bbox 69 939 131 1002; x_wconf 87' lang='lat' dir='ltr'><strong>scio</strong></span> <span class='ocrx_word' id='word_1_56' title='bbox 154 958 239 1022; x_wconf 87' lang='lat' dir='ltr'><strong>qoem</strong></span> <span class='ocrx_word' id='word_1_57' title='bbox 261 949 293 1001; x_wconf 94' lang='lat' dir='ltr'><strong>et</strong></span> <span class='ocrx_word' id='word_1_58' title='bbox 309 935 510 1015; x_wconf 85' lang='lat' dir='ltr'><strong>Marsionom,</strong></span> <span class='ocrx_word' id='word_1_59' title='bbox 542 957 616 1022; x_wconf 88' lang='lat' dir='ltr'><strong>qnos</strong></span> <span class='ocrx_word' id='word_1_60' title='bbox 637 937 667 1000; x_wconf 91' lang='lat' dir='ltr'><strong>in</strong></span> <span class='ocrx_word' id='word_1_61' title='bbox 685 938 799 1000; x_wconf 91' lang='lat' dir='ltr'><strong>coelum</strong></span> <span class='ocrx_word' id='word_1_62' title='bbox 816 945 914 1021; x_wconf 91' lang='lat' dir='ltr'><strong>raptos</strong></span> <span class='ocrx_word' id='word_1_63' title='bbox 933 936 1020 1000; x_wconf 90' lang='lat' dir='ltr'><strong>tertio</strong></span> <span class='ocrx_word' id='word_1_64' title='bbox 1039 935 1085 999; x_wconf 89' lang='lat' dir='ltr'><strong>dic</strong></span> <span class='ocrx_word' id='word_1_65' title='bbox 1101 937 1224 1000; x_wconf 87' lang='lat' dir='ltr'><strong>descen-</strong></span> 
     </span>
     <span class='ocr_line' id='line_1_8' title="bbox 68 1037 1224 1126; baseline 0 -23"><span class='ocrx_word' id='word_1_66' title='bbox 68 1041 147 1104; x_wconf 86' lang='lat' dir='ltr'><strong>disse</strong></span> <span class='ocrx_word' id='word_1_67' title='bbox 171 1041 291 1126; x_wconf 75' lang='lat' dir='ltr'><strong>lingunt.</strong></span> <span class='ocrx_word' id='word_1_68' title='bbox 337 1041 458 1106; x_wconf 78' lang='lat' dir='ltr'><strong>Addunt</strong></span> <span class='ocrx_word' id='word_1_69' title='bbox 479 1049 510 1101; x_wconf 88' lang='lat' dir='ltr'><strong>et</strong></span> <span class='ocrx_word' id='word_1_70' title='bbox 530 1039 604 1103; x_wconf 83' lang='lat' dir='ltr'><strong>alias</strong></span> <span class='ocrx_word' id='word_1_71' title='bbox 626 1039 780 1124; x_wconf 85' lang='lat' dir='ltr'><strong>plerasque</strong></span> <span class='ocrx_word' id='word_1_72' title='bbox 798 1037 1010 1102; x_wconf 87' lang='lat' dir='ltr'><strong>commentitias</strong></span> <span class='ocrx_word' id='word_1_73' title='bbox 1033 1060 1068 1102; x_wconf 93' lang='lat' dir='ltr'><strong>ac</strong></span> <span class='ocrx_word' id='word_1_74' title='bbox 1086 1039 1224 1104; x_wconf 88' lang='lat' dir='ltr'><strong>ridiculas</strong></span> 
     </span>
     <span class='ocr_line' id='line_1_9' title="bbox 70 1140 1225 1227; baseline 0 -22"><span class='ocrx_word' id='word_1_75' title='bbox 70 1143 201 1222; x_wconf 86' lang='lat' dir='ltr'><strong>labolos,</strong></span> <span class='ocrx_word' id='word_1_76' title='bbox 233 1153 263 1206; x_wconf 88' lang='lat' dir='ltr'><strong>ct</strong></span> <span class='ocrx_word' id='word_1_77' title='bbox 286 1143 315 1206; x_wconf 91' lang='lat' dir='ltr'><strong>in</strong></span> <span class='ocrx_word' id='word_1_78' title='bbox 339 1163 440 1208; x_wconf 89' lang='lat' dir='ltr'><strong>verum</strong></span> <span class='ocrx_word' id='word_1_79' title='bbox 464 1153 551 1226; x_wconf 86' lang='lat' dir='ltr'><strong>atque</strong></span> <span class='ocrx_word' id='word_1_80' title='bbox 569 1141 797 1227; x_wconf 89' lang='lat' dir='ltr'><strong>omnipotentem</strong></span> <span class='ocrx_word' id='word_1_81' title='bbox 815 1141 900 1206; x_wconf 88' lang='lat' dir='ltr'><strong>deum</strong></span> <span class='ocrx_word' id='word_1_82' title='bbox 918 1151 1028 1226; x_wconf 88' lang='lat' dir='ltr'><strong>patrem</strong></span> <span class='ocrx_word' id='word_1_83' title='bbox 1047 1140 1155 1206; x_wconf 89' lang='lat' dir='ltr'><strong>domini</strong></span> <span class='ocrx_word' id='word_1_84' title='bbox 1171 1162 1225 1206; x_wconf 92' lang='lat' dir='ltr'><strong>no·</strong></span> 
     </span>
     <span class='ocr_line' id='line_1_10' title="bbox 69 1240 1225 1329; baseline -0.001 -20"><span class='ocrx_word' id='word_1_85' title='bbox 69 1247 123 1309; x_wconf 89' lang='lat' dir='ltr'><strong>stri</strong></span> <span class='ocrx_word' id='word_1_86' title='bbox 138 1243 205 1310; x_wconf 87' lang='lat' dir='ltr'><strong>lesu</strong></span> <span class='ocrx_word' id='word_1_87' title='bbox 220 1241 332 1310; x_wconf 78' lang='lat' dir='ltr'><strong>Christi</strong></span> <span class='ocrx_word' id='word_1_88' title='bbox 348 1245 560 1309; x_wconf 77' lang='lat' dir='ltr'><strong>contumeliose</strong></span> <span class='ocrx_word' id='word_1_89' title='bbox 576 1244 665 1307; x_wconf 91' lang='lat' dir='ltr'><strong>multa</strong></span> <span class='ocrx_word' id='word_1_90' title='bbox 681 1243 821 1307; x_wconf 89' lang='lat' dir='ltr'><strong>iactitant.</strong></span> <span class='ocrx_word' id='word_1_91' title='bbox 862 1240 1029 1329; x_wconf 81' lang='lat' dir='ltr'><strong>Principem</strong></span> <span class='ocrx_word' id='word_1_92' title='bbox 1045 1243 1121 1309; x_wconf 88' lang='lat' dir='ltr'><strong>hooc</strong></span> <span class='ocrx_word' id='word_1_93' title='bbox 1136 1254 1166 1308; x_wconf 91' lang='lat' dir='ltr'><strong>et</strong></span> <span class='ocrx_word' id='word_1_94' title='bbox 1180 1245 1225 1308; x_wconf 92' lang='lat' dir='ltr'><strong>in·</strong></span> 
     </span>
     <span class='ocr_line' id='line_1_11' title="bbox 69 1345 1226 1432; baseline -0.001 -21"><span class='ocrx_word' id='word_1_95' title='bbox 69 1357 223 1412; x_wconf 81' lang='lat' dir='ltr'><strong>vectorem</strong></span> <span class='ocrx_word' id='word_1_96' title='bbox 239 1347 335 1411; x_wconf 88' lang='lat' dir='ltr'><strong>omnis</strong></span> <span class='ocrx_word' id='word_1_97' title='bbox 353 1367 420 1411; x_wconf 87' lang='lat' dir='ltr'><strong>csse</strong></span> <span class='ocrx_word' id='word_1_98' title='bbox 437 1345 600 1431; x_wconf 81' lang='lat' dir='ltr'><strong>nequitiae,</strong></span> <span class='ocrx_word' id='word_1_99' title='bbox 633 1357 665 1410; x_wconf 88' lang='lat' dir='ltr'><strong>ut</strong></span> <span class='ocrx_word' id='word_1_100' title='bbox 679 1346 727 1410; x_wconf 88' lang='lat' dir='ltr'><strong>vel</strong></span> <span class='ocrx_word' id='word_1_101' title='bbox 745 1348 806 1432; x_wconf 92' lang='lat' dir='ltr'><strong>ipsa</strong></span> <span class='ocrx_word' id='word_1_102' title='bbox 823 1366 875 1409; x_wconf 87' lang='lat' dir='ltr'><strong>suo</strong></span> <span class='ocrx_word' id='word_1_103' title='bbox 891 1347 1078 1411; x_wconf 84' lang='lat' dir='ltr'><strong>consessione</strong></span> <span class='ocrx_word' id='word_1_104' title='bbox 1093 1347 1226 1431; x_wconf 85' lang='lat' dir='ltr'><strong>iugulen-</strong></span> 
     </span>
     <span class='ocr_line' id='line_1_12' title="bbox 68 1448 1224 1528; baseline -0.001 -15"><span class='ocrx_word' id='word_1_105' title='bbox 68 1461 130 1514; x_wconf 89' lang='lat' dir='ltr'><strong>tnr.</strong></span> <span class='ocrx_word' id='word_1_106' title='bbox 174 1449 252 1514; x_wconf 88' lang='lat' dir='ltr'><strong>Nam</strong></span> <span class='ocrx_word' id='word_1_107' title='bbox 274 1450 299 1514; x_wconf 91' lang='lat' dir='ltr'><strong>si</strong></span> <span class='ocrx_word' id='word_1_108' title='bbox 323 1449 463 1512; x_wconf 80' lang='lat' dir='ltr'><strong>malorum</strong></span> <span class='ocrx_word' id='word_1_109' title='bbox 482 1450 621 1514; x_wconf 83' lang='lat' dir='ltr'><strong>inventor</strong></span> <span class='ocrx_word' id='word_1_110' title='bbox 642 1449 667 1512; x_wconf 88' lang='lat' dir='ltr'><strong>is</strong></span> <span class='ocrx_word' id='word_1_111' title='bbox 688 1471 722 1514; x_wconf 92' lang='lat' dir='ltr'><strong>ac</strong></span> <span class='ocrx_word' id='word_1_112' title='bbox 742 1449 893 1512; x_wconf 87' lang='lat' dir='ltr'><strong>malclicos</strong></span> <span class='ocrx_word' id='word_1_113' title='bbox 917 1459 979 1528; x_wconf 90' lang='lat' dir='ltr'><strong>est,</strong></span> <span class='ocrx_word' id='word_1_114' title='bbox 1010 1469 1108 1512; x_wconf 94' lang='lat' dir='ltr'><strong>nonne</strong></span> <span class='ocrx_word' id='word_1_115' title='bbox 1129 1448 1224 1514; x_wconf 89' lang='lat' dir='ltr'><strong>bonos</strong></span> 
     </span>
     <span class='ocr_line' id='line_1_13' title="bbox 68 1550 1224 1638; baseline 0.001 -24"><span class='ocrx_word' id='word_1_116' title='bbox 68 1553 116 1615; x_wconf 86' lang='lat' dir='ltr'><strong>rel</strong></span> <span class='ocrx_word' id='word_1_117' title='bbox 135 1573 171 1616; x_wconf 90' lang='lat' dir='ltr'><strong>eo</strong></span> <span class='ocrx_word' id='word_1_118' title='bbox 187 1553 251 1638; x_wconf 80' lang='lat' dir='ltr'><strong>ipso</strong></span> <span class='ocrx_word' id='word_1_119' title='bbox 265 1550 520 1637; x_wconf 88' lang='lat' dir='ltr'><strong>comprobabitur,</strong></span> <span class='ocrx_word' id='word_1_120' title='bbox 546 1563 577 1615; x_wconf 91' lang='lat' dir='ltr'><strong>ut</strong></span> <span class='ocrx_word' id='word_1_121' title='bbox 592 1552 656 1615; x_wconf 86' lang='lat' dir='ltr'><strong>aliis</strong></span> <span class='ocrx_word' id='word_1_122' title='bbox 674 1551 844 1616; x_wconf 80' lang='lat' dir='ltr'><strong>haeresibus</strong></span> <span class='ocrx_word' id='word_1_123' title='bbox 863 1550 1039 1632; x_wconf 89' lang='lat' dir='ltr'><strong>obiecimus,</strong></span> <span class='ocrx_word' id='word_1_124' title='bbox 1064 1552 1139 1636; x_wconf 87' lang='lat' dir='ltr'><strong>qnod</strong></span> <span class='ocrx_word' id='word_1_125' title='bbox 1154 1574 1224 1616; x_wconf 88' lang='lat' dir='ltr'><strong>con·</strong></span> 
     </span>
     <span class='ocr_line' id='line_1_14' title="bbox 68 1653 1226 1740; baseline 0.001 -23"><span class='ocrx_word' id='word_1_126' title='bbox 68 1666 116 1718; x_wconf 87' lang='lat' dir='ltr'><strong>tra</strong></span> <span class='ocrx_word' id='word_1_127' title='bbox 132 1666 245 1740; x_wconf 88' lang='lat' dir='ltr'><strong>stupro,</strong></span> <span class='ocrx_word' id='word_1_128' title='bbox 268 1654 421 1729; x_wconf 86' lang='lat' dir='ltr'><strong>adulteria,</strong></span> <span class='ocrx_word' id='word_1_129' title='bbox 447 1654 565 1739; x_wconf 88' lang='lat' dir='ltr'><strong>rapinas</strong></span> <span class='ocrx_word' id='word_1_130' title='bbox 580 1674 614 1717; x_wconf 89' lang='lat' dir='ltr'><strong>ac</strong></span> <span class='ocrx_word' id='word_1_131' title='bbox 631 1653 803 1740; x_wconf 88' lang='lat' dir='ltr'><strong>cupiditates</strong></span> <span class='ocrx_word' id='word_1_132' title='bbox 818 1664 848 1716; x_wconf 87' lang='lat' dir='ltr'><strong>et</strong></span> <span class='ocrx_word' id='word_1_133' title='bbox 863 1653 986 1718; x_wconf 89' lang='lat' dir='ltr'><strong>iniurias</strong></span> <span class='ocrx_word' id='word_1_134' title='bbox 1002 1655 1121 1718; x_wconf 87' lang='lat' dir='ltr'><strong>decreta</strong></span> <span class='ocrx_word' id='word_1_135' title='bbox 1137 1655 1226 1718; x_wconf 87' lang='lat' dir='ltr'><strong>multa</strong></span> 
     </span>
     <span class='ocr_line' id='line_1_15' title="bbox 69 1753 1223 1841; baseline 0 -21"><span class='ocrx_word' id='word_1_136' title='bbox 69 1755 254 1820; x_wconf 72' lang='lat' dir='ltr'><strong>condiderit?</strong></span> <span class='ocrx_word' id='word_1_137' title='bbox 303 1755 381 1820; x_wconf 85' lang='lat' dir='ltr'><strong>Nam</strong></span> <span class='ocrx_word' id='word_1_138' title='bbox 408 1753 581 1820; x_wconf 80' lang='lat' dir='ltr'><strong>ludaeorum</strong></span> <span class='ocrx_word' id='word_1_139' title='bbox 600 1757 688 1820; x_wconf 80' lang='lat' dir='ltr'><strong>‘illum</strong></span> <span class='ocrx_word' id='word_1_140' title='bbox 713 1775 780 1820; x_wconf 87' lang='lat' dir='ltr'><strong>esse</strong></span> <span class='ocrx_word' id='word_1_141' title='bbox 802 1757 886 1820; x_wconf 91' lang='lat' dir='ltr'><strong>deum</strong></span> <span class='ocrx_word' id='word_1_142' title='bbox 910 1757 1008 1841; x_wconf 86' lang='lat' dir='ltr'><strong>utiquc</strong></span> <span class='ocrx_word' id='word_1_143' title='bbox 1033 1758 1223 1821; x_wconf 88' lang='lat' dir='ltr'><strong>conhteotor.</strong></span> 
     </span>
     <span class='ocr_line' id='line_1_16' title="bbox 67 1856 1224 1944; baseline 0 -22"><span class='ocrx_word' id='word_1_144' title='bbox 67 1856 188 1924; x_wconf 88' lang='lat' dir='ltr'><strong>ludaeis</strong></span> <span class='ocrx_word' id='word_1_145' title='bbox 204 1880 292 1944; x_wconf 88' lang='lat' dir='ltr'><strong>porro</strong></span> <span class='ocrx_word' id='word_1_146' title='bbox 308 1861 403 1944; x_wconf 84' lang='lat' dir='ltr'><strong>legem</strong></span> <span class='ocrx_word' id='word_1_147' title='bbox 418 1859 496 1922; x_wconf 89' lang='lat' dir='ltr'><strong>iham</strong></span> <span class='ocrx_word' id='word_1_148' title='bbox 515 1859 595 1937; x_wconf 90' lang='lat' dir='ltr'><strong>tulit,</strong></span> <span class='ocrx_word' id='word_1_149' title='bbox 620 1880 674 1944; x_wconf 87' lang='lat' dir='ltr'><strong>quo</strong></span> <span class='ocrx_word' id='word_1_150' title='bbox 692 1868 760 1922; x_wconf 90' lang='lat' dir='ltr'><strong>sunt</strong></span> <span class='ocrx_word' id='word_1_151' title='bbox 774 1879 809 1921; x_wconf 86' lang='lat' dir='ltr'><strong>ea</strong></span> <span class='ocrx_word' id='word_1_152' title='bbox 826 1858 924 1922; x_wconf 76' lang='lat' dir='ltr'><strong>omorio</strong></span> <span class='ocrx_word' id='word_1_153' title='bbox 942 1859 1084 1943; x_wconf 90' lang='lat' dir='ltr'><strong>prohibita</strong></span> <span class='ocrx_word' id='word_1_154' title='bbox 1103 1880 1224 1944; x_wconf 89' lang='lat' dir='ltr'><strong>qnorum</strong></span> 
     </span>
     <span class='ocr_line' id='line_1_17' title="bbox 67 1959 1226 2047; baseline 0.001 -23"><span class='ocrx_word' id='word_1_155' title='bbox 67 1961 208 2026; x_wconf 86' lang='lat' dir='ltr'><strong>inventor</strong></span> <span class='ocrx_word' id='word_1_156' title='bbox 223 1962 259 2026; x_wconf 91' lang='lat' dir='ltr'><strong>ob</strong></span> <span class='ocrx_word' id='word_1_157' title='bbox 278 1961 334 2026; x_wconf 88' lang='lat' dir='ltr'><strong>illis</strong></span> <span class='ocrx_word' id='word_1_158' title='bbox 351 1961 506 2026; x_wconf 88' lang='lat' dir='ltr'><strong>asseritur.</strong></span> <span class='ocrx_word' id='word_1_159' title='bbox 552 1959 683 2026; x_wconf 86' lang='lat' dir='ltr'><strong>Satanae</strong></span> <span class='ocrx_word' id='word_1_160' title='bbox 700 1981 772 2026; x_wconf 85' lang='lat' dir='ltr'><strong>vero</strong></span> <span class='ocrx_word' id='word_1_161' title='bbox 788 1971 872 2046; x_wconf 87' lang='lat' dir='ltr'><strong>pater</strong></span> <span class='ocrx_word' id='word_1_162' title='bbox 887 1961 935 2044; x_wconf 87' lang='lat' dir='ltr'><strong>qui</strong></span> <span class='ocrx_word' id='word_1_163' title='bbox 953 1963 1067 2026; x_wconf 88' lang='lat' dir='ltr'><strong>demum</strong></span> <span class='ocrx_word' id='word_1_164' title='bbox 1085 1961 1226 2047; x_wconf 89' lang='lat' dir='ltr'><strong>appellari</strong></span> 
     </span>
     <span class='ocr_line' id='line_1_18' title="bbox 67 2063 1223 2149; baseline 0.002 -22"><span class='ocrx_word' id='word_1_165' title='bbox 67 2074 185 2149; x_wconf 85' lang='lat' dir='ltr'><strong>potest,</strong></span> <span class='ocrx_word' id='word_1_166' title='bbox 216 2063 266 2149; x_wconf 87' lang='lat' dir='ltr'><strong>qui</strong></span> <span class='ocrx_word' id='word_1_167' title='bbox 289 2075 347 2128; x_wconf 90' lang='lat' dir='ltr'><strong>tam</strong></span> <span class='ocrx_word' id='word_1_168' title='bbox 368 2064 458 2128; x_wconf 86' lang='lat' dir='ltr'><strong>multo</strong></span> <span class='ocrx_word' id='word_1_169' title='bbox 481 2066 624 2129; x_wconf 83' lang='lat' dir='ltr'><strong>adversus</strong></span> <span class='ocrx_word' id='word_1_170' title='bbox 645 2064 724 2128; x_wconf 90' lang='lat' dir='ltr'><strong>illum</strong></span> <span class='ocrx_word' id='word_1_171' title='bbox 747 2063 886 2140; x_wconf 86' lang='lat' dir='ltr'><strong>ediderit,</strong></span> <span class='ocrx_word' id='word_1_172' title='bbox 919 2063 1003 2126; x_wconf 88' lang='lat' dir='ltr'><strong>siah</strong></span> <span class='ocrx_word' id='word_1_173' title='bbox 1028 2064 1223 2145; x_wconf 89' lang='lat' dir='ltr'><strong>illosummo,</strong></span> 
     </span>
     <span class='ocr_line' id='line_1_19' title="bbox 68 2165 1225 2251; baseline 0.002 -21"><span class='ocrx_word' id='word_1_174' title='bbox 68 2187 158 2251; x_wconf 82' lang='lat' dir='ltr'><strong>qoem</strong></span> <span class='ocrx_word' id='word_1_175' title='bbox 172 2167 257 2231; x_wconf 85' lang='lat' dir='ltr'><strong>deum</strong></span> <span class='ocrx_word' id='word_1_176' title='bbox 273 2165 435 2245; x_wconf 88' lang='lat' dir='ltr'><strong>nominant,</strong></span> <span class='ocrx_word' id='word_1_177' title='bbox 454 2167 567 2232; x_wconf 84' lang='lat' dir='ltr'><strong>alienos</strong></span> <span class='ocrx_word' id='word_1_178' title='bbox 582 2175 639 2246; x_wconf 87' lang='lat' dir='ltr'><strong>est,</strong></span> <span class='ocrx_word' id='word_1_179' title='bbox 656 2187 711 2230; x_wconf 91' lang='lat' dir='ltr'><strong>nec</strong></span> <span class='ocrx_word' id='word_1_180' title='bbox 726 2166 801 2228; x_wconf 91' lang='lat' dir='ltr'><strong>idem</strong></span> <span class='ocrx_word' id='word_1_181' title='bbox 816 2174 860 2228; x_wconf 88' lang='lat' dir='ltr'><strong>est</strong></span> <span class='ocrx_word' id='word_1_182' title='bbox 876 2165 1059 2251; x_wconf 89' lang='lat' dir='ltr'><strong>omnipotens</strong></span> <span class='ocrx_word' id='word_1_183' title='bbox 1075 2167 1124 2231; x_wconf 94' lang='lat' dir='ltr'><strong>ille</strong></span> <span class='ocrx_word' id='word_1_184' title='bbox 1140 2167 1225 2247; x_wconf 90' lang='lat' dir='ltr'><strong>deus,</strong></span> 
     </span>
     <span class='ocr_line' id='line_1_20' title="bbox 67 2265 1226 2353; baseline 0.003 -21"><span class='ocrx_word' id='word_1_185' title='bbox 67 2289 127 2332; x_wconf 83' lang='lat' dir='ltr'><strong>rex</strong></span> <span class='ocrx_word' id='word_1_186' title='bbox 144 2279 174 2331; x_wconf 88' lang='lat' dir='ltr'><strong>ct</strong></span> <span class='ocrx_word' id='word_1_187' title='bbox 191 2267 325 2332; x_wconf 87' lang='lat' dir='ltr'><strong>dominos</strong></span> <span class='ocrx_word' id='word_1_188' title='bbox 341 2279 460 2347; x_wconf 90' lang='lat' dir='ltr'><strong>noster,</strong></span> <span class='ocrx_word' id='word_1_189' title='bbox 484 2268 577 2353; x_wconf 87' lang='lat' dir='ltr'><strong>quiin</strong></span> <span class='ocrx_word' id='word_1_190' title='bbox 596 2270 661 2353; x_wconf 81' lang='lat' dir='ltr'><strong>lege</strong></span> <span class='ocrx_word' id='word_1_191' title='bbox 678 2279 709 2330; x_wconf 91' lang='lat' dir='ltr'><strong>ot</strong></span> <span class='ocrx_word' id='word_1_192' title='bbox 723 2265 883 2352; x_wconf 84' lang='lat' dir='ltr'><strong>evangeliis</strong></span> <span class='ocrx_word' id='word_1_193' title='bbox 901 2287 934 2330; x_wconf 90' lang='lat' dir='ltr'><strong>ac</strong></span> <span class='ocrx_word' id='word_1_194' title='bbox 952 2269 1119 2353; x_wconf 92' lang='lat' dir='ltr'><strong>prophetis,</strong></span> <span class='ocrx_word' id='word_1_195' title='bbox 1144 2281 1174 2334; x_wconf 86' lang='lat' dir='ltr'><strong>et</strong></span> <span class='ocrx_word' id='word_1_196' title='bbox 1190 2271 1226 2334; x_wconf 88' lang='lat' dir='ltr'><strong>ab</strong></span> 
     </span>
     <span class='ocr_line' id='line_1_21' title="bbox 68 2370 1380 2456; baseline 0.008 -22"><span class='ocrx_word' id='word_1_197' title='bbox 68 2370 213 2456; x_wconf 86' lang='lat' dir='ltr'><strong>apostolis</strong></span> <span class='ocrx_word' id='word_1_198' title='bbox 230 2371 412 2450; x_wconf 85' lang='lat' dir='ltr'><strong>celebratur,</strong></span> <span class='ocrx_word' id='word_1_199' title='bbox 436 2375 670 2444; x_wconf 68' lang='lat' dir='ltr'><strong>nominassem,</strong></span> <span class='ocrx_word' id='word_1_200' title='bbox 694 2392 730 2432; x_wconf 86' lang='lat' dir='ltr'><strong>cc</strong></span> <span class='ocrx_word' id='word_1_201' title='bbox 739 2382 825 2451; x_wconf 80' lang='lat' dir='ltr'><strong>puter</strong></span> <span class='ocrx_word' id='word_1_202' title='bbox 839 2375 946 2432; x_wconf 77' lang='lat' dir='ltr'><strong>domici</strong></span> <span class='ocrx_word' id='word_1_203' title='bbox 957 2377 1052 2433; x_wconf 79' lang='lat' dir='ltr'><strong>nostri</strong></span> <span class='ocrx_word' id='word_1_204' title='bbox 1063 2376 1128 2434; x_wconf 84' lang='lat' dir='ltr'><strong>Iesu</strong></span> <span class='ocrx_word' id='word_1_205' title='bbox 1143 2375 1225 2434; x_wconf 81' lang='lat' dir='ltr'><strong>Chri·</strong></span> <span class='ocrx_word' id='word_1_206' title='bbox 1233 2391 1341 2455; x_wconf 75' lang='lat' dir='ltr'><strong>2cmnt,</strong></span> <span class='ocrx_word' id='word_1_207' title='bbox 1347 2398 1380 2445; x_wconf 83' lang='lat' dir='ltr'><strong>tt.</strong></span> 
     </span>
     <span class='ocr_line' id='line_1_22' title="bbox 67 2468 1325 2586; baseline 0.002 -52"><span class='ocrx_word' id='word_1_208' title='bbox 67 2479 131 2535; x_wconf 75' lang='lat' dir='ltr'><strong>stit</strong></span> <span class='ocrx_word' id='word_1_209' title='bbox 160 2483 191 2536; x_wconf 89' lang='lat' dir='ltr'><strong>ut</strong></span> <span class='ocrx_word' id='word_1_210' title='bbox 208 2473 284 2537; x_wconf 91' lang='lat' dir='ltr'><strong>idem</strong></span> <span class='ocrx_word' id='word_1_211' title='bbox 299 2483 400 2558; x_wconf 90' lang='lat' dir='ltr'><strong>aperte</strong></span> <span class='ocrx_word' id='word_1_212' title='bbox 416 2468 554 2538; x_wconf 85' lang='lat' dir='ltr'><strong>Christos</strong></span> <span class='ocrx_word' id='word_1_213' title='bbox 565 2474 599 2536; x_wconf 92' lang='lat' dir='ltr'><strong>in</strong></span> <span class='ocrx_word' id='word_1_214' title='bbox 616 2472 770 2557; x_wconf 81' lang='lat' dir='ltr'><strong>cvangelio</strong></span> <span class='ocrx_word' id='word_1_215' title='bbox 788 2482 911 2538; x_wconf 87' lang='lat' dir='ltr'><strong>testator</strong></span> <span class='ocrx_word' id='word_1_216' title='bbox 928 2473 971 2537; x_wconf 92' lang='lat' dir='ltr'><strong>his</strong></span> <span class='ocrx_word' id='word_1_217' title='bbox 987 2472 1105 2537; x_wconf 81' lang='lat' dir='ltr'><strong>verbis:</strong></span> <span class='ocrx_word' id='word_1_218' title='bbox 1131 2478 1226 2556; x_wconf 79' lang='lat' dir='ltr'><strong>Const—</strong></span> <span class='ocrx_word' id='word_1_219' title='bbox 1239 2485 1325 2586; x_wconf 59' lang='lat' dir='ltr'><strong>tltlmpp.</strong></span> 
     </span>
     <span class='ocr_line' id='line_1_23' title="bbox 69 2571 1324 2662; baseline 0.006 -27"><span class='ocrx_word' id='word_1_220' title='bbox 69 2586 134 2637; x_wconf 84' lang='lat' dir='ltr'><strong>reor</strong></span> <span class='ocrx_word' id='word_1_221' title='bbox 150 2577 212 2650; x_wconf 85' lang='lat' dir='ltr'><strong>tibi,</strong></span> <span class='ocrx_word' id='word_1_222' title='bbox 227 2587 322 2656; x_wconf 82' lang='lat' dir='ltr'><strong>poter,</strong></span> <span class='ocrx_word' id='word_1_223' title='bbox 347 2579 457 2638; x_wconf 76' lang='lat' dir='ltr'><strong>domim</strong></span> <span class='ocrx_word' id='word_1_224' title='bbox 472 2579 546 2638; x_wconf 81' lang='lat' dir='ltr'><strong>coeli</strong></span> <span class='ocrx_word' id='word_1_225' title='bbox 557 2597 592 2638; x_wconf 87' lang='lat' dir='ltr'><strong>oc</strong></span> <span class='ocrx_word' id='word_1_226' title='bbox 607 2587 711 2649; x_wconf 74' lang='lat' dir='ltr'><strong>terne,</strong></span> <span class='ocrx_word' id='word_1_227' title='bbox 730 2575 836 2660; x_wconf 91' lang='lat' dir='ltr'><strong>quibus</strong></span> <span class='ocrx_word' id='word_1_228' title='bbox 848 2586 958 2662; x_wconf 89' lang='lat' dir='ltr'><strong>patrem</strong></span> <span class='ocrx_word' id='word_1_229' title='bbox 973 2597 1058 2641; x_wconf 88' lang='lat' dir='ltr'><strong>soum</strong></span> <span class='ocrx_word' id='word_1_230' title='bbox 1072 2576 1226 2645; x_wconf 83' lang='lat' dir='ltr'><strong>universo·</strong></span> <span class='ocrx_word' id='word_1_231' title='bbox 1271 2571 1278 2596; x_wconf 90' lang='lat'>’</span> <span class='ocrx_word' id='word_1_232' title='bbox 1318 2571 1324 2583; x_wconf 81' lang='grc'>’</span> 
     </span>
     <span class='ocr_line' id='line_1_24' title="bbox 69 2676 525 2762; baseline 0.002 -22"><span class='ocrx_word' id='word_1_233' title='bbox 69 2699 137 2743; x_wconf 91' lang='lat' dir='ltr'><strong>rum</strong></span> <span class='ocrx_word' id='word_1_234' title='bbox 162 2677 246 2740; x_wconf 91' lang='lat' dir='ltr'><strong>doum</strong></span> <span class='ocrx_word' id='word_1_235' title='bbox 269 2697 337 2741; x_wconf 89' lang='lat' dir='ltr'><strong>esse</strong></span> <span class='ocrx_word' id='word_1_236' title='bbox 360 2676 525 2762; x_wconf 84' lang='lat' dir='ltr'><strong>signilicatl</strong></span> 
     </span>
    </p>

    <p class='ocr_par' dir='ltr' id='par_1_3' title="bbox 64 2769 1384 4404">
     <span class='ocr_line' id='line_1_25' title="bbox 105 2769 1381 2872; baseline 0.005 -30"><span class='ocrx_word' id='word_1_237' title='bbox 105 2769 111 2784; x_wconf 83' lang='lat'>&#39;</span> <span class='ocrx_word' id='word_1_238' title='bbox 157 2777 342 2843; x_wconf 82' lang='lat' dir='ltr'><strong>Mortuerum</strong></span> <span class='ocrx_word' id='word_1_239' title='bbox 359 2801 432 2844; x_wconf 88' lang='lat' dir='ltr'><strong>vero</strong></span> <span class='ocrx_word' id='word_1_240' title='bbox 447 2781 694 2844; x_wconf 86' lang='lat' dir='ltr'><strong>resurrectionem</strong></span> <span class='ocrx_word' id='word_1_241' title='bbox 711 2789 811 2866; x_wconf 90' lang='lat' dir='ltr'><strong>aperte</strong></span> <span class='ocrx_word' id='word_1_242' title='bbox 829 2783 951 2846; x_wconf 85' lang='lat' dir='ltr'><strong>loturam</strong></span> <span class='ocrx_word' id='word_1_243' title='bbox 968 2782 1136 2863; x_wconf 88' lang='lat' dir='ltr'><strong>denuntiat,</strong></span> <span class='ocrx_word' id='word_1_244' title='bbox 1161 2805 1226 2848; x_wconf 91' lang='lat' dir='ltr'><strong>cum</strong></span> <span class='ocrx_word' id='word_1_245' title='bbox 1247 2802 1381 2872; x_wconf 65' lang='lat' dir='ltr'><strong>cipvm.</strong></span> 
     </span>
     <span class='ocr_line' id='line_1_26' title="bbox 66 2881 1380 2969; baseline 0.009 -23"><span class='ocrx_word' id='word_1_246' title='bbox 66 2881 110 2946; x_wconf 82' lang='lat' dir='ltr'><strong>ita</strong></span> <span class='ocrx_word' id='word_1_247' title='bbox 131 2881 276 2966; x_wconf 82' lang='lat' dir='ltr'><strong>loquitor:</strong></span> <span class='ocrx_word' id='word_1_248' title='bbox 307 2885 417 2944; x_wconf 84' lang='lat' dir='ltr'><strong>Soim&#39;te</strong></span> <span class='ocrx_word' id='word_1_249' title='bbox 436 2887 565 2964; x_wconf 67' lang='lat' dir='ltr'><strong>temptam</strong></span> <span class='ocrx_word' id='word_1_250' title='bbox 581 2887 651 2960; x_wconf 79' lang='lat' dir='ltr'><strong>doc,</strong></span> <span class='ocrx_word' id='word_1_251' title='bbox 683 2897 713 2946; x_wconf 86' lang='lat' dir='ltr'><strong>et</strong></span> <span class='ocrx_word' id='word_1_252' title='bbox 732 2889 763 2946; x_wconf 83' lang='lat' dir='ltr'><strong>in</strong></span> <span class='ocrx_word' id='word_1_253' title='bbox 781 2886 871 2947; x_wconf 83' lang='lat' dir='ltr'><strong>tribus</strong></span> <span class='ocrx_word' id='word_1_254' title='bbox 885 2887 982 2948; x_wconf 70' lang='lat' dir='ltr'><strong>dt&#39;cbm</strong></span> <span class='ocrx_word' id='word_1_255' title='bbox 997 2889 1126 2958; x_wconf 67' lang='lat' dir='ltr'><strong>emrtubo</strong></span> <span class='ocrx_word' id='word_1_256' title='bbox 1141 2891 1223 2950; x_wconf 84' lang='lat' dir='ltr'><strong>iliud.</strong></span> <span class='ocrx_word' id='word_1_257' title='bbox 1239 2910 1380 2969; x_wconf 61' lang='lat' dir='ltr'><strong>reumata.</strong></span> 
     </span>
     <span class='ocr_line' id='line_1_27' title="bbox 66 2983 1228 3072; baseline 0.005 -24"><span class='ocrx_word' id='word_1_258' title='bbox 66 2983 227 3070; x_wconf 86' lang='lat' dir='ltr'><strong>Templum</strong></span> <span class='ocrx_word' id='word_1_259' title='bbox 246 2983 322 3048; x_wconf 86' lang='lat' dir='ltr'><strong>euim</strong></span> <span class='ocrx_word' id='word_1_260' title='bbox 342 3006 448 3070; x_wconf 86' lang='lat' dir='ltr'><strong>corpus</strong></span> <span class='ocrx_word' id='word_1_261' title='bbox 466 3005 549 3049; x_wconf 89' lang='lat' dir='ltr'><strong>snum</strong></span> <span class='ocrx_word' id='word_1_262' title='bbox 568 2985 708 3064; x_wconf 84' lang='lat' dir='ltr'><strong>vocabat,</strong></span> <span class='ocrx_word' id='word_1_263' title='bbox 737 2987 811 3072; x_wconf 89' lang='lat' dir='ltr'><strong>qnod</strong></span> <span class='ocrx_word' id='word_1_264' title='bbox 829 2987 975 3052; x_wconf 89' lang='lat' dir='ltr'><strong>homiuum</strong></span> <span class='ocrx_word' id='word_1_265' title='bbox 993 2987 1125 3054; x_wconf 87' lang='lat' dir='ltr'><strong>manibus</strong></span> <span class='ocrx_word' id='word_1_266' title='bbox 1142 3009 1228 3054; x_wconf 85' lang='lat' dir='ltr'><strong>erer-</strong></span> 
     </span>
     <span class='ocr_line' id='line_1_28' title="bbox 66 3087 1224 3176; baseline 0.006 -26"><span class='ocrx_word' id='word_1_267' title='bbox 66 3087 199 3165; x_wconf 85' lang='lat' dir='ltr'><strong>tebatar,</strong></span> <span class='ocrx_word' id='word_1_268' title='bbox 219 3087 273 3150; x_wconf 89' lang='lat' dir='ltr'><strong>hoc</strong></span> <span class='ocrx_word' id='word_1_269' title='bbox 289 3097 335 3150; x_wconf 88' lang='lat' dir='ltr'><strong>est</strong></span> <span class='ocrx_word' id='word_1_270' title='bbox 348 3087 591 3154; x_wconf 74' lang='lat' dir='ltr'><strong>interficiebatur.</strong></span> <span class='ocrx_word' id='word_1_271' title='bbox 633 3087 710 3152; x_wconf 88' lang='lat' dir='ltr'><strong>Nom</strong></span> <span class='ocrx_word' id='word_1_272' title='bbox 729 3092 803 3173; x_wconf 88' lang='lat' dir='ltr'><strong>qnod</strong></span> <span class='ocrx_word' id='word_1_273' title='bbox 818 3111 919 3154; x_wconf 80' lang='lat' dir='ltr'><strong>verunt</strong></span> <span class='ocrx_word' id='word_1_274' title='bbox 937 3112 1042 3176; x_wconf 85' lang='lat' dir='ltr'><strong>corpus</strong></span> <span class='ocrx_word' id='word_1_275' title='bbox 1059 3111 1115 3156; x_wconf 93' lang='lat' dir='ltr'><strong>noo</strong></span> <span class='ocrx_word' id='word_1_276' title='bbox 1133 3103 1224 3172; x_wconf 88' lang='lat' dir='ltr'><strong>esset,</strong></span> 
     </span>
     <span class='ocr_line' id='line_1_29' title="bbox 67 3189 1228 3279; baseline 0.004 -26"><span class='ocrx_word' id='word_1_277' title='bbox 67 3191 122 3254; x_wconf 86' lang='lat' dir='ltr'><strong>sed</strong></span> <span class='ocrx_word' id='word_1_278' title='bbox 138 3189 238 3274; x_wconf 86' lang='lat' dir='ltr'><strong>specie</strong></span> <span class='ocrx_word' id='word_1_279' title='bbox 254 3190 396 3254; x_wconf 85' lang='lat' dir='ltr'><strong>duntaxat</strong></span> <span class='ocrx_word' id='word_1_280' title='bbox 412 3201 583 3274; x_wconf 82' lang='lat' dir='ltr'><strong>appareret,</strong></span> <span class='ocrx_word' id='word_1_281' title='bbox 607 3191 767 3255; x_wconf 88' lang='lat' dir='ltr'><strong>cuiusmodi</strong></span> <span class='ocrx_word' id='word_1_282' title='bbox 784 3192 824 3255; x_wconf 90' lang='lat' dir='ltr'><strong>illi</strong></span> <span class='ocrx_word' id='word_1_283' title='bbox 842 3193 932 3255; x_wconf 89' lang='lat' dir='ltr'><strong>luisse</strong></span> <span class='ocrx_word' id='word_1_284' title='bbox 949 3203 1094 3273; x_wconf 89' lang='lat' dir='ltr'><strong>statuunt,</strong></span> <span class='ocrx_word' id='word_1_285' title='bbox 1119 3215 1228 3279; x_wconf 90' lang='lat' dir='ltr'><strong>nequa-</strong></span> 
     </span>
     <span class='ocr_line' id='line_1_30' title="bbox 67 3291 1228 3378; baseline 0.004 -23"><span class='ocrx_word' id='word_1_286' title='bbox 67 3313 157 3376; x_wconf 84' lang='lat' dir='ltr'><strong>qnam</strong></span> <span class='ocrx_word' id='word_1_287' title='bbox 180 3291 306 3356; x_wconf 88' lang='lat' dir='ltr'><strong>bostium</strong></span> <span class='ocrx_word' id='word_1_288' title='bbox 327 3293 355 3354; x_wconf 93' lang='lat' dir='ltr'><strong>in</strong></span> <span class='ocrx_word' id='word_1_289' title='bbox 377 3313 480 3356; x_wconf 87' lang='lat' dir='ltr'><strong>manos</strong></span> <span class='ocrx_word' id='word_1_290' title='bbox 503 3294 621 3371; x_wconf 87' lang='lat' dir='ltr'><strong>venire,</strong></span> <span class='ocrx_word' id='word_1_291' title='bbox 652 3305 719 3372; x_wconf 91' lang='lat' dir='ltr'><strong>ont,</strong></span> <span class='ocrx_word' id='word_1_292' title='bbox 752 3305 783 3357; x_wconf 91' lang='lat' dir='ltr'><strong>ot</strong></span> <span class='ocrx_word' id='word_1_293' title='bbox 802 3295 1007 3378; x_wconf 83' lang='lat' dir='ltr'><strong>pollicebatur,</strong></span> <span class='ocrx_word' id='word_1_294' title='bbox 1039 3296 1162 3360; x_wconf 84' lang='lat' dir='ltr'><strong>excitari</strong></span> <span class='ocrx_word' id='word_1_295' title='bbox 1181 3297 1228 3360; x_wconf 93' lang='lat' dir='ltr'><strong>die</strong></span> 
     </span>
     <span class='ocr_line' id='line_1_31' title="bbox 66 3393 1226 3481; baseline 0.004 -24"><span class='ocrx_word' id='word_1_296' title='bbox 66 3396 158 3458; x_wconf 90' lang='lat' dir='ltr'><strong>tertia</strong></span> <span class='ocrx_word' id='word_1_297' title='bbox 185 3393 338 3478; x_wconf 86' lang='lat' dir='ltr'><strong>potuisset.</strong></span> <span class='ocrx_word' id='word_1_298' title='bbox 386 3393 466 3458; x_wconf 83' lang='lat' dir='ltr'><strong>llaec</strong></span> <span class='ocrx_word' id='word_1_299' title='bbox 491 3395 580 3478; x_wconf 77' lang='lat' dir='ltr'><strong>igitur</strong></span> <span class='ocrx_word' id='word_1_300' title='bbox 604 3397 649 3459; x_wconf 92' lang='lat' dir='ltr'><strong>dei</strong></span> <span class='ocrx_word' id='word_1_301' title='bbox 673 3397 885 3460; x_wconf 88' lang='lat' dir='ltr'><strong>administratio</strong></span> <span class='ocrx_word' id='word_1_302' title='bbox 911 3397 1062 3481; x_wconf 86' lang='lat' dir='ltr'><strong>perspicue</strong></span> <span class='ocrx_word' id='word_1_303' title='bbox 1086 3398 1226 3478; x_wconf 86' lang='lat' dir='ltr'><strong>declcret,</strong></span> 
     </span>
     <span class='ocr_line' id='line_1_32' title="bbox 67 3498 1229 3584; baseline 0.003 -24"><span class='ocrx_word' id='word_1_304' title='bbox 67 3507 206 3560; x_wconf 81' lang='lat' dir='ltr'><strong>mortuos</strong></span> <span class='ocrx_word' id='word_1_305' title='bbox 221 3499 255 3559; x_wconf 90' lang='lat' dir='ltr'><strong>od</strong></span> <span class='ocrx_word' id='word_1_306' title='bbox 273 3499 362 3562; x_wconf 83' lang='lat' dir='ltr'><strong>vitam</strong></span> <span class='ocrx_word' id='word_1_307' title='bbox 380 3498 444 3560; x_wconf 85' lang='lat' dir='ltr'><strong>siue</strong></span> <span class='ocrx_word' id='word_1_308' title='bbox 463 3498 520 3561; x_wconf 91' lang='lat' dir='ltr'><strong>ulla</strong></span> <span class='ocrx_word' id='word_1_309' title='bbox 540 3499 743 3562; x_wconf 83' lang='lat' dir='ltr'><strong>controversia</strong></span> <span class='ocrx_word' id='word_1_310' title='bbox 761 3499 893 3577; x_wconf 86' lang='lat' dir='ltr'><strong>restitui,</strong></span> <span class='ocrx_word' id='word_1_311' title='bbox 918 3521 972 3562; x_wconf 90' lang='lat' dir='ltr'><strong>nec</strong></span> <span class='ocrx_word' id='word_1_312' title='bbox 991 3500 1105 3563; x_wconf 86' lang='lat' dir='ltr'><strong>animae</strong></span> <span class='ocrx_word' id='word_1_313' title='bbox 1124 3521 1229 3584; x_wconf 80' lang='lat' dir='ltr'><strong>purga·</strong></span> 
     </span>
     <span class='ocr_line' id='line_1_33' title="bbox 67 3597 1228 3686; baseline 0.003 -24"><span class='ocrx_word' id='word_1_314' title='bbox 67 3600 154 3664; x_wconf 85' lang='lat' dir='ltr'><strong>tione</strong></span> <span class='ocrx_word' id='word_1_315' title='bbox 171 3597 229 3661; x_wconf 88' lang='lat' dir='ltr'><strong>olla</strong></span> <span class='ocrx_word' id='word_1_316' title='bbox 247 3620 320 3684; x_wconf 88' lang='lat' dir='ltr'><strong>opos</strong></span> <span class='ocrx_word' id='word_1_317' title='bbox 338 3619 423 3677; x_wconf 90' lang='lat' dir='ltr'><strong>esse,</strong></span> <span class='ocrx_word' id='word_1_318' title='bbox 455 3610 507 3663; x_wconf 90' lang='lat' dir='ltr'><strong>not</strong></span> <span class='ocrx_word' id='word_1_319' title='bbox 520 3602 593 3684; x_wconf 88' lang='lat' dir='ltr'><strong>apud</strong></span> <span class='ocrx_word' id='word_1_320' title='bbox 609 3600 742 3684; x_wconf 82' lang='lat' dir='ltr'><strong>singulos</strong></span> <span class='ocrx_word' id='word_1_321' title='bbox 759 3611 917 3686; x_wconf 81' lang='lat' dir='ltr'><strong>potestates</strong></span> <span class='ocrx_word' id='word_1_322' title='bbox 934 3623 1068 3666; x_wconf 86' lang='lat' dir='ltr'><strong>caussam</strong></span> <span class='ocrx_word' id='word_1_323' title='bbox 1086 3603 1127 3665; x_wconf 94' lang='lat' dir='ltr'><strong>illi</strong></span> <span class='ocrx_word' id='word_1_324' title='bbox 1146 3623 1228 3666; x_wconf 86' lang='lat' dir='ltr'><strong>soom</strong></span> 
     </span>
     <span class='ocr_line' id='line_1_34' title="bbox 66 3703 1229 3789; baseline 0.003 -24"><span class='ocrx_word' id='word_1_325' title='bbox 66 3722 140 3765; x_wconf 89' lang='lat' dir='ltr'><strong>esse</strong></span> <span class='ocrx_word' id='word_1_326' title='bbox 159 3703 372 3785; x_wconf 86' lang='lat' dir='ltr'><strong>perorandam,</strong></span> <span class='ocrx_word' id='word_1_327' title='bbox 396 3703 471 3786; x_wconf 85' lang='lat' dir='ltr'><strong>quod</strong></span> <span class='ocrx_word' id='word_1_328' title='bbox 490 3703 555 3781; x_wconf 90' lang='lat' dir='ltr'><strong>isti,</strong></span> <span class='ocrx_word' id='word_1_329' title='bbox 580 3704 619 3767; x_wconf 91' lang='lat' dir='ltr'><strong>uti</strong></span> <span class='ocrx_word' id='word_1_330' title='bbox 637 3703 744 3768; x_wconf 80' lang='lat' dir='ltr'><strong>die-tour</strong></span> <span class='ocrx_word' id='word_1_331' title='bbox 762 3716 819 3782; x_wconf 87' lang='lat' dir='ltr'><strong>est,</strong></span> <span class='ocrx_word' id='word_1_332' title='bbox 844 3714 955 3767; x_wconf 91' lang='lat' dir='ltr'><strong>temere</strong></span> <span class='ocrx_word' id='word_1_333' title='bbox 972 3705 1153 3789; x_wconf 86' lang='lat' dir='ltr'><strong>praedicant,</strong></span> <span class='ocrx_word' id='word_1_334' title='bbox 1177 3706 1229 3769; x_wconf 88' lang='lat' dir='ltr'><strong>sed</strong></span> 
     </span>
     <span class='ocr_line' id='line_1_35' title="bbox 67 3801 1229 3890; baseline 0.001 -22"><span class='ocrx_word' id='word_1_335' title='bbox 67 3825 131 3868; x_wconf 91' lang='lat' dir='ltr'><strong>uno</strong></span> <span class='ocrx_word' id='word_1_336' title='bbox 155 3801 202 3866; x_wconf 86' lang='lat' dir='ltr'><strong>dei</strong></span> <span class='ocrx_word' id='word_1_337' title='bbox 221 3802 365 3866; x_wconf 79' lang='lat' dir='ltr'><strong>benedicio</strong></span> <span class='ocrx_word' id='word_1_338' title='bbox 384 3805 527 3868; x_wconf 78' lang='lat' dir='ltr'><strong>dontnxot</strong></span> <span class='ocrx_word' id='word_1_339' title='bbox 545 3805 694 3890; x_wconf 77' lang='lat' dir='ltr'><strong>indigere,</strong></span> <span class='ocrx_word' id='word_1_340' title='bbox 725 3828 782 3890; x_wconf 88' lang='lat' dir='ltr'><strong>quo</strong></span> <span class='ocrx_word' id='word_1_341' title='bbox 805 3827 869 3869; x_wconf 90' lang='lat' dir='ltr'><strong>cum</strong></span> <span class='ocrx_word' id='word_1_342' title='bbox 890 3805 947 3869; x_wconf 85' lang='lat' dir='ltr'><strong>lide</strong></span> <span class='ocrx_word' id='word_1_343' title='bbox 965 3819 1045 3870; x_wconf 90' lang='lat' dir='ltr'><strong>recte</strong></span> <span class='ocrx_word' id='word_1_344' title='bbox 1064 3809 1140 3870; x_wconf 87' lang='lat' dir='ltr'><strong>lacta</strong></span> <span class='ocrx_word' id='word_1_345' title='bbox 1159 3827 1229 3870; x_wconf 93' lang='lat' dir='ltr'><strong>eon-</strong></span> 
     </span>
     <span class='ocr_line' id='line_1_36' title="bbox 66 3904 1228 3993; baseline 0.001 -23"><span class='ocrx_word' id='word_1_346' title='bbox 66 3909 193 3990; x_wconf 81' lang='lat' dir='ltr'><strong>iungat,</strong></span> <span class='ocrx_word' id='word_1_347' title='bbox 226 3917 257 3967; x_wconf 90' lang='lat' dir='ltr'><strong>ut</strong></span> <span class='ocrx_word' id='word_1_348' title='bbox 277 3905 313 3968; x_wconf 88' lang='lat' dir='ltr'><strong>ad</strong></span> <span class='ocrx_word' id='word_1_349' title='bbox 329 3904 516 3970; x_wconf 87' lang='lat' dir='ltr'><strong>Timotheum</strong></span> <span class='ocrx_word' id='word_1_350' title='bbox 536 3907 668 3970; x_wconf 89' lang='lat' dir='ltr'><strong>scribens</strong></span> <span class='ocrx_word' id='word_1_351' title='bbox 685 3908 834 3993; x_wconf 84' lang='lat' dir='ltr'><strong>apostolus</strong></span> <span class='ocrx_word' id='word_1_352' title='bbox 858 3907 938 3974; x_wconf 89' lang='lat' dir='ltr'><strong>hisce</strong></span> <span class='ocrx_word' id='word_1_353' title='bbox 962 3909 1060 3972; x_wconf 86' lang='lat' dir='ltr'><strong>verbis</strong></span> <span class='ocrx_word' id='word_1_354' title='bbox 1084 3919 1228 3972; x_wconf 82' lang='lat' dir='ltr'><strong>testator:</strong></span> 
     </span>
     <span class='ocr_line' id='line_1_37' title="bbox 69 3999 1371 4093; baseline 0.002 -22"><span class='ocrx_word' id='word_1_355' title='bbox 69 4015 109 4072; x_wconf 78' lang='lat' dir='ltr'><strong>ttt</strong></span> <span class='ocrx_word' id='word_1_356' title='bbox 128 4011 207 4070; x_wconf 79' lang='lat' dir='ltr'><strong>scrire</strong></span> <span class='ocrx_word' id='word_1_357' title='bbox 222 4012 356 4089; x_wconf 85' lang='lat' dir='ltr'><strong>quomodo</strong></span> <span class='ocrx_word' id='word_1_358' title='bbox 379 3999 413 4070; x_wconf 45' lang='lat' dir='ltr'><strong>te¹</strong></span> <span class='ocrx_word' id='word_1_359' title='bbox 423 4021 552 4090; x_wconf 82' lang='lat' dir='ltr'><strong>oporteat</strong></span> <span class='ocrx_word' id='word_1_360' title='bbox 569 4015 598 4072; x_wconf 83' lang='lat' dir='ltr'><strong>in</strong></span> <span class='ocrx_word' id='word_1_361' title='bbox 615 4013 694 4071; x_wconf 75' lang='lat' dir='ltr'><strong>dom</strong></span> <span class='ocrx_word' id='word_1_362' title='bbox 715 4015 763 4072; x_wconf 86' lang='lat' dir='ltr'><strong>dei</strong></span> <span class='ocrx_word' id='word_1_363' title='bbox 777 4013 936 4084; x_wconf 80' lang='lat' dir='ltr'><strong>ambulare,</strong></span> <span class='ocrx_word' id='word_1_364' title='bbox 969 4033 1040 4093; x_wconf 85' lang='lat' dir='ltr'><strong>pune</strong></span> <span class='ocrx_word' id='word_1_365' title='bbox 1054 4025 1097 4074; x_wconf 84' lang='lat' dir='ltr'><strong>ert</strong></span> <span class='ocrx_word' id='word_1_366' title='bbox 1111 4016 1229 4075; x_wconf 84' lang='lat' dir='ltr'><strong>ecclesio</strong></span> <span class='ocrx_word' id='word_1_367' title='bbox 1243 4025 1371 4087; x_wconf 68' lang='lat' dir='ltr'><strong>trimus,</strong></span> 
     </span>
     <span class='ocr_line' id='line_1_38' title="bbox 64 4081 1382 4198; baseline 0.004 -24"><span class='ocrx_word' id='word_1_368' title='bbox 64 4117 117 4174; x_wconf 80' lang='lat' dir='ltr'><strong>dei</strong></span> <span class='ocrx_word' id='word_1_369' title='bbox 138 4115 210 4184; x_wconf 76' lang='lat' dir='ltr'><strong>coiri,</strong></span> <span class='ocrx_word' id='word_1_370' title='bbox 243 4113 372 4173; x_wconf 82' lang='lat' dir='ltr'><strong>columne</strong></span> <span class='ocrx_word' id='word_1_371' title='bbox 394 4124 424 4172; x_wconf 87' lang='lat' dir='ltr'><strong>et</strong></span> <span class='ocrx_word' id='word_1_372' title='bbox 432 4115 644 4192; x_wconf 68' lang='lat' dir='ltr'><strong>firmamentum</strong></span> <span class='ocrx_word' id='word_1_373' title='bbox 662 4119 806 4176; x_wconf 68' lang='lat' dir='ltr'><strong>emutatis.-</strong></span> <span class='ocrx_word' id='word_1_374' title='bbox 839 4119 927 4192; x_wconf 81' lang='lat' dir='ltr'><strong>Quom</strong></span> <span class='ocrx_word' id='word_1_375' title='bbox 943 4081 1382 4198; x_wconf 59' lang='lat' dir='ltr'><strong>mote·retmqeenesortiles.</strong></span> 
     </span>
     <span class='ocr_line' id='line_1_39' title="bbox 64 4215 1383 4301; baseline -0.003 -24"><span class='ocrx_word' id='word_1_376' title='bbox 64 4220 106 4277; x_wconf 87' lang='lat' dir='ltr'><strong>od</strong></span> <span class='ocrx_word' id='word_1_377' title='bbox 121 4215 242 4298; x_wconf 70' lang='lat' dir='ltr'><strong>scedulus</strong></span> <span class='ocrx_word' id='word_1_378' title='bbox 263 4226 293 4275; x_wconf 86' lang='lat' dir='ltr'><strong>et</strong></span> <span class='ocrx_word' id='word_1_379' title='bbox 309 4219 427 4296; x_wconf 80' lang='lat' dir='ltr'><strong>chephira</strong></span> <span class='ocrx_word' id='word_1_380' title='bbox 444 4219 635 4278; x_wconf 81' lang='lat' dir='ltr'><strong>diverterunt:</strong></span> <span class='ocrx_word' id='word_1_381' title='bbox 666 4219 937 4296; x_wconf 79' lang='lat' dir='ltr'><strong>Nonchtelh&#39;gentes</strong></span> <span class='ocrx_word' id='word_1_382' title='bbox 956 4239 1007 4280; x_wconf 87' lang='lat' dir='ltr'><strong>nee</strong></span> <span class='ocrx_word' id='word_1_383' title='bbox 1028 4240 1100 4301; x_wconf 85' lang='lat' dir='ltr'><strong>puae</strong></span> <span class='ocrx_word' id='word_1_384' title='bbox 1118 4223 1383 4294; x_wconf 83' lang='lat' dir='ltr'><strong>dt&#39;runt,1.&#39;ttm.t,t.</strong></span> 
     </span>
     <span class='ocr_line' id='line_1_40' title="bbox 64 4315 1384 4404; baseline -0.004 -24"><span class='ocrx_word' id='word_1_385' title='bbox 64 4339 120 4380; x_wconf 83' lang='lat' dir='ltr'><strong>nec</strong></span> <span class='ocrx_word' id='word_1_386' title='bbox 135 4319 173 4378; x_wconf 83' lang='lat' dir='ltr'><strong>de</strong></span> <span class='ocrx_word' id='word_1_387' title='bbox 186 4315 287 4398; x_wconf 78' lang='lat' dir='ltr'><strong>prabos</strong></span> <span class='ocrx_word' id='word_1_388' title='bbox 300 4317 458 4404; x_wconf 77' lang='lat' dir='ltr'><strong>offirmont:</strong></span> <span class='ocrx_word' id='word_1_389' title='bbox 481 4321 531 4382; x_wconf 78' lang='lat' dir='ltr'><strong>Eoo</strong></span> <span class='ocrx_word' id='word_1_390' title='bbox 544 4320 644 4400; x_wconf 78' lang='lat' dir='ltr'><strong>quibus</strong></span> <span class='ocrx_word' id='word_1_391' title='bbox 658 4331 703 4380; x_wconf 83' lang='lat' dir='ltr'><strong>est</strong></span> <span class='ocrx_word' id='word_1_392' title='bbox 714 4321 868 4400; x_wconf 76' lang='lat' dir='ltr'><strong>Phygellus</strong></span> <span class='ocrx_word' id='word_1_393' title='bbox 885 4332 914 4382; x_wconf 86' lang='lat' dir='ltr'><strong>et</strong></span> <span class='ocrx_word' id='word_1_394' title='bbox 926 4325 1126 4400; x_wconf 74' lang='lat' dir='ltr'><strong>Hermogenes.</strong></span> <span class='ocrx_word' id='word_1_395' title='bbox 1167 4318 1227 4386; x_wconf 88' lang='lat' dir='ltr'><strong>Sed</strong></span> <span class='ocrx_word' id='word_1_396' title='bbox 1236 4333 1384 4390; x_wconf 61' lang='lat' dir='ltr'><strong>tuomum.</strong></span> 
     </span>
    </p>
   </div>
   <div class='ocr_carea' id='block_1_3' title="bbox 64 4419 1231 4507">
    <p class='ocr_par' dir='ltr' id='par_1_4' title="bbox 64 4419 1231 4507">
     <span class='ocr_line' id='line_1_41' title="bbox 64 4419 1231 4507; baseline 0 -21"><span class='ocrx_word' id='word_1_397' title='bbox 64 4431 99 4486; x_wconf 87' lang='lat' dir='ltr'><strong>et</strong></span> <span class='ocrx_word' id='word_1_398' title='bbox 121 4419 155 4483; x_wconf 92' lang='lat' dir='ltr'><strong>in</strong></span> <span class='ocrx_word' id='word_1_399' title='bbox 172 4419 302 4483; x_wconf 83' lang='lat' dir='ltr'><strong>secunda</strong></span> <span class='ocrx_word' id='word_1_400' title='bbox 319 4420 442 4506; x_wconf 86' lang='lat' dir='ltr'><strong>epistola</strong></span> <span class='ocrx_word' id='word_1_401' title='bbox 459 4419 661 4507; x_wconf 86' lang='lat' dir='ltr'><strong>Hymenaeum</strong></span> <span class='ocrx_word' id='word_1_402' title='bbox 685 4443 720 4484; x_wconf 90' lang='lat' dir='ltr'><strong>ac</strong></span> <span class='ocrx_word' id='word_1_403' title='bbox 736 4419 881 4487; x_wconf 90' lang='lat' dir='ltr'><strong>Philetum</strong></span> <span class='ocrx_word' id='word_1_404' title='bbox 899 4423 1047 4488; x_wconf 84' lang='lat' dir='ltr'><strong>excidisse</strong></span> <span class='ocrx_word' id='word_1_405' title='bbox 1070 4447 1087 4488; x_wconf 90' lang='lat' dir='ltr'><strong>u</strong></span> <span class='ocrx_word' id='word_1_406' title='bbox 1105 4422 1231 4488; x_wconf 82' lang='lat' dir='ltr'><strong>veritate</strong></span> 
     </span>
    </p>
   </div>
   <div class='ocr_carea' id='block_1_4' title="bbox 101 4553 1089 4714">
    <p class='ocr_par' dir='ltr' id='par_1_5' title="bbox 101 4553 1089 4714">
     <span class='ocr_line' id='line_1_42' title="bbox 101 4553 1089 4626; baseline 0.003 -18"><span class='ocrx_word' id='word_1_407' title='bbox 101 4557 169 4608; x_wconf 71' lang='lat' dir='ltr'><strong>Cor.</strong></span> <span class='ocrx_word' id='word_1_408' title='bbox 182 4557 250 4610; x_wconf 82' lang='lat' dir='ltr'><strong>vttt.</strong></span> <span class='ocrx_word' id='word_1_409' title='bbox 265 4583 299 4598; x_wconf 92' lang='lat'><strong>-·</strong></span> <span class='ocrx_word' id='word_1_410' title='bbox 318 4555 340 4609; x_wconf 89' lang='lat' dir='ltr'><strong>l.</strong></span> <span class='ocrx_word' id='word_1_411' title='bbox 357 4559 537 4611; x_wconf 78' lang='lat' dir='ltr'><strong>Rercrtbrndunr</strong></span> <span class='ocrx_word' id='word_1_412' title='bbox 554 4559 655 4611; x_wconf 77' lang='lat' dir='ltr'><strong>arbitror</strong></span> <span class='ocrx_word' id='word_1_413' title='bbox 671 4553 734 4613; x_wconf 71' lang='grc' dir='ltr'><strong>ἀλλὰ</strong></span> <span class='ocrx_word' id='word_1_414' title='bbox 751 4561 793 4613; x_wconf 77' lang='grc' dir='ltr'><strong>δεῖ</strong></span> <span class='ocrx_word' id='word_1_415' title='bbox 807 4561 856 4626; x_wconf 85' lang='grc' dir='ltr'><strong>τῆς</strong></span> <span class='ocrx_word' id='word_1_416' title='bbox 872 4561 916 4613; x_wconf 80' lang='grc' dir='ltr'><strong>τοῦ</strong></span> <span class='ocrx_word' id='word_1_417' title='bbox 935 4558 1021 4626; x_wconf 76' lang='grc' dir='ltr'>κυρίου</span> <span class='ocrx_word' id='word_1_418' title='bbox 1039 4567 1089 4613; x_wconf 81' lang='lat' dir='ltr'><strong>cett.</strong></span> 
     </span>
     <span class='ocr_line' id='line_1_43' title="bbox 957 4647 1027 4714; baseline -0.014 0"><span class='ocrx_word' id='word_1_419' title='bbox 957 4650 997 4714; x_wconf 83' lang='lat'><strong>35</strong></span> <span class='ocrx_word' id='word_1_420' title='bbox 1010 4647 1027 4686; x_wconf 81' lang='lat'>*</span> 
     </span>
    </p>
   </div>
   <div class='ocr_carea' id='block_1_5' title="bbox 0 0 1510 5000">
    <p class='ocr_par' dir='ltr' id='par_1_6' title="bbox 0 0 1510 5000">
     <span class='ocr_line' id='line_1_44' title="bbox 0 0 1510 5000; baseline 0 0"><span class='ocrx_word' id='word_1_421' title='bbox 0 0 1510 5000; x_wconf 95' lang='lat' dir='ltr'><strong> </strong></span> 
     </span>
    </p>
   </div>
  </div>
 </body>
</html>
