3010 5000
279 213 341 278 474
701 227 822 280 ειοοοι
839 229 1006 281 τοιουτου

278 339 376 427 Ἰησοῦ
393 347 571 424 κεκομίσθαι
587 346 629 420 είς
645 348 805 423 τελείωσιν,
833 347 883 410 καί
905 342 1004 410 θτοῦί
1021 339 1096 410 είναι
1110 345 1178 430 περί
1195 337 1233 412 οῦ
1248 346 1334 428 λέγει,
1359 345 1408 408 Καί

281 443 347 509 ῦλλο
362 443 511 529 βάπτισμα
529 448 582 528 έγω
598 452 813 530 βαπτισθῆναι,
836 451 887 512 καί
903 447 982 512 πάνυ
998 450 1149 533 ἐπείγομαι
1165 451 1206 524 είς
1221 445 1302 514 αύτύ.
1340 444 1408 512 'Aua'

281 549 417 622 καὶτοῖς
440 551 516 624 υἱοῖς
541 553 700 631 Ζεβεδαίου
726 558 779 633 τῆς
800 548 909 636 μητρὸς
933 548 1031 615 αύτῶν
1052 549 1226 633 αίτυυμίνης
1252 548 1285 614 τύ
1306 554 1410 614 καθίσαι

282 647 391 724 αύτούς
406 652 439 714 ἐκ
453 653 557 727 δεξιῶν
573 653 648 716 7καί
665 650 824 739 ἀριστερῶν
838 650 898 735 μετ’
912 650 1003 718 αῦτοῦ
1020 654 1062 728 είς
1073 650 1128 735 τὴν
1142 655 1300 734 βασιλείαν,
1321 651 1411 732 ταύτην

281 761 453 837 προςθεῖναι
471 751 525 834 τήν
541 749 744 836 άπολῦτρωσιν
761 752 811 820 τδν
826 754 927 838 κύριον
941 756 1090 841 λέγουσιν,
1123 752 1257 833 εἰπόντα,
1290 751 1412 818 Δύνασθι

282 852 314 920 τύ
330 852 479 937 βάπτισμα
494 859 713 940 βαπτισθῆναι,
735 856 753 922 δ
769 856 826 942 ἐγῶ
844 859 934 940 μέλλω
952 860 1158 939 βαπτίζεσθαι;
1203 857 1264 920 Καί
1278 854 1329 922 τδν
1345 861 1414 919 Παῦ·

281 963 331 1022 λον
352 958 449 1040 ῥητῶς
465 955 613 1038 φάσκουσι
635 956 687 1041 τήν
709 961 742 1025 έν
759 966 878 1047 Χριστῷ
894 957 990 1042 Ἰησοῦ
1007 957 1210 1044 άπολύτρωσιν
1225 957 1360 1034 πολλάκις
1376 981 1414 1038 με»

281 1061 456 1142 μηνυκέναι,
486 1063 537 1124 καί
555 1057 629 1126 εἶναι
646 1059 754 1144 ταύτην
770 1061 824 1146 νῦν
842 1059 893 1127 ύττ’
908 1059 1006 1127 αύτῶν
1022 1067 1161 1137 ποικίλως
1177 1062 1227 1126 καί
1244 1057 1415 1144 άσυμφοίνος

282 1163 527 1248 παραδιδομέυην.

368 1368 410 1430 Οί
427 1368 481 1449 μέν
500 1366 557 1452 γάρ
579 1364 676 1433 αύτῶν
697 1374 845 1450 υνμφῶνα
863 1367 1125 1448 κατασκευάζουσι,
1155 1368 1208 1434 καί
1225 1369 1416 1452 μυσταγωγίαν

277 1469 443 1561 ἐπιτελοῦσι
464 1465 522 1550 μετ’
542 1467 723 1554 ίπιρρήσεῶν
741 1497 829 1536 τινων
844 1479 907 1546 τοῖς
922 1472 1146 1554 τελειουμένοις,
1168 1471 1216 1534 καί
1235 1467 1420 1552 πνεοματικδν

282 1569 377 1654 γάμον
394 1568 560 1650 φάσκουσιν
582 1568 656 1636 είναι
677 1569 709 1638 τά
732 1570 781 1637 ύπ’
798 1570 896 1638 αῦτῶν
913 1572 1082 1659 γινόμενον,
1112 1570 1187 1638 κατά
1205 1570 1259 1653 τὴν
1275 1569 1421 1655 ὁμοιότητα

283 1679 340 1738 τῶν
359 1670 420 1738 ῦνω
436 1679 602 1758 Συζυγιῶν·
635 1677 666 1739 οέ
685 1676 717 1739 δέ
736 1673 858 1760 ῦγουσιν
877 1672 925 1754 ἐφ’
940 1674 1038 1760 ῦδωρ,
1067 1677 1117 1740 καί
1135 1679 1323 1757 βαπτίζοντες
1337 1675 1422 1750 οῦτος

284 1777 478 1860 ἐπιλέγουσιν·
509 1779 565 1852 Εἰς
587 1773 681 1858 δ’νομα
702 1774 854 1862 άγνῶστου
874 1777 993 1860 Πατρός
1015 1785 1075 1842 τῶν
1095 1776 1186 1856 δ’λων,
1216 1780 1259 1854 είς
1277 1776 1423 1860 Ἀλήθειαν

284 1879 410 1962 Μητέρα
426 1876 558 1957 πάντων,
587 1881 629 1954 είς
644 1877 695 1945 τάν
708 1879 888 1944 κατελθόντα
903 1883 944 1956 είς
959 1878 1089 1963 Ἰησοῦν,
1121 1883 1164 1954 είς
1177 1881 1282 1946 ἕνωσιν
1295 1883 1346 1944 καλ
1359 1877 1424 1944 άτο·

282 1977 424 2064 λύτρωσιν
445 1983 495 2044 καλ
514 1985 670 2046 κοινωνίαν
687 1988 747 2046 τῶν
764 1980 926 2065 δυνάμεων.
963 1980 1063 2048 ’Ἄλλοι
1082 1985 1114 2048 δέ
1126 1979 1270 2066 Ἑβραϊκά
1285 2009 1349 2047 τινα
1366 1979 1423 2047 α’νύ-

283 2108 360 2162 ματα
380 2084 559 2168 ἐπιλέγουσι,
588 2081 664 2168 πρδς
683 2081 716 2149 τύ
735 2090 842 2166 μᾶλλον
859 2083 1102 2167 καταπλήξασθαι
1120 2081 1190 2158 τοῦς
1206 2085 1423 2166 τελειουμένονς,

284 2182 391 2260 οῦτως·
416 2184 543 2267 Βασεμά,
570 2184 743 2269 ΙΧαμοσσή,
767 2185 966 2271 θΒααιανορά,
989 2191 1153 2262 Μισταδία,
1174 2183 1311 2266 Ῥουαδά,
1335 2192 1424 2249 3Χου-

283 2283 351 2365 στά,
373 2285 533 2371 Βαβοφδρ,
558 2295 714 2371 Καλαγθεῑ.
762 2286 882 2354 Τούτων
896 2285 957 2371 δὀἱ
974 2290 1112 2372 ἑρμηνεία
1126 2290 1186 2354 ἐστὶ
1203 2287 1338 2370 τοιαύτη·
1358 2284 1424 2368 ύπὲρ

284 2393 383 2454 πᾶσαν
401 2388 528 2472 δύναμιν
543 2397 596 2456 τοῦ
610 2388 722 2473 πατρδς
736 2393 930 2473 ἐπικαλοῦμαι
945 2399 1012 2473 φῶς
1029 2389 1259 2473 ὀνομαζόμενον,
1280 2393 1334 2455 καί
1348 2395 1425 2454 πνεῦ-

162 2525 212 2570 m.
226 2515 270 2561 τεο.
285 2518 327 2572 μα
340 2488 470 2577 άγαθδν,
493 2495 544 2558 καὶ
558 2492 631 2576 ζωοί,
653 2493 699 2558 ὅτι
714 2495 745 2559 έν
761 2493 873 2576 σάματι
888 2496 1083 2578 ἐβασίλευσας.
1119 2490 1218 2558 ’Ἁλλοι
1234 2493 1266 2558 δέ
1279 2490 1366 2557 πάλιν
1379 2488 1426 2570 τὴν

283 2591 425 2677 λύτρωσιν
443 2596 623 2681 ἐπιλέγουσιν
641 2594 749 2672 οῦτως·
773 2593 805 2660 τά
824 2595 917 2678 ὄνομα
934 2595 966 2662 τά
983 2594 1246 2679 άποκεκρυμμένον
1263 2592 1323 2660 άπδ
1339 2592 1426 2672 πάσης

282 2694 426 2778 θεότητος
445 2699 496 2762 καλ
512 2697 685 2782 κυριότητος
706 2700 757 2762 καί
776 2695 932 2780 άληθείας,
962 2697 980 2763 δ’
999 2695 1154 2764 ἐνεδύσατο
1172 2693 1287 2778 Ἰησοῦς
1304 2693 1321 2760 ύ
1339 2701 1425 2770 Ναζα-

284 2796 373 2883 ρηνδς
387 2801 492 2876 ἐντοῖς
505 2806 657 2878 ζωαῖςτοῦ
671 2797 772 2882 φωτδς
785 2808 839 2865 τοῦ
854 2805 995 2886 Χριστοῦ,
1013 2806 1142 2885 Χριστοῦ
1155 2805 1262 2876 ζῶντος
1276 2795 1327 2862 διά
1342 2792 1427 2860 Πνεῦ

286 2926 378 2980 ματος
404 2898 489 2986 άγλου
517 2905 558 2978 είς
578 2901 720 2988 λύτρωσιν
741 2899 893 2987 άγγελικην
915 2901 1009 2985 ὄνομα
1036 2898 1068 2966 τύ
1098 2908 1149 2982 τῆς
1171 2897 1429 2970 άποκαταστάσεως

286 3007 438 3082 4Μεσσία,
465 3001 614 3089 Ούφαρέγ,
639 3002 894 3087 λΝαμεμψαιμῦν,
919 3007 1080 3077 Χαλδαίαν,
1105 3003 1325 3083 Μοσομηδαέα,
1350 2997 1431 3062 6’Λιι-

285 3107 413 3189 ιμραναλ,
449 3104 571 3184 Ψαούα,
600 3103 695 3188 Ἰησοῦ
720 3111 860 3191 Ναζαρία.
907 3109 968 3171 Καλ
988 3103 1100 3170 τούτων
1120 3105 1151 3169 δὲ
1175 3100 1196 3185 ἦ
1218 3105 1357 3186 ἑρμηνεία
1378 3098 1433 3166 ἐστὶ

284 3205 420 3288 τοιαύτη·
452 3205 518 3272 7οῦ
540 3212 645 3293 διαιρῶ
669 3206 701 3273 τύ
723 3215 839 3291 πνεῦμα
859 3208 914 3291 τήν
931 3211 1057 3292 καρδίαν
1076 3208 1126 3272 καί
1146 3203 1200 3288 τὴν
1218 3201 1435 3291 ύπερουράνιον

286 3306 421 3390 δύναμιν,
439 3307 493 3391 τήν
507 3311 688 3394 οἰκτίρμονα·
712 3307 837 3394 α’ναίμην
851 3318 905 3375 τοῦ
920 3307 1066 3391 ὀνόματός
1079 3331 1134 3374 σου
1150 3305 1258 3390 Σοοτήρ
1273 3305 1435 3388 Ἀληθείας.

288 3412 347 3475 Καί
368 3418 460 3476 ταῦτα
479 3413 531 3494 μέν
548 3415 728 3497 ἐπιλέγουσιν
746 3415 777 3476 οί
794 3409 879 3478 αῦτολ
898 3416 953 3478 ὀί
969 3417 1127 3486 τελοῦντες·
1158 3407 1177 3475 ά
1193 3409 1225 3474 δέ
1242 3408 1438 3490 τετελεσμένος

286 3509 490 3596 άποκρίνεται,
512 3511 716 3600 Ἐστήριγμαι,
738 3516 788 3580 καί
803 3513 996 3600 λελῦτρωμαι,
1019 3515 1070 3578 καλ
1087 3518 1250 3598 λυτροῦμαι
1267 3510 1323 3595 τήν
1338 3505 1438 3592 ψυχήν

286 3642 345 3696 μου
365 3613 424 3681 άπύ
444 3624 497 3682 τοῦ
514 3621 624 3692 αἰῶνος
637 3615 760 3695 τούτου,
791 3619 841 3682 καλ
857 3615 977 3682 πάντων
992 3622 1052 3680 τῶν
1068 3611 1137 3697 παρ’
1154 3611 1248 3679 αύτοῦ
1264 3617 1297 3680 ἐν
1315 3620 1356 3701 τῷ
1372 3606 1438 3676 σ’νύ·

287 3745 356 3799 ματι
370 3725 423 3784 τοῦ
437 3716 501 3784 Ἰαῶ
509 3771 518 3798 ,
541 3719 575 3794 ῦς
590 3718 770 3802 ἐλυτρύσατο
787 3716 841 3802 τήν
855 3717 955 3801 ψυχάν
969 3716 1061 3782 αῦτοῦ
1077 3718 1119 3792 είς
1133 3713 1339 3798 άπολύτρωσιν
1353 3715 1387 3778 ἐν
1399 3714 1438 3795 τῷ

289 3826 405 3906 Χριστῷ
425 3827 466 3910 τῷ
487 3828 578 3899 ζῶντι.
622 3818 687 3884 Εἶτ’
707 3822 888 3906 ἐπιλέγουσιν
910 3825 941 3884 οί
957 3817 1116 3904 παρόντες,
1147 3816 1263 3900 Είρήνη
1281 3822 1374 3882 πᾶσιν
1393 3807 1438 3890 ἐφ’

287 3921 341 3997 οῦς
357 3921 390 3987 τά
407 3921 500 4005 ῦνομα
516 3930 602 3988 τοῦτο
621 3922 869 3988 9ἐπαναπαύεται.
905 3919 1029 3988 Ἔπειτα
1045 3925 1194 4007 μυρίζουσι
1213 3917 1264 3986 τδν
1278 3913 1435 3996 τετελεσμέ-

288 4050 340 4091 νον
357 4033 399 4113 τρῦ
420 4023 486 4114 ὀπῷ
507 4031 548 4112 τῷ
576 4022 679 4089 1οάιτδ
699 4025 859 4109 βαλσάμου.
909 4023 947 4090 Τά
972 4021 1027 4111 γάρ
1051 4030 1146 4108 μῦρον
1167 4029 1255 4088 τοῦτο
1274 4020 1371 4086 τύπον
1387 4021 1437 4095 τῆς

320 4180 344 4234 6.
361 4175 431 4233 ταῦτ’
448 4183 499 4232 τοῦ.
517 4184 590 4231 ιἰπιλ.
910 4178 935 4230 3.
953 4177 1032 4232 κοντοὶ
1049 4181 1099 4230 τοῦ.
1110 4180 1209 4241 Rhodis.
1222 4185 1243 4228 ιι
1256 4181 1334 4229 Puris.
1348 4199 1382 4212 -
1401 4168 1435 4228 (ί-

320 4247 344 4300 7.
361 4248 405 4302 καλ
422 4247 450 4310 ἐξ
466 4244 603 4315 ἀριστερῶν
619 4250 670 4300 cod.
687 4251 761 4299 λἰοιι.
879 4251 907 4298 σι
922 4251 965 4299 λισο
977 4251 1136 4298 (λοοιίλαοτιιοι
1146 4249 1248 4308 formula
1259 4247 1391 4307 ιτλιτμτσλτε
1402 4233 1434 4284 ⁰¹¹

323 4315 381 4366 Οιε.
392 4317 466 4368 ΧΧΙ.
476 4345 509 4356 -
526 4315 547 4367 1.
560 4313 656 4386 γασιμτὶ
672 4319 845 4382 οοδιλθλιιιλλγ.
879 4319 999 4369 Irenaeum
1012 4318 1039 4379 1,
1055 4314 1105 4377 λλ,
1122 4313 1145 4366 3.

287 4388 309 4436 τί
325 4387 402 4435 Paris.
914 4380 938 4435 4.
957 4381 1050 4449 μοσσία
1066 4385 1118 4434 τοῦ.
1131 4384 1209 4433 Paris.

320 4455 345 4502 ¹2.
363 4450 511 4520 βααιανοορδ
524 4455 592 4505 codd.
605 4453 701 4518 Ηλισὶο.
715 4457 736 4504 τι
750 4455 828 4504 Paris.
914 4453 938 4504 5.
955 4447 1132 4520 νιμεμψαιμάι
1145 4452 1198 4502 eod.
1208 4450 1283 4502 Ροτίε.
