3010 5000
366 381 503 432 rnunurr
519 381 583 432 utu.
595 383 614 431 t.
632 381 712 434 rost.
726 382 769 432 ut.
787 381 885 432 uisu.
898 381 1023 432 xxxix.
1209 369 1269 432 525

115 497 304 582 procuravit,
339 499 424 583 eique
451 500 511 564 vim
538 523 620 566 suam
649 500 761 564 indidit.
814 497 941 564 Proinde
969 500 1015 564 vis
1038 499 1115 564 illius
1137 499 1270 584 superio·

114 600 159 663 ris
186 600 298 664 semina
323 602 461 686 quaedam
483 604 627 689 aspersit,
660 625 694 667 ac
717 601 871 667 scintillam
893 602 1029 681 immisit,
1061 622 1135 688 quae
1156 603 1190 664 ad
1211 601 1270 686 pri-

116 711 193 764 mam
214 702 291 766 illam
312 704 432 768 seminis
452 705 688 790 propagationem
708 703 1003 789 constitutionemque
1026 705 1108 790 lapsa
1129 705 1164 768 de
1187 704 1270 768 coelo

115 803 225 868 luerat.
278 802 373 888 Quam
398 807 512 891 quidem
536 808 665 872 iustitiae
689 806 925 871 constitutionem
949 828 983 870 ac
1007 807 1127 872 seminis
1151 807 1270 870 electio-

114 927 181 970 nem
202 907 293 971 luisse
312 907 440 987 iactant,
471 931 527 994 quo
545 911 694 994 utriusque
711 909 853 973 beneficio
869 909 1038 992 angelorum
1057 908 1137 972 vires
1153 920 1269 972 everte-

112 1019 234 1090 rentur,
258 1009 305 1094 qui
322 1022 352 1074 et
370 1012 503 1075 mundum
520 1011 753 1090 labricaveraut,
778 1023 809 1075 et
824 1013 897 1074 duos
914 1011 1045 1075 hornines
1063 1010 1146 1076 initio
1163 1012 1268 1095 produ·

111 1121 232 1174 xcrant.
279 1108 361 1194 Quas
383 1113 420 1176 ob
438 1135 558 1178 caussas
575 1112 658 1178 Setini
677 1135 771 1198 genus
788 1113 944 1198 separatim
964 1113 999 1176 cb
1018 1113 1067 1176 illa
1085 1113 1198 1196 origine
1217 1114 1267 1176 de·

112 1213 230 1276 ductum
248 1226 309 1296 cst,
333 1226 433 1301 utpote
450 1217 572 1279 electum
591 1227 620 1279 et
636 1216 672 1280 ab
688 1217 798 1300 reliqua
814 1215 906 1300 stirpe
920 1217 1094 1279 seiunctum.
1140 1211 1267 1298 Progre-

111 1316 259 1380 dieutibus
279 1317 417 1404 deinceps
439 1318 634 1404 temporibus,
667 1329 697 1381 et
716 1329 838 1402 utraque
855 1317 957 1382 sobole
975 1319 1004 1381 in
1023 1319 1110 1382 unum
1128 1317 1263 1394 conflata,

111 1417 168 1482 hcc
182 1430 228 1483 est
243 1416 338 1484 Caino
354 1431 384 1484 et
399 1420 494 1484 abeto
509 1420 751 1485 convenientibus
765 1421 949 1505 invicemque
963 1421 1120 1505 permistis,
1138 1418 1264 1483 omnium

109 1517 213 1585 Mater
231 1543 266 1585 ea
284 1543 317 1587 re
338 1523 541 1588 arrimadversa
560 1523 679 1606 generis
700 1522 816 1586 humani
835 1522 945 1586 semina
964 1523 1079 1607 integra
1098 1545 1132 1586 ac
1150 1523 1264 1586 sincera

111 1636 338 1709 repraesentare
355 1625 523 1703 constituit,
548 1647 630 1703 cum,
655 1627 696 1688 uti
714 1625 853 1704 diximus,
878 1625 955 1688 abet
972 1636 1052 1688 esset
1067 1625 1193 1689 occisus.
1231 1621 1265 1687 ln

111 1721 236 1790 Setltnm
255 1727 322 1790 illud
343 1727 467 1811 delegit,
500 1737 530 1791 et
548 1727 584 1790 cb
604 1727 684 1790 omui
703 1727 767 1790 labe
787 1747 887 1812 purum
905 1727 1043 1790 ostendit.
1089 1724 1123 1790 ln
1143 1748 1265 1811 cumque

110 1827 207 1891 solum
231 1829 369 1893 coelestis
390 1829 468 1892 illius
490 1830 536 1894 vis
558 1851 630 1893 suae
652 1851 687 1892 ac
709 1827 887 1894 sinceritatis
909 1849 1002 1913 genus
1024 1828 1153 1892 immisit.

157 2001 161 2006 ,
194 1929 324 1995 Rursum
339 1953 411 1996 vcro
429 1953 492 1996 cum
510 1931 703 2016 promiscuam
720 1930 967 2016 perturbationem
985 1941 1014 1994 et
1028 1931 1198 2014 attgelorcm
1214 1931 1264 1994 lto·
1285 1935 1401 2003 Cap-1¹1.

106 2032 277 2119 πιὶννινιννῳιό
293 2035 466 2099 temerarios
480 2035 604 2119 impetus
619 2044 772 2113 cerneret,
797 2034 872 2117 quod
889 2032 1040 2097 commista
1056 2033 1140 2098 simul
1155 2054 1264 2118 genera

105 2135 160 2199 illa
181 2137 237 2200 duc
261 2137 402 2218 luissent,
434 2159 490 2222 qua
514 2158 554 2200 cx
576 2137 749 2200 conlusione
771 2157 847 2200 nova
869 2136 1008 2219 quaedam
1032 2145 1134 2200 essent
1154 2155 1263 2220 genera

105 2239 283 2319 constituta,
315 2240 416 2303 endem
434 2240 483 2303 illa
502 2236 615 2303 Parcus
634 2239 741 2302 lerninc
758 2239 950 2323 progrediens
968 2259 1107 2322 aquarum
1128 2238 1263 2302 eluvione

106 2341 286 2406 contrariam
315 2363 429 2406 omnem
455 2341 611 2406 factionem
639 2340 768 2404 lunditcs
795 2340 942 2417 extinxit,
978 2350 1008 2404 ct
1034 2341 1201 2425 incorrupta
1228 2361 1263 2404 ac

105 2441 186 2506 iusta
208 2439 291 2507 Setbi
314 2444 402 2529 stirps
425 2445 460 2507 ad
484 2443 612 2507 coeleste
634 2463 727 2527 genus
749 2440 963 2526 scintillamque
985 2442 1112 2506 iustitiae
1135 2443 1264 2506 conllou-

106 2545 175 2608 dam
191 2545 220 2608 in
239 2545 325 2609 terris
342 2547 403 2610 sola
421 2546 610 2610 retineretur.
656 2542 767 2608 Verum
787 2544 860 2607 clam
877 2543 940 2629 ipso
953 2564 1058 2608 rursus
1071 2545 1167 2628 angeli
1186 2541 1263 2608 Clta-

106 2667 188 2710 mum
209 2667 225 2710 e
245 2667 355 2730 genere
375 2669 429 2712 suo
447 2657 618 2732 prognatum
637 2646 666 2710 in
685 2667 782 2710 arcam
803 2647 1001 2710 introducunt.
1046 2644 1124 2710 Nam
1142 2667 1182 2710 ex
1197 2659 1264 2710 octo

106 2748 252 2832 capitibus
276 2750 350 2830 illis,
384 2750 510 2834 quaein
535 2747 644 2814 Nodmi
672 2770 740 2814 arca
766 2758 883 2812 serrata
907 2748 1060 2834 leguntur,
1094 2747 1264 2812 sincerioris

104 2851 227 2935 generis
250 2862 370 2936 septena
391 2851 483 2916 luisse
505 2850 691 2937 praedicant,
725 2862 860 2915 octauum
883 2871 956 2914 vcro
979 2851 1096 2914 nomine
1120 2847 1262 2916 Chumum

105 2952 144 3014 ab
164 2953 259 3018 aliena
280 2955 308 3018 vi
329 2954 497 3038 productum
518 2953 637 3018 latuisse
657 2952 814 3016 coelestem
831 2949 978 3033 Matrem,
1014 2953 1089 3016 etin
1108 2973 1204 3016 arcam
1223 2951 1263 3015 ir·

103 3054 253 3138 repsisse,
285 3066 315 3117 et
333 3055 472 3140 idipsum
494 3056 664 3140 angelorum
683 3056 785 3120 lraude
806 3077 840 3118 ac
859 3055 983 3118 consilio
1001 3074 1068 3118 csse
1087 3056 1259 3139 perlectum.

107 3151 184 3220 Cum
201 3157 295 3235 cuim,
325 3167 357 3221 ut
373 3155 470 3235 aiunt,
501 3158 671 3222 didicissent
687 3157 728 3221 illi
746 3179 839 3242 genus
855 3177 941 3220 omne
956 3177 1041 3220 suum
1058 3155 1158 3220 diluvii
1177 3155 1260 3240 aquis

106 3259 379 3337 exterminandum,
404 3259 477 3322 mira
496 3259 671 3338 calliditate,
695 3281 752 3344 quo
771 3259 837 3322 moli
855 3259 992 3343 generis,
1025 3259 1108 3322 cuius
1126 3269 1261 3322 auctores

107 3370 210 3438 erant,
240 3361 378 3446 reliquias
397 3363 549 3440 loverent,
582 3359 724 3426 Chamum
743 3361 771 3425 in
791 3381 887 3425 arcam
905 3359 1064 3424 inculcant.
1110 3361 1136 3422 Α
1156 3382 1212 3445 quo
1230 3359 1259 3422 in

106 3463 264 3526 humanum
287 3485 380 3549 genus
401 3485 486 3528 error
507 3474 537 3528 ct
555 3463 664 3527 oblivio
682 3475 769 3548 atque
785 3463 995 3526 inconsiderati
1013 3462 1186 3544 llagitiorum
1207 3462 1261 3524 im·

107 3575 192 3650 petus
208 3575 238 3628 et
252 3566 395 3628 scelerum
412 3565 541 3630 varietas
562 3565 712 3651 multiplex
730 3565 758 3630 in
777 3565 875 3629 orbem
894 3576 1035 3650 terrarum
1054 3565 1158 3648 erupit.
1204 3563 1259 3627 At-

106 3687 163 3751 que
179 3667 218 3730 ita
235 3667 356 3731 mundus
373 3668 408 3731 ad
425 3669 577 3753 pristinam
595 3668 841 3753 perturbationem
859 3668 955 3731 denuc
973 3666 1122 3730 revolutus
1140 3665 1258 3750 perinde

106 3779 194 3852 atque
216 3779 283 3831 ante
305 3770 442 3834 dilucium
466 3769 606 3834 malornm
629 3769 711 3855 copia
735 3769 920 3833 redundarit.
967 3765 1105 3832 Ceterum
1129 3789 1145 3830 a
1166 3764 1259 3832 Setho

105 3869 276 3934 continuata
293 3873 411 3954 generis
428 3873 617 3936 successione
637 3869 719 3936 lesus
740 3871 877 3936 Christus
893 3871 1017 3956 prodiit,
1041 3891 1099 3933 non
1117 3870 1179 3954 ipse
1196 3869 1258 3953 qui-

105 3971 170 4034 dem
194 3973 312 4056 generis
336 3975 425 4058 stirpe
448 3985 638 4060 procreatus,
672 3975 723 4037 sed
746 3975 774 4037 in
797 3973 871 4037 ltcnc
895 3973 1030 4036 mundum
1051 3970 1260 4035 admirabiliter

104 4073 300 4138 introductus.
341 4072 420 4138 ldem
438 4076 514 4139 enim
531 4075 579 4160 qni
594 4075 651 4138 illis
668 4075 845 4160 temporibus
862 4071 971 4138 Setlrus
988 4074 1051 4153 luit,
1070 4074 1155 4138 modo
1172 4070 1258 4138 Chri·

105 4187 169 4240 stus
183 4176 344 4262 appellatus
357 4199 374 4240 a
389 4178 510 4242 coelesti
523 4175 672 4242 lllatre'dc
686 4177 769 4242 coelo
783 4177 888 4241 missus
901 4177 935 4240 ad
949 4177 1081 4240 homines
1094 4175 1255 4240 descendit.

191 4377 257 4444 lloc
274 4382 358 4445 modo
378 4382 418 4446 illi
438 4383 575 4447 universa
596 4393 738 4447 statuunt.
784 4379 896 4447 Verum
916 4401 1000 4465 quom
1020 4380 1141 4460 stolida,
1173 4401 1256 4465 quam
1276 4391 1334 4462 cap.
1349 4393 1392 4446 tv.

104 4532 217 4599 supernis
232 4532 330 4584 mimam
343 4534 369 4584 in
383 4534 488 4602 primam
500 4535 664 4588 deiectionem
732 4535 791 4585 Car.
809 4536 852 4585 lll.
878 4563 912 4574 —
939 4534 960 4584 l.
978 4531 1092 4601 γέννησιν
1116 4537 1166 4585 cccl.
1185 4535 1257 4586 Vutt'c.

104 4600 205 4652 seminia
222 4617 252 4652 ec
270 4601 461 4655 constitutionis.
698 4602 759 4672 γένη
776 4605 874 4667 culpato
890 4605 1006 4666 scriptura
1023 4609 1063 4654 ert.
