3010 5000
278 279 341 344 520
702 287 1010 343 ειαοτιιειειιικιι

279 411 340 488 καλ,
365 407 442 473 Οόαλ
458 404 496 473 δι’
511 399 548 474 οά
565 405 582 474 δ
597 406 663 484 υίδς
676 415 730 474 τοῦ
743 405 909 492 άνθρόπου
922 410 1127 490 παραδίδοται.
1166 403 1265 482 Αότδς
1278 403 1339 492 γάρ
1354 402 1433 472 '10¹5-

281 516 335 586 δας
354 511 420 595 περί
444 512 552 576 ἑαυτοῦ
574 509 607 576 τό
629 517 691 575 πᾶν
710 507 860 592 όπέφηνε,
889 512 940 575 καί
961 509 1015 592 τὴν
1037 517 1096 574 τῶν
1118 507 1317 576 ἐπαινούντων
1344 504 1435 572 αότδν

281 611 384 678 άνοιαν
399 615 449 677 καί
466 615 574 678 ἑαυτοῦ
588 611 719 697 ἤλεγξεν,
748 615 774 676 εί
788 614 838 678 καί
854 609 951 691 άκων,
980 608 1039 676 αλλ’
1052 610 1135 694 ὅμως
1148 609 1220 694 μετά
1233 610 1266 676 τό
1279 614 1388 694 λαβεῖν
1402 609 1434 675 τό

279 721 391 797 τίμημα
409 714 445 778 τά
460 713 618 800 τριάκοντα
636 713 776 801 άργόρια,
805 713 929 802 ὕστερον
948 715 1157 797 μεταμεληθεὶς
1172 715 1223 778 καί
1239 709 1435 795 άποστρέφιις

280 817 316 882 τά
331 815 472 902 άργόρια,
504 815 544 892 οἷς
560 815 652 884 κακόν
668 843 695 882 τι
711 815 883 902 πεπραχάς,
912 815 1005 882 κακόν
1018 817 1071 900 μέν
1086 818 1180 904 ἑαυτῷ
1188 865 1196 894 ,
1224 812 1318 880 κακόν
1335 815 1372 880 δέ
1387 817 1435 878 ιιαλ

281 929 341 995 τοῖς
363 917 574 1005 σταυροόσασιν.
618 917 651 983 Ὁ
673 920 705 984 δέ
725 918 830 1004 κάρτος
846 917 963 1004 άγαθδν
985 917 1021 984 δι’
1039 921 1145 984 ἑαυτοῦ
1159 921 1296 984 ἐπιτελῶν
1311 914 1391 999 ἡμῖν
1409 942 1434 981 τι

280 1024 330 1088 καλ
345 1029 385 1110 τῷ
402 1021 503 1110 κόσμῳ
520 1019 627 1088 έαυτόν
642 1024 867 1106 παραδέδωκεν,
895 1024 946 1086 ἰ’να
962 1023 1081 1107 γένηται
1094 1018 1167 1103 ἡμῖν
1183 1023 1317 1103 σωτηρία.
1358 1017 1435 1102 Ἀρι

280 1117 335 1190 οδν
349 1122 415 1207 οόγλ
430 1131 471 1214 τῷ
485 1123 589 1212 Ἰοόδιγ
605 1132 646 1213 τῷ
661 1122 793 1213 προδότη
809 1121 1011 1209 ὁμολογοῦμεν
1025 1121 1079 1206 τόν
1092 1121 1191 1206 χάριν,
1213 1119 1283 1186 άλλά
1297 1128 1341 1210 τρῑ
1359 1121 1434 1204 ἐλεόγ

280 1251 347 1310 μονι
362 1234 488 1309 σωτῆρι,
509 1233 551 1313 τῷ
567 1223 621 1310 τόγν
635 1224 735 1309 ψυχὴν
750 1228 833 1291 θέντι
847 1223 920 1309 άπίρ
935 1224 1021 1308 ἡμῶν
1037 1234 1096 1291 τῶν
1112 1228 1196 1290 ίδίων
1210 1222 1302 1288 αότοῦ
1317 1222 1434 1310 προβά-

280 1355 352 1410 των,
374 1329 481 1405 καθοός
496 1326 586 1404 αότός
604 1325 675 1394 εἷπε.
722 1333 795 1404 Πάς
810 1327 865 1413 γάρ
880 1325 1033 1411 όνομίσας
1047 1326 1165 1413 άγαθόν
1181 1327 1337 1393 ἐπιτελέσαι
1354 1326 1435 1391 ὕστε·

280 1457 334 1515 ρον
349 1431 423 1515 λέγει
440 1429 501 1508 ότι,
532 1431 796 1513 Μεταμεμέλημαι,
827 1429 1046 1515 παραδεδωκώς
1062 1427 1135 1513 αἷμα
1153 1427 1271 1506 άθοῐον,
1294 1431 1347 1494 καλ
1365 1427 1433 1494 άπέ·

280 1549 389 1617 στρειμε
402 1530 439 1596 τά
456 1530 582 1618 α’ργόρια
590 1583 598 1612 ,
620 1532 727 1609 καθιδς
740 1525 778 1615 ἦν
792 1535 860 1618 περί
874 1531 966 1600 αότοῦ
978 1534 1179 1620 γεγραμμένον
1194 1534 1226 1597 ἐν
1239 1540 1300 1606 τοῖς
1315 1532 1436 1616 κροφη

281 1661 359 1714 ταις,
383 1637 443 1698 Καί
460 1632 625 1720 άπέστρειμε
640 1635 712 1711 τοός
728 1633 884 1720 τριάκοντα
900 1632 1064 1722 άργόρους,
1085 1633 1139 1716 τόν
1154 1633 1241 1716 τιμήν
1254 1641 1306 1700 τοῦ
1320 1659 1436 1716 τετιμη

281 1739 372 1822 μένου
394 1735 475 1822 παρά
495 1745 556 1802 τῶν
577 1741 652 1802 υἱῶν
668 1735 800 1823 Ἰσραήλ·
828 1739 878 1802 καλ
898 1736 986 1803 πάλιν
1005 1739 1036 1803 ἐν
1054 1735 1128 1825 άλλρι
1145 1735 1300 1826 προφητη,
1331 1740 1378 1799 El
1397 1741 1434 1801 δί-

281 1838 367 1906 καιόν
386 1841 463 1905 έστιν
480 1838 566 1922 όμῐν,
598 1838 665 1906 δότε
683 1838 734 1906 τόν
751 1838 863 1923 μισθόν
880 1865 953 1923 μου,
983 1838 1004 1923 ἢ
1018 1838 1198 1905 άπείπασθε·
1227 1841 1277 1903 καί
1297 1835 1388 1903 πάλιν
1408 1841 1436 1904 ἐν

282 1939 357 2030 άλλρι
375 1941 543 2030 προφήτῃ,Ι
565 1945 625 2007 Καί
643 1946 757 2009 ἐδωκαν
775 1940 808 2008 τό
827 1941 968 2028 άργόριον
984 1940 1038 2026 τὴν
1054 1939 1144 2024 τιμὴν
1159 1946 1213 2006 τοῦ
1230 1942 1434 2022 τετιμημένου,

281 2041 431 2124 καλεῖτε,
464 2043 568 2119 Κάθες
585 2042 656 2110 αότδ
675 2043 765 2121 εέςτδ
784 2043 996 2131 χωνευτήριον,
1024 2041 1363 2126 ίδεείδόκιμόνέστιτ,
1396 2040 1434 2118 τός

283 2147 486 2230 ἐδοκιμάσθην
510 2143 594 2212 λόπδ
616 2153 675 2212 τῶν
693 2150 767 2212 υίῶν
787 2145 915 2233 Ἰσραήλ.

146 2265 213 2333 Κεφ.
229 2262 263 2332 η’.
367 2251 428 2313 Καὶ
443 2246 523 2314 πόσα
537 2251 614 2315 ἐστίν
629 2247 688 2314 άπό
704 2257 757 2331 τῆς
772 2253 859 2325 θείας
872 2257 991 2335 γραφῆς
1005 2249 1150 2334 συλλέγειν
1164 2250 1233 2332 περί
1249 2255 1310 2313 τοῖν
1325 2255 1433 2314 τελειω-

163 2361 214 2406 ¹¹⁸⁸·
226 2349 271 2392 ²⁸³·
284 2353 401 2417 θέντων
419 2354 450 2416 ἕν
462 2359 502 2440 τῷ
518 2355 610 2440 κυρίῳ
627 2348 727 2434 ἡμῶν,
750 2349 787 2416 οδ
803 2350 879 2416 κατά
895 2350 949 2433 τὴν
961 2349 1065 2418 Ἰοόδα
1080 2349 1157 2436 πρδς
1172 2350 1206 2416 τό
1224 2348 1343 2436 άγαθόν
1356 2353 1433 2435 ένέρ·

283 2477 379 2540 γειαν,
407 2451 479 2517 άλλά
501 2453 576 2518 κατά
597 2452 650 2536 τὴν
671 2462 724 2520 τοῦ
742 2461 875 2538 σωτῆρος
892 2450 977 2536 ἡμῶν
995 2456 1045 2520 καλ
1061 2458 1168 2538 κυρίου
1183 2452 1286 2536 Ἰησοῦ
1305 2459 1434 2538 Χριστοῦ

282 2563 336 2620 τοῦ
351 2562 427 2620 θεοῦ
442 2552 516 2640 δττέρ
533 2553 633 2638 ημῶν,
664 2554 700 2622 ον’
714 2556 790 2622 κατά
805 2554 952 2642 άνάγκην,
983 2555 1053 2621 άλλά
1068 2559 1100 2622 ἐκ
1115 2559 1313 2642 προαιρέσεως
1328 2558 1432 2621 ἐαυτοῦ
1492 2641 1493 2650 ¹

283 2657 472 2741 παράδοσιν,
501 2660 552 2722 καί
573 2661 746 2740 οἰκονομίαν
763 2665 817 2723 τοῦ
834 2666 979 2744 σταυροῦ,
1011 2656 1086 2744 όπέρ
1104 2666 1158 2742 τῆς
1174 2657 1259 2742 ἡμῶν
1275 2663 1433 2742 σωτηρίαςς

289 2756 366 2824 Οίδα
384 2760 417 2823 δέ
438 2763 480 2836 εἰς
500 2759 595 2825 πολόν
616 2761 705 2846 όγκον
724 2759 804 2846 άγων
822 2759 875 2836 τάς
893 2765 1070 2846 μαρτυρίας,
1099 2758 1140 2837 σός
1156 2762 1230 2847 λέγει
1246 2761 1338 2827 πάλιν
1352 2761 1434 2836 άλλος

285 2859 450 2945 προφήτης,
468 2863 604 2928 Γευέσθω
618 2860 639 2946 ἦ
651 2865 771 2938 έπαυλις
783 2860 877 2928 αότοῦ
890 2865 1009 2947 έρημος,
1030 2865 1082 2928 καλ
1096 2861 1150 2946 τὴν
1166 2863 1331 2946 ἐπισκοπὴν
1344 2863 1432 2929 αότοῦ

283 2963 368 3047 λάβοι
384 2967 494 3048 έτερος·
515 2963 550 3040 δς
563 2963 679 3048 πρηνὴς
694 2963 849 3050 γενόμενος
867 2964 987 3048 έλάκησε
1003 2967 1108 3047 μέσος,
1132 2967 1183 3030 καί
1199 2965 1323 3049 ἐξεχύθη
1338 2965 1430 3032 πάντα

283 3065 320 3131 τά
342 3065 510 3149 1σπλάγχνα
525 3065 626 3132 αότοῦ.
659 3069 720 3132 Καλ
734 3065 766 3132 τό
785 3069 877 3152 πέρας
893 3065 1001 3158 άγχόνη
1020 3065 1203 3153 χρησάμενος
1218 3070 1307 3146 ἔδειξε
1322 3067 1356 3133 τό
1373 3075 1431 3131 πᾶν

284 3177 337 3251 τῆς
350 3167 441 3233 αὐτοῦ
454 3173 600 3252 σωτηρίας
613 3171 754 3248 διολέσας,
771 3176 813 3258 τῷ
826 3173 974 3234 διαπεσεῖν
986 3177 1040 3252 τῆς
1054 3172 1170 3245 ἐλπίδος
1185 3169 1260 3234 κατά
1273 3170 1329 3253 τήν
1341 3169 1432 3235 αότοῦ

284 3269 409 3338 άτακτον
428 3271 478 3334 καλ
495 3279 629 3355 προπετῆ
650 3271 726 3338 κατά
744 3279 799 3337 τοῦ
817 3271 964 3337 δεσπότου
981 3269 1075 3337 αότοῦ
1094 3271 1253 3355 ἐπιβουλὴν
1268 3275 1319 3339 καί
1338 3275 1431 3339 ένειιεν

285 3375 479 3458 φιλαργυρίας
496 3369 540 3438 ἐπ’
555 3371 761 3456 άρνησιθείαν·
793 3371 833 3450 σάς
849 3376 901 3438 καλ
919 3378 952 3440 οί
965 3372 1123 3440 άπόστολοι
1139 3372 1201 3440 ἄντ’
1215 3373 1309 3442 αόταῦ
1327 3379 1367 3452 είς
1380 3375 1431 3440 τόν

286 3473 384 3540 νότιόν
400 3471 533 3558 άριθμόν
550 3481 695 3542 Ματθίαν
711 3477 907 3559 κατέστησαν,
929 3478 1074 3563 λέγοντες,
1095 3474 1160 3558 Ἀφ’
1177 3469 1214 3543 οδ
1231 3481 1345 3564 παρέβη
1356 3476 1430 3542 Ἰοόι

285 3582 340 3654 δας
361 3574 501 3642 άπελθεῑν
522 3579 564 3653 είς
584 3575 637 3643 τδυ
658 3577 750 3644 τόπον
771 3577 823 3644 τόν
842 3583 927 3645 ἴδιον.
973 3586 1069 3646 Ποῖον
1084 3578 1123 3662 δὴ
1140 3586 1263 3660 τοῦτον,
1292 3577 1349 3646 ἄλλ’
1362 3578 1381 3662 ἢ
1395 3579 1430 3643 δν

286 3677 457 3763 άπεφὴνατο
481 3677 561 3769 αὐτῷ
583 3678 601 3746 ό
621 3680 717 3766 σωτὴρ
738 3683 829 3766 λέγων
850 3679 897 3747 ότι
918 3682 996 3746 ἐστίν
1015 3679 1081 3758 υίδς
1101 3680 1247 3760 άπωλεέας
1264 3686 1338 3749 ἔνθα
1354 3685 1430 3764 έσχετ

286 3779 351 3847 άντί
372 3786 489 3867 μερίδος
509 3787 626 3869 μερίδα,
656 3785 706 3848 καί
724 3781 791 3848 άντλ
809 3786 973 3868 ἐπισκοπῆς
990 3781 1184 3868 άποστολικῆς
1205 3784 1260 3852 τόν
1274 3785 1363 3852 τόπον
1378 3789 1429 3866 τῆς

286 3881 438 3960 άπωλείας.

373 4091 448 4173 Περὶ
463 4087 570 4155 τούτου
588 4090 621 4154 δέ
636 4093 744 4166 ίκανῶς
758 4092 831 4173 ἐχειν
844 4091 881 4158 τά
897 4093 1035 4175 είρημένα
1049 4095 1223 4174 νομίσαντες
1237 4097 1361 4176 καθεξῆς
1373 4089 1424 4155 πά-

250 4259 252 4266 .
286 4198 331 4256 λιν
350 4189 397 4274 ἐφ’
419 4193 519 4277 έτέραν
538 4195 644 4274 λ’ωμεν,
675 4185 883 4280 ιδάγαπητοί,
916 4193 977 4260 ’τά
998 4194 1099 4262 σκολιά
1118 4193 1207 4260 πάλιν
1229 4197 1280 4261 καλ
1298 4191 1426 4280 θηριόδη

319 4329 344 4382 3.
360 4324 409 4383 άπδ
426 4333 477 4382 cod.
494 4333 567 4382 λἀίὶο.
880 4329 965 4404 ίαβέλτ
983 4333 1104 4402 δήγματα
1120 4337 1172 4386 ενδ.
1190 4337 1263 4387 Vana.
1296 4332 1326 4390 τδ
1343 4329 1425 4387 σκόλια

323 4395 380 4448 cn.
393 4399 458 4449 Vm.
471 4427 503 4438 -
523 4402 543 4450 1.
563 4397 691 4470 σπλάγχνα
708 4403 759 4452 cod.
772 4404 845 4454 λἰιίίο.
879 4401 924 4456 καλ
936 4399 1023 4472 λοβάλα
1035 4401 1180 4470 διδάγματα
1192 4406 1310 4466 edme-
1330 4399 1357 4456 τά
1367 4399 1425 4452 σειό-

289 4463 470 4550 έγκαταινιιίρο
486 4471 597 4548 ιαίμγιιιιι
614 4475 653 4519 ιιι.
880 4471 921 4522 λια
938 4470 981 4523 καλ
998 4467 1114 4536 δηριόδη
1131 4464 1275 4538 διδάγματα
1290 4471 1331 4524 καί
1346 4467 1425 4536 ίσβέλα

323 4537 348 4585 2.
364 4549 396 4587 τα
413 4533 503 4588 σκόλια
518 4537 590 4589 παλιν
608 4535 651 4590 καλ
668 4532 785 4604 θηριώδη
803 4535 847 4592 καί
879 4540 930 4590 cod.
944 4541 1041 4602 θλιδὶς.
1074 4537 1107 4594 τὰ
1124 4535 1215 4594 σκόλια
1233 4538 1303 4594 πάλιν
1324 4535 1363 4590 ul
1377 4535 1424 4601 δη
