2986 4996
278 288 413 342 sautum
432 287 508 342 ΜΝ.
525 287 695 340 HAERESES
713 289 776 340 utu.
789 289 807 338 t.
826 287 906 341 TObi.
921 289 939 338 Ι.
1142 277 1182 338 75

59 409 202 472 summatim
215 407 413 494 perstringere
428 407 497 471 licet
511 428 600 494 pauco
615 407 714 470 dicere
729 406 847 470 minime
861 405 1059 491 gravabimur.
1083 403 1181 472 Muni-

57 513 118 572 irste
139 510 232 594 itaque
253 511 386 574 domiuus
411 509 534 572 subinde
552 507 653 594 Moysi
680 508 768 584 dicit,
798 513 902 571 Adduo
925 513 995 571 mebi
1012 514 1040 572 in
1059 523 1333 585 incommutatum.

57 615 130 672 LXX
138 617 274 686 mrbus,
298 624 329 674 et
341 616 475 692 mmmm
491 616 526 673 de
540 616 643 692 aperito
661 623 725 684 tuo,
749 622 778 672 et
792 615 821 672 aiu
837 615 902 672 a'llos
914 613 1057 696 effundunt
1066 657 1075 687 ,
1098 626 1183 696 utque

57 718 126 774 tidem
142 717 246 776 cambo
262 716 317 776 tibi
326 725 420 776 munt.
466 709 513 776 De
533 713 679 776 ultonem
699 711 740 774 uti
757 733 1020 795 cognosceremus,
1044 724 1128 798 puter
1142 716 1183 780 ita

57 813 184 898 loquitur:
214 818 511 878 Fuceiuauusdeemieena
531 818 571 876 ud
593 819 741 894 baugueri
765 825 794 874 et
814 817 1021 876 aa'ruib'tudaiuem
1042 828 1177 879 cosmum.
1193 831 1251 878 oen.
1264 833 1285 889 1,
1297 833 1331 878 as.

54 915 130 1000 tuqui
144 938 204 980 voa
218 917 284 997 ieta,
303 921 462 990 saeuum,
479 935 538 978 nou
556 936 643 978 uuum
659 916 801 978 duntaxat
817 915 973 999 significet.
1005 913 1090 996 item,
1105 922 1183 980 Pluu't

53 1020 162 1078 dommus
175 1021 358 1080 uiaSodomum
372 1020 589 1078 etGomorrbum
605 1022 697 1096 mamm
714 1029 742 1078 et
756 1019 876 1096 sulphur
888 1039 907 1078 o
920 1021 1029 1080 domtiao
1039 1023 1073 1080 de
1088 1025 1174 1083 coelo.
1191 1034 1289 1092 (teuta,
1299 1036 1331 1082 at

55 1115 126 1200 Quod
140 1129 236 1183 autem
253 1120 287 1182 ad
306 1119 462 1204 propbetas
479 1117 594 1198 uttiuet,
610 1128 759 1202 postquum
771 1114 964 1182 samaritanis
980 1118 1182 1205 quiuqueMo-

53 1219 86 1282 sis
101 1221 242 1284 volumino
258 1221 366 1284 trudita
377 1230 456 1298 sunt,
471 1219 623 1304 scripturis
638 1219 758 1304 reliquis
774 1240 954 1304 nequaquem
969 1221 1084 1284 assensi
1100 1235 1179 1302 suut,

53 1321 93 1382 sed
108 1333 222 1406 praeter
239 1321 287 1385 itta
303 1319 429 1406 quicque
446 1331 564 1384 caetera
583 1330 831 1407 contempserunt.
877 1317 963 1403 Quod
980 1321 1006 1384 si
1021 1323 1084 1406 quis
1106 1324 1181 1390 aiios

53 1421 169 1502 obiiciat,
193 1423 284 1486 veluti
304 1421 447 1486 Doridem
466 1435 515 1486 rut
530 1419 654 1502 lsaium,
678 1434 708 1485 et
724 1423 870 1507 reliquos,
895 1433 1002 1506 negent
1017 1443 1050 1487 se
1066 1443 1117 1488 eos
1132 1427 1182 1488 ad·

53 1525 161 1602 mittere,
186 1533 274 1608 atque
289 1524 326 1587 iis
343 1544 418 1608 quoe
434 1544 451 1586 a
466 1523 625 1588 maioribus
641 1524 704 1588 suis
717 1535 893 1609 acceperuut
908 1524 1097 1610 pertinaciter
1111 1525 1182 1588 iusi·

52 1634 126 1688 stunt.
149 1625 301 1690 Hactenus
320 1635 422 1690 contra
434 1621 635 1690 Samaritanus
651 1647 669 1690 u
685 1626 768 1690 nobis
785 1627 961 1712 disputatum
977 1635 1034 1706 est,
1051 1627 1181 1713 adeoque

52 1728 151 1807 prucis,
173 1748 214 1793 ne
229 1728 346 1812 lougius
362 1747 445 1811 quum
464 1727 588 1792 instituti
606 1726 681 1792 ratio
700 1729 756 1790 sert
770 1748 935 1792 sermonem
953 1727 1158 1814 producamus.
1214 1779 1216 1790 .

313 2151 565 2228 CONTRA
607 2151 904 2230 ESSENOS.

135 2289 225 2386 Quae
254 2297 306 2362 est
329 2289 435 2385 primu
462 2287 743 2362 Samaritanorum
769 2295 877 2388 secta,
905 2289 1020 2364 ordine
1037 2291 1081 2366 X.

119 2437 255 2523 Quatuor
281 2439 399 2503 omuino
427 2439 457 2500 in
489 2450 586 2502 sectas
615 2435 792 2503 Samaritani
823 2440 968 2504 distributi
993 2454 1072 2506 sunt.
1118 2441 1177 2527 Qui
1208 2454 1267 2523 Cup.
1286 2458 1306 2510 t.

52 2559 102 2602 cun
118 2543 216 2606 eadem
236 2562 337 2604 seeum
362 2540 487 2604 invicem
505 2541 634 2604 sentiant
651 2542 686 2604 de
704 2541 941 2621 circumcisione,
965 2543 1086 2607 sabbato
1101 2544 1181 2609 utiis-

51 2661 94 2721 que
111 2643 172 2726 lege
189 2643 398 2730 praescriptis,
423 2641 521 2726 puceis
538 2653 633 2706 tumen
655 2643 685 2705 in
711 2641 799 2705 rebus
823 2642 908 2706 trium
924 2643 1056 2728 singulae
1078 2665 1095 2708 a
1111 2645 1181 2709 reli-

51 2742 265 2823 quisditiernut.
304 2742 382 2808 Num
400 2741 561 2808 Dositbcos
583 2743 663 2808 solos
688 2743 817 2827 excipio.
858 2739 944 2825 Quod
968 2745 1044 2809 euim
1067 2747 1103 2808 ud
1122 2745 1180 2810 Es·

51 2861 124 2909 sunus
142 2857 274 2932 spectat,
306 2846 326 2909 ii
343 2845 421 2909 nulla
447 2866 480 2908 re
501 2844 707 2931 praetermisso
729 2845 851 2930 primum
873 2845 1035 2909 institutum
1050 2848 1179 2912 retinue-

50 2957 114 3008 runt.
156 2945 324 3012 Secundum
341 2945 396 3010 bos
416 2943 560 3012 Gortbeui
578 2969 595 3010 u
610 2967 643 3009 sc
660 2957 760 3009 mutuo
782 2946 894 3010 levibus
912 2945 948 3008 de
965 2947 1077 3010 caussis
1094 2969 1179 3033 sepa-

50 3047 94 3107 rati
109 3059 190 3128 suut,
216 3069 282 3112 euru
302 3049 410 3133 exiguo
426 3047 566 3133 quaedam
583 3048 785 3111 controversis
808 3047 886 3111 iuter
902 3047 981 3133 ipsos
995 3048 1179 3113 intercessis-

50 3157 100 3225 ttd,
121 3149 173 3216 boc
187 3161 233 3214 est
249 3151 329 3214 iuter
346 3147 516 3228 Sebuueos,
540 3148 673 3213 Essenos
688 3160 718 3212 et
737 3147 917 3213 Gortbouos.
962 3147 1046 3232 Quae
1062 3162 1180 3215 contro-

50 3251 132 3316 verna
154 3253 210 3316 tuit
235 3251 388 3315 eiusmodi.
434 3247 508 3316 Cum
530 3251 581 3314 lex
598 3252 724 3335 undique
744 3248 867 3314 ludaeos
886 3249 1092 3336 Hierosolyma
1109 3264 1331 3325 oon-Excusare

50 3347 124 3416 dcere
143 3354 270 3429 iuberet,
293 3353 378 3436 idque
394 3352 486 3416 tribus
505 3353 573 3416 unni
589 3353 777 3438 temporibus,
802 3351 936 3416 nimirum
953 3352 983 3414 in
995 3333 1314 3460 Azymorum'uffioess'·

51 3451 127 3533 desto,
149 3453 329 3520 Pentecoste
354 3476 389 3518 ac
407 3451 607 3538 scenopegia,
642 3473 764 3538 cumque
786 3475 838 3539 per
861 3450 998 3518 luducunu
1022 3477 1057 3518 uo
1076 3453 1179 3520 Samu-

50 3549 109 3618 tiam
126 3554 225 3622 ludaei
242 3557 366 3642 sparsim
381 3555 556 3634 babitarent,
580 3555 730 3618 accidebat
745 3554 840 3640 utqui
856 3553 1091 3642 Hierosolymam
1107 3579 1178 3622 con·

75 3803 96 3858 6.
111 3825 137 3862 ru
152 3809 197 3864 καὶ
215 3813 266 3863 cod.
283 3813 339 3862 Vsu.
658 3809 698 3862 12.
715 3813 752 3862 lto
766 3811 906 3862 uodt'enet.
932 3808 1068 3876 Γορθηνῶν
1080 3813 1179 3873 uutpotu

75 3873 95 3924 7.
110 3879 139 3928 tu
161 3884 224 3930 entus
247 3882 347 3930 muttum
366 3893 383 3928 o
404 3881 499 3943 retiquts
522 3881 590 3943 dipe-
622 3881 738 3940 scriptume
759 3885 807 3941 est,
829 3893 901 3940 worn
916 3881 1007 3940 poesim
1024 3881 1074 3942 s'pse
1089 3893 1179 3944 qunque

47 3947 99 3992 emt.
623 3946 721 3996 Venetus
736 3947 793 3996 tuber
808 3949 917 4008 sequitur.

74 4009 94 4060 11
111 4010 206 4079 muca
222 4016 275 4066 eod.
292 4017 347 4066 Vua.
658 4011 697 4064 13.
715 4011 845 4066 ἐκέλευσεν
861 4015 912 4064 cod.
932 4015 1007 4064 Veuet

53 4075 183 4156 ρ111111α
211 4083 247 4151 uqi
278 4077 367 4150 nupsit-p
392 4075 482 4149 ἀγωγῇ
510 4078 589 4147 pubis
658 4075 697 4132 tt.
715 4084 781 4131 fleme
803 4083 945 4134 omnum:
971 4081 1023 4130 Lex
1042 4077 1178 4160 preacipie-

47 4145 246 4217 umpumutpm
275 4153 301 4201 tn
322 4151 374 4200 cod.
400 4151 481 4200 Veneto
502 4153 589 4200 omimu
622 4148 667 4200 but
690 4147 792 4200 induem
814 4149 970 4216 undiquaque
991 4164 1134 4214 congregem
1151 4149 1178 4200 in

46 4219 97 4262 Mb
622 4217 797 4296 Hierosolyma
811 4233 901 4284 saepe,
928 4227 954 4266 et
970 4215 1115 4281 praesertim
1128 4215 1177 4266 tri-

564 4280 572 4298 Ι

74 4281 108 4330 111
125 4281 190 4349 pseud
210 4281 271 4344 ruti<
286 4281 452 4350 roputqsote.
486 4284 588 4404 buppu-
622 4285 667 4336 bus
688 4302 746 4335 annu
769 4283 923 4351 temporibus
945 4287 995 4336 cett.
1013 4285 1124 4335 Petouiua
1139 4287 1178 4336 ‹tt-

47 4359 110 4428 ηραν
129 4355 180 4402 cnut
200 4355 276 4404 tenuat
310 4355 384 4404 Reae.
418 4355 491 4416 Vutpu
543 4349 588 4406 ετά
621 4357 716 4405 meets.-
739 4347 911 4420 Ἱεροσόλυμα.
936 4349 1055 4412 πολλάκις
1072 4349 1117 4420 putu
1134 4341 1177 4406 edu

47 4423 131 4478 summ
144 4419 169 4472 Γ
169 4419 272 4486 manunt
285 4417 445 4487 διιφωὶνησαν
462 4426 512 4473 cett.
620 4427 671 4473 cett.
704 4424 839 4484 Perperene.

75 4484 360 4554 lutmiorum
