3018 4994
319 345 381 408 434
740 353 860 405 εκαοτι
877 351 1044 405 εειεειιαιι

318 472 385 556 τήν,
416 469 457 549 ῶς
473 469 575 554 νύμφη
591 471 762 552 ἐκδεχομένη
779 469 831 535 τόν
847 473 976 552 νυμφίον
991 471 1111 552 έαυτής,
1140 473 1191 534 ἵνα
1207 472 1259 558 ἐση
1276 468 1294 536 δ
1312 469 1387 555 ἐμοῦ,
1413 472 1453 534 καλ

318 572 374 660 ἐγτύ
398 575 416 640 δ
436 573 481 638 σύ.
527 577 720 658 Καθίδρυσον
745 575 776 637 ἐν
798 579 839 662 τῷ
859 575 999 654 ννμφῶνί
1019 594 1075 637 σου
1097 569 1129 638 τό
1147 573 1263 654 σπέρμα
1283 580 1338 638 τοῦ
1356 571 1451 654 φωτός.

317 676 402 759 Λύβε
420 673 488 760 παρ’
505 678 577 758 ἐμοῦ
597 673 647 740 τδν
664 679 809 756 νυμφίον,
838 676 889 739 καί
907 673 1041 758 χώρησον
1057 672 1162 752 αύτόν,
1191 676 1242 738 καί
1260 675 1454 760 χαιρήθητιέν

317 776 405 866 αύτῷ.
446 775 523 842 Ἰδού
543 775 564 862 ή
584 775 668 860 χύρις
685 785 829 859 κατῆλθεν
851 778 900 842 ἐπί
921 799 960 842 σε.
996 775 1133 854 ’Ἁνοιξον
1153 775 1186 841 τό
1204 775 1299 858 στόμα
1318 801 1389 857 σου,
1414 778 1453 841 καὶ

315 879 532 965 προφήτευσον,
580 887 639 961 Τής
653 879 685 943 δέ
699 876 839 964 γυναικός
853 875 1095 960 ἀποκριναμένης,
1121 876 1167 944 Οῦ
1183 877 1391 962 προεφήτευσε
1404 875 1454 944 πύ-

315 1009 396 1062 ποτε,
419 984 469 1048 καί
485 980 540 1048 ούκ
554 978 622 1046 οίδα
636 979 842 1064 προφητεύειν,
865 979 1030 1062 ἐπικλήσεις
1044 979 1126 1056 τιντίς
1140 979 1330 1063 ποιούμενος,
1354 985 1385 1048 ἐκ
1399 986 1451 1046 διν

314 1087 401 1170 τέρου
418 1088 460 1161 είς
475 1083 656 1165 κατύπληξιν
670 1089 722 1164 τῆς
739 1079 933 1165 ύπατωμένης
951 1085 1042 1164 φησίν
1056 1081 1146 1172 αύτή,
1166 1081 1306 1161 ’Ἀνοιξον
1321 1083 1356 1150 τό
1372 1083 1454 1164 στόμα

314 1211 384 1266 σου,
415 1187 540 1269 λύλησον
563 1184 610 1250 ὅτι
632 1184 758 1268 δήποτε,
787 1187 838 1250 καλ
858 1184 1060 1268 προφητεύεις.
1102 1182 1139 1249 Ἡ
1158 1186 1190 1250 δέ
1208 1186 1451 1269 χαυνωθεῑσακαί

312 1299 506 1371 κεπφωθείσα
525 1285 584 1354 ύπδ
604 1295 665 1352 τῶν
683 1288 916 1373 προειρημένων,
950 1291 1203 1369 διαθερμανθεῐσα
1219 1286 1272 1370 τήν
1287 1287 1390 1374 ψυχήν
1403 1285 1452 1353 ύπδ

312 1400 367 1474 τῆς
381 1395 560 1478 προςδοκίας
575 1397 628 1455 τοῦ
643 1391 751 1471 μέλλειν
765 1387 857 1471 αύτήν
873 1387 1080 1475 προφητεύειν,
1103 1397 1155 1472 τῆς
1168 1395 1293 1474 καρδίας
1307 1393 1397 1458 πλέον
1409 1397 1451 1454 τοῦ

313 1497 431 1570 δέοντος
448 1491 627 1574 παλλούσης,
657 1489 808 1579 ιίποτολμςῖ
825 1499 920 1556 λαλεῖν
938 1490 1071 1576 ληρῶδη,
1099 1495 1148 1557 καί
1170 1491 1207 1558 τύ
1225 1493 1351 1576 τυχόντα
1368 1493 1451 1558 πίττα

311 1605 404 1674 κενῶς
421 1598 471 1662 καί
489 1601 655 1678 τολμηρῶς,
677 1593 726 1658 ῦτε
743 1591 802 1659 ύπδ
821 1601 907 1658 κενοῦ
931 1595 1195 1680 ιιτεθερμαμμίνη
1212 1595 1381 1678 πνεύματος
1398 1608 1451 1670 (κα-

310 1696 377 1774 θιύς
393 1695 410 1763 ό
424 1703 566 1782 κρείσσων
582 1694 665 1778 ήμῶν
681 1699 739 1778 ἐφη
756 1697 898 1779 περὶτῶν
914 1695 1070 1775 τοιούτων,
1093 1695 1138 1762 ὅτι
1154 1695 1300 1780 τολμηρόν
1316 1701 1367 1764 καί
1382 1696 1451 1763 κίναι-

312 1801 360 1877 δές
377 1799 458 1883 ψυχή
473 1807 548 1888 κενῷ
564 1797 627 1884 α’ίρι
644 1800 889 1884 θερμαινομένη),
912 1799 962 1863 καί
977 1796 1036 1862 οίπδ
1050 1797 1157 1864 τούτου
1172 1797 1277 1865 λοιπόν
1292 1801 1451 1884 προφήτιδτ

312 1901 420 1985 ἑαυτήν
440 1911 472 1948 ¹²
482 1899 702 1984 μεταλαμβάνει,
718 1904 769 1964 καὶ
784 1897 944 1983 εύχαριστεῑ
955 1898 1075 1989 Μύρκφ
1090 1909 1130 1990 τῷ
1143 1899 1308 1967 ἐπιδιδόναι
1321 1911 1373 1985 τῆς
1386 1905 1450 1974 ίδίας

310 2003 427 2089 χάριτος
443 2002 536 2094 αύτή,
558 2006 609 2068 καί
624 2001 797 2084 ἀμείβεσθαι
812 1999 903 2068 αῦτόν
919 2009 1069 2085 πειρᾶται,
1092 2001 1128 2068 ού
1141 2003 1233 2086 μόνον
1246 2003 1324 2069 καττί
1338 2005 1389 2087 τήν
1401 2011 1449 2068 τῶν

310 2103 503 2188 ύπαρχόντων
515 2105 607 2184 δόσιν,
631 2104 704 2171 ὅθεν
716 2106 767 2169 καὶ
780 2103 937 2190 χρημάτων
949 2112 1066 2186 πλῆθος
1081 2104 1157 2170 πολύ
1170 2105 1372 2190 συνενήνοχεν,
1389 2102 1449 2170 ἄλλο’

309 2210 361 2272 καί
374 2205 447 2272 κατύ
462 2205 516 2289 τήν
531 2214 584 2272 τοῦ
599 2206 732 2290 σώματος
748 2211 915 2286 κοινωνίαν,
936 2206 1010 2271 κακοί
1026 2205 1123 2272 πύντα
1136 2209 1280 2273 ένοῦσθαι
1295 2207 1374 2297 αύτῷ
1388 2231 1446 2290 προ·

290 2311 503 2399 θυμουμένη,
525 2313 576 2375 ἵνα
593 2308 648 2374 σύν
665 2306 745 2396 αύτῷ
764 2311 892 2398 κατέλθῃ
911 2311 952 2384 είς
967 2307 1000 2374 τύ
1017 2311 1056 2374 έν.
1092 2308 1170 2392 Ἤδη
1188 2311 1220 2375 δέ
1235 2318 1296 2375 τῶν
1315 2309 1447 2390 ηκρατί·

188 2449 238 2497 μς.
252 2437 297 2482 τοι.
311 2439 372 2498 ρων
391 2412 465 2487 τινές
485 2419 633 2496 γυναικοῖν
650 2417 709 2476 τῶν
726 2413 854 2494 ἐχουσῶν
871 2409 924 2476 τόν
943 2410 1041 2493 φόβου
1058 2419 1113 2477 τοῦ
1127 2420 1204 2477 θεοῦ
1222 2414 1273 2477 καί
1292 2411 1333 2496 μή
1352 2414 1444 2489 ἐξαπτ-
1492 2439 1493 2500 η

308 2519 469 2597 τηθεισῶν,
502 2511 538 2589 ῦς
556 2510 665 2596 δμοίως
681 2522 745 2590 ταῖς
762 2523 880 2588 λοιπαῖς
898 2513 1071 2597 ἐπετήδευσε
1087 2517 1302 2598 παραπείθειν,
1332 2513 1445 2580 κελεύειν
1491 2525 1492 2572 λ

307 2615 411 2692 αύταῐς
429 2613 642 2699 προφητεύειν,
673 2617 723 2680 καί
741 2613 986 2698 καταφυσήσασαι
1006 2618 1056 2680 καὶ
1071 2621 1341 2697 καταθεματίαασατ
1363 2611 1443 2680 αύτόν

309 2721 510 2803 ἐχωρίσθησαν
531 2723 583 2782 τοῦ
603 2717 739 2782 τοιούτου
756 2715 883 2796 θιύσου,
918 2714 1050 2804 οἲκριβῶς
1067 2721 1174 2784 εἰδυῖαι
1196 2719 1242 2783 δτι
1259 2715 1442 2802 προφητεύειν
1488 2749 1489 2785 ι

307 2818 362 2902 ούχ
378 2817 438 2884 ύπό
456 2818 589 2904 Μύρκου
605 2827 657 2884 τοῦ
675 2818 770 2904 μύγου
788 2821 926 2904 ἐγγίνεται
945 2829 1007 2896 τοῖς
1023 2819 1211 2906 οίνθροίποις,
1242 2819 1302 2884 ἄλλ’
1319 2813 1441 2896 οίςᾶνύ
1487 2821 1488 2857 ¹

305 2919 379 2998 θεύς
397 2920 515 2986 ύνωθεν
532 2923 685 3011 έπιττέμφη
701 2920 754 3003 τήν
770 2919 853 3005 χοίριν
868 2919 976 3002 αύτοῦ,
1004 2914 1087 2988 οῦτοι
1104 2921 1267 2998 θεύςδοτον
1285 2927 1381 3006 έχουσι
1396 2917 1440 3000 τήν

307 3029 503 3106 προφητείαν,
534 3025 585 3088 καλ
605 3022 670 3088 τότε
686 3031 823 3088 λαλοῦσιν
844 3026 921 3088 ἔνθα
942 3026 993 3088 καὶ
1013 3020 1102 3089 όπότε
1122 3022 1196 3100 Θεός
1213 3023 1366 3106 βούλεται,
1392 3017 1439 3088 ἑλέ
1484 3027 1485 3074 ί

307 3124 360 3208 ούχ
382 3125 430 3190 ὅτε
448 3125 576 3210 Μύρκος
592 3123 705 3191 κελεύει,
757 3124 795 3190 Τό
818 3123 874 3210 γύρ
892 3133 1013 3190 κελεῦον
1029 3135 1083 3192 τοῦ
1099 3129 1292 3208 κελευομένου
1311 3125 1401 3210 μεῖζόν
1415 3147 1437 3186 τε

306 3229 355 3292 καί
372 3225 566 3314 κυριιύτερον,
588 3229 651 3292 ἐπεὶ
670 3227 700 3292 τό
719 3215 771 3309 μέν
788 3236 972 3312 προηγεῖται,
1001 3226 1032 3293 τό
1052 3229 1084 3293 δέ
1096 3225 1300 3295 ύποτέτακται
1345 3233 1385 3294 Et
1394 3218 1437 3292 οῦν

307 3327 436 3413 Μύρκος
450 3330 502 3410 μέν
516 3327 634 3408 κελεύει,
655 3327 676 3411 ή
691 3327 775 3404 ύλλος
788 3355 831 3404 τις
845 3327 896 3405 (ῶς
911 3329 1052 3394 είιύθασιν
1068 3332 1116 3396 ἐπλ
1131 3341 1193 3406 τοῖς
1206 3334 1340 3410 δείπνοις
1358 3333 1436 3394 Ητοῦ

305 3430 416 3516 κλήρου
432 3423 515 3496 οῦτοι
536 3428 658 3496 πύντοτε
677 3436 788 3509 παίζειν
808 3434 859 3496 καί
875 3430 1009 3514 οίλλήλοις
1026 3432 1256 3517 ἐγκελεύεσθαι),
1284 3433 1321 3500 τό
1339 3455 1434 3516 προφη-

304 3535 413 3613 τεύειν,
442 3535 490 3597 καί
514 3531 588 3618 πρός
609 3531 661 3608 τός
683 3536 760 3608 ἰδίας
778 3535 939 3615 ἐπιθυμίας
956 3535 1072 3609 ἐαυτοῖς
1089 3534 1304 3617 μαντεύεσθαι,
1334 3527 1435 3602 ίστιιιᾶ

306 3633 430 3700 κελεύων
445 3641 547 3718 μείζων
560 3661 589 3699 τε
603 3639 655 3699 καί
668 3635 843 3720 κυριώτερος
858 3643 911 3702 τοῦ
926 3643 1111 3720 προφητικοῦ
1124 3635 1309 3720 πνεύματος,
1332 3637 1433 3718 ῦνθριε

305 3763 361 3812 πος
377 3735 429 3816 ιδν,
448 3736 521 3822 ὅπερ
535 3735 688 3802 ιίδύνατον.
724 3735 806 3800 Ἀλλύ
821 3747 942 3804 τοιαῦτα
957 3737 1130 3821 κελευόμενα
1146 3735 1197 3803 τίετ’
1209 3738 1309 3806 αύτῶν
1323 3739 1433 3819 πνεύμα-

303 3865 354 3919 τα,
386 3841 437 3905 καί
452 3847 591 3904 λαλοῦντα
608 3836 696 3904 όπότε
712 3839 866 3922 βούλονται
883 3839 985 3919 αύτοὶ,
1016 3843 1164 3924 ἐπίσαθρα
1182 3843 1233 3906 καλ
1248 3841 1364 3928 οίδρανή
1377 3845 1432 3908 έσελ,

303 3938 433 4024 τολμηροί
450 3942 481 4006 δέ
496 3943 547 4006 καλ
561 3937 666 4024 α’ναιδή
683 3937 741 4005 ύπό
758 3949 809 4007 τοῦ
825 3949 945 4008 Σατανᾶ
964 3941 1167 4026 ἐκπεμπόμενα
1182 3941 1259 4028 πρός
1273 3943 1431 4022 ἐξαπάτησεν

303 4045 355 4108 καί
369 4041 514 4108 ιίπαίλειαν
529 4050 589 4108 τῶν
602 4043 643 4125 μή
660 4041 780 4109 εύτονον
795 4043 849 4126 τήν
862 4049 973 4124 πίστιν,
995 4043 1033 4128 ήν
1047 4042 1095 4110 ἄπ’
1112 4043 1202 4130 οίρχής
1215 4044 1267 4110 διαί
1282 4055 1334 4130 τῆς
1347 4049 1428 4122 ἐκκλη-

304 4149 368 4222 σίας
387 4147 568 4231 παρέλαβον,
589 4143 806 4226 φυλασσόντων.

305 4303 378 4350 Sume
396 4301 500 4366 primum
520 4307 569 4352 τελλ.
610 4305 647 4352 λδ
669 4299 858 4369 ἐγκαταστῆσαι
927 4303 965 4354 12.
979 4305 1062 4354 Βίλλλαε
1074 4309 1094 4353 ιι
1105 4305 1214 4355 Ριλουίντ
1226 4307 1368 4356 cmm!
1379 4293 1427 4350 ’ἕνα

302 4371 404 4431 ι’κλτλλτςι
421 4367 448 4422 τί
467 4367 582 4436 μέγεθος.
891 4367 1020 4440 λαμβάνει
1046 4373 1139 4421 Mallem
1152 4367 1345 4438 καταλαμβίνει.
1367 4371 1425 4420 λεία·

340 4439 377 4488 λλ.
392 4437 586 4504 τεθερμαμμένη
602 4440 652 4488 cod.
666 4441 739 4490 λἀλλο.
772 4441 859 4503 τιδιρ·
891 4442 922 4488 im
935 4444 985 4490 τελλ.
997 4443 1106 4489 librorum
1119 4443 1254 4490 οιιτιοττλαιι
1265 4445 1352 4490 sermm
1362 4449 1425 4502 μετα·

304 4502 404 4570 μαμλιη
419 4507 472 4556 edit.
486 4510 562 4568 ρτλοο.
594 4505 784 4574 τελερμαομέιη
804 4510 858 4559 κοιλ.
891 4504 1012 4575 λαμβάνει
1030 4509 1166 4569 interpretor
1184 4505 1207 4556 in
1225 4505 1365 4574 μτορλιειλλι
1380 4515 1424 4578 τιμε

302 4570 385 4622 Peleu.
892 4585 1035 4637 commutat,
1046 4575 1081 4626 νκλ
1090 4571 1240 4642 propheti&
1249 4589 1305 4626 εεεε
1313 4571 1423 4634 intentat
