2984 4996
272 255 333 320 07ss
691 265 996 324 εευοτιτετεεεκευι

356 385 447 468 β’καλ
461 383 499 464 λζ
517 383 603 469 Σλγάλ.
646 385 703 453 Διδ
716 388 805 474 λέγει,
818 385 933 475 Ἔγειρε
952 383 971 454 ά
989 391 1165 471 καθεύδων,
1188 390 1284 456 υκαὶ
1307 387 1426 456 Men

274 489 308 554 ἐκ
329 495 389 552 τῶν
409 495 536 571 νεκρῶν,
558 491 609 554 καλ
631 489 788 572 ἐπιφαύσει
808 511 855 556 σοι
876 488 895 556 o‘
913 494 1049 577 Χριστός.

358 588 385 672 β’
400 591 451 655 καλ
467 589 506 668 l(
516 588 627 676 Ἕλεγχ.
673 591 778 659 Πόθεν
800 601 840 682 τῷ
861 591 1014 683 άποστάλφ
1032 593 1064 661 τά
1084 593 1139 660 Διύ
1164 597 1213 660 καλ
1236 595 1329 681 λέγει,
1352 594 1423 660 ἄλλά

270 689 334 758 άπύ
351 699 403 775 τῆς
417 699 544 768 παλαιᾶς
561 697 651 777 δῆλον
666 693 830 778 διαθήκηςς
850 703 938 762 ταῦτα
954 697 987 762 δέ
1004 699 1158 783 ἐμφέρεται
1174 695 1255 783 παρά
1272 704 1313 787 τῷ
1331 695 1422 786 Ἠλίᾳ.

275 792 373 861 πάθεν
387 794 419 859 δέ
437 792 546 880 άρμάτο
566 793 711 876 άἩλίας;
733 795 803 862 άλλά
820 795 862 874 εές
878 790 918 881 ήν
932 805 992 865 τῶν
1007 807 1187 885 προφητῶν,
1209 806 1268 865 τῶν
1283 797 1362 865 κατά
1376 801 1423 866 τά·

277 921 333 982 μον
355 900 620 980 πεπολιτευμένων,
649 897 708 964 άπά
732 899 827 982 νόμου
848 903 898 968 καὶ
921 907 1086 988 προφητῶν
1103 899 1283 988 άρμῶμενος.
1330 905 1375 966 El
1392 904 1422 967 δέ

277 1003 310 1067 έν
326 1006 443 1090 Χριστῷ
462 999 662 1085 προεφήτευσε
677 1000 725 1081 τύ,
739 999 856 1089 Ἔγειρε
874 1001 892 1068 0‘
908 1003 1081 1085 καθεύδων,
1102 1007 1154 1071 καλ
1173 1002 1285 1070 άνάστα
1306 1007 1340 1070 ἐκ
1364 1011 1421 1070 τῶν

276 1110 403 1187 νεκρῶν,
429 1104 480 1168 καλ
503 1102 659 1184 ἐπιφαύσει
684 1125 732 1170 σοι
754 1102 773 1171 ά
794 1103 936 1192 Χριστδς,
964 1099 1023 1193 άρά
1043 1133 1076 1194 γε
1099 1106 1133 1173 τά
1153 1109 1353 1192 πρωτότοκον
1374 1105 1422 1172 διά

277 1204 417 1289 Λαζάρου
431 1206 480 1270 καλ
500 1211 559 1271 τῶν
574 1204 668 1271 άλλων
684 1206 886 1294 ἐπεπλήρωτο·
907 1211 975 1294 περλ
997 1201 1040 1275 ῶν
1062 1213 1093 1274 ολ
1114 1207 1251 1275 wadre&
1273 1205 1420 1292 άμφέβαλ-

278 1316 344 1388 λον,
367 1305 486 1394 Μάρθα
510 1309 559 1373 καλ
581 1313 687 1396 Μαρία
693 1361 703 1389 ,
724 1312 872 1396 λέγουσαι,
891 1309 970 1394 Ἤδη
990 1309 1048 1390 ὄζει
1055 1364 1064 1393 ,
1085 1311 1255 1399 τεταρταῖάς
1277 1313 1352 1377 ἐστι·
1374 1314 1421 1376 καὶ

279 1417 338 1476 τῶν
359 1416 413 1475 τοῦ
434 1407 673 1498 άρχισυναγῶγου
695 1411 837 1498 λεγόντων
844 1465 852 1492 ,
876 1414 994 1496 Μηκέτι
1011 1413 1143 1480 σκάλλετε
1163 1413 1215 1480 τῶν
1237 1413 1420 1491 διδάσκαλον,

278 1515 328 1578 καλ
345 1510 436 1578 αὐτοῦ
451 1517 601 1599 λέγοντος,
624 1513 682 1598 Μή
701 1519 854 1598 φοβεῖσθε,
877 1513 913 1582 ού
930 1515 985 1602 γάρ
1003 1515 1165 1596 άπέθανεν,
1186 1514 1258 1582 άλλά
1274 1519 1420 1582 καθεύδει

281 1621 395 1696 Σαφῶς
419 1614 475 1702 γάρ
500 1618 596 1682 ἔκτοτε
618 1615 651 1682 τά
676 1615 813 1704 κήρυγμα
835 1615 929 1684 ἐκάλει
953 1617 1112 1686 ἀνάστασιν
1139 1617 1189 1685 διά
1211 1623 1343 1705 Χριστοῦ
1365 1621 1420 1684 ἔσε-

281 1729 367 1785 σθαι·
388 1719 440 1784 καλ
458 1717 491 1784 τύ
510 1717 726 1796 ἐξουσιαστικδν
746 1727 798 1803 τῆς
820 1704 963 1806 εάχερεέάς
986 1719 1188 1801 άπεδεέκνυεν,
1209 1725 1260 1788 ἵνα
1280 1719 1315 1787 τύ
1337 1725 1419 1787 δυνα-

281 1821 332 1888 τδν
348 1829 401 1887 τοῦ
418 1827 549 1906 Χριστοῦ
562 1818 716 1912 ύπαδελξη,
739 1821 784 1888 δτι
800 1820 843 1900 ῶς
859 1829 900 1911 τῷ
915 1819 1068 1914 άνθρῶπφ
1086 1822 1211 1910 εὐχερές,
1234 1823 1272 1890 ού
1286 1823 1337 1890 τάν
1351 1823 1419 1890 τέττα»

281 1923 428 2004 θανόντα,
459 1922 529 1988 άλλά
552 1923 604 1989 τύν
627 1923 815 1990 καθεύδοντα
843 1923 894 1990 διά
918 1933 1021 2010 φωνῆς
1045 1929 1168 2013 ἐγεῖραι,
1198 1925 1295 2003 οὕτως
1312 1929 1362 1992 καλ
1382 1933 1419 2014 τῷ

287 2035 403 2116 Χριστῷ
419 2020 458 2110 ήν
473 2025 643 2108 ἐτοιμάτατα
658 2026 690 2093 τά
707 2030 812 2107 εἰπεῖν,
835 2027 953 2115 Λάζαρε
968 2032 1058 2114 δεῦρο
1080 2031 1151 2108 ἐξω,
1173 2032 1224 2094 καλ
1240 2027 1292 2109 τύ,
1314 2031 1418 2110 Κουμλ,

283 2132 374 2213 κουμλ
395 2127 518 2208 ταλνθά,
539 2131 687 2195 τουτέστιν
708 2127 868 2214 Ἀνάστηθι
891 2128 912 2213 ή
937 2140 1020 2208 παῖς·
1053 2133 1147 2198 οικαλ
1169 2129 1206 2198 δι’
1230 2124 1273 2198 ῶν
1294 2135 1419 2218 ἐναργῶν

284 2229 459 2310 άποδεέξεων
481 2230 623 2316 ἐσήμανεν
646 2229 664 2298 δ
685 2231 770 2318 λόγος
794 2231 848 2316 τήν
869 2231 954 2317 ήμῶν
976 2241 1093 2318 κτῆσιν,
1118 2232 1176 2300 άπδ
1200 2242 1314 2321 νεκρῶν
1333 2237 1419 2319 ἐργαι

285 2337 336 2401 καὶ
352 2333 449 2401 ύπνοο
464 2335 578 2419 βαρέως
595 2331 678 2417 ήμῶν
693 2341 753 2400 τῶν
769 2359 839 2402 ποτε
854 2335 1065 2402 καθευδόντων
1081 2335 1267 2423 άνεγεέροντα
1286 2336 1337 2404 τάν
1356 2343 1418 2420 Χρι-

285 2435 354 2503 στύν
370 2438 421 2502 καλ
440 2435 489 2502 διά
506 2445 561 2520 τῆς
575 2436 703 2519 κλήσεως
718 2443 879 2519 φωτίζοντα
897 2435 990 2522 ήμάς·
1012 2437 1078 2521 ἥτις
1096 2441 1197 2526 γέγονε
1216 2441 1337 2526 διεπέρα
1353 2437 1418 2519 τύνη

285 2541 387 2624 σχέσις.
436 2538 475 2605 Τά
499 2540 531 2604 δέ
549 2541 656 2605 τέλειον
671 2541 722 2605 καλ
737 2541 901 2607 καθολικάν
925 2539 1184 2628 προςδοκῶμενοτ,
1207 2539 1315 2608 ὅτανά
1339 2538 1418 2615 αάιδς

287 2639 305 2708 ά
325 2645 430 2729 λέγων,
449 2639 525 2728 Ἐγῶ
544 2644 601 2724 εἰμι
620 2639 642 2725 ή
662 2639 833 2722 άνάστασις,
860 2642 974 2720 πάντας
995 2646 1101 2734 καλέση
1122 2647 1173 2709 καλ
1196 2645 1295 2733 έγεέρη
1316 2643 1416 2726 σῶμστι

159 2799 170 2830 ,
287 2748 337 2811 καλ
354 2751 452 2836 ψυχή,
475 2746 525 2810 καλ
539 2749 653 2835 φωτέση
669 2747 702 2810 έν
718 2751 754 2836 τῇ
771 2743 863 2812 αύτοῦ
880 2744 1021 2837 μελλούσῃ
1037 2751 1193 2835 παροασλρι.

372 3052 398 3140 γ’
416 3055 466 3119 καλ
483 3055 527 3136 λη’
542 3052 628 3137 Σγάλ.
670 3051 748 3120 Ἀντλ
766 3051 916 3119 ο’τούτου
934 3058 1102 3137 καταλείψει
1123 3052 1288 3142 ἅνθρωπος
1302 3051 1352 3119 τάν
1370 3075 1415 3115 τι·

289 3157 358 3241 τέρα
375 3153 467 3222 αύτοῶ
489 3157 539 3221 καλ
556 3153 610 3238 τήν
628 3159 753 3242 μητέρα,
774 3157 826 3221 καλ
842 3156 1050 3240 κολληθήσεται
1070 3183 1107 3246 τη
1124 3159 1257 3244 γονααιλ,
1278 3157 1327 3222 καλ
1348 3157 1415 3220 έσον-

289 3285 337 3325 ται
358 3263 390 3325 ολ
408 3257 463 3324 δύο
486 3261 528 3334 εἰς
548 3255 642 3347 σάρκα
663 3264 746 3343 μίαν,
768 3258 849 3342 παρά
870 3257 920 3337 τά,
946 3265 989 3350 Ἰῇ
1009 3264 1133 3345 γυναικί.

373 3360 398 3448 γ’
416 3364 467 3428 καὶ
484 3360 528 3444 λη’
540 3360 650 3448 Ἐλεγχ.
692 3359 908 3428 Ἀποδέδεικται
928 3359 1066 3438 πολλάκις
1083 3359 1124 3445 μή
1145 3359 1280 3446 άλλάτρισ
1301 3357 1370 3426 εἶναι
1387 3355 1415 3422 τά

166 3497 217 3548 m.
229 3485 274 3534 m
291 3467 323 3531 έν
344 3472 386 3554 τῷ
406 3464 489 3556 νάμρο
509 3475 571 3542 τοῖς
593 3462 652 3531 άπύ
677 3471 731 3530 τοῦ
752 3461 917 3531 άποστάλου
939 3466 1174 3548 διδασκομένοις,
1200 3461 1259 3529 κάν
1280 3489 1310 3530 τε
1330 3451 1414 3540 τελῶ

292 3572 449 3654 Μαρκίων,
471 3567 652 3657 παρακάφης
667 3565 700 3633 τά
718 3571 848 3633 Γυναικέ.
889 3563 961 3633 ’Am'
978 3572 1032 3633 τοῦ
1045 3566 1112 3654 γάρ,
1125 3565 1267 3634 Ἔσονται
1282 3569 1323 3644 εές
1334 3563 1414 3648 σάρτσ

292 3675 376 3756 μέαν,
398 3668 471 3754 δήλη
492 3691 547 3736 σου
569 3673 649 3736 ἐσται
669 3667 690 3752 ή
711 3675 791 3735 πάσα
813 3673 995 3759 ρηδιοοργέα.

293 3895 371 3954 ΤΗΣ
386 3895 486 3952 ΠΡΟΣ
505 3897 533 3931 ⁸⁸
544 3893 779 3950 ΚΟΔΟΣΣΔΕῙΣ
797 3891 941 3949 onom
959 3893 1054 3948 nm
1070 3891 1136 3948 Tol
1153 3891 1330 3949 mmm
1350 3887 1412 3946 ffl-

340 3982 488 4045 ΜΕΝΗΣ,
505 3981 598 4036 ΠλΡλ
617 3981 662 4036 ΔΕ
679 3979 744 4034 Tm
762 3969 978 4034 ΑΠΟΣΤΟΔΩΙ
995 3979 1168 4034 mom
1185 3975 1380 4033 mmm

378 4098 405 4166 α’
420 4099 472 4166 καλ
486 4097 533 4164 λθ’
550 4097 634 4183 Σχάλ.
679 4095 736 4180 Μή
751 4089 806 4164 οὖν
820 4117 864 4175 τις
878 4094 956 4181 ύμῶς
969 4095 1091 4182 κρινέτω
1107 4097 1139 4163 ἐν
1154 4094 1274 4184 βρῶσει,
1294 4093 1314 4178 ή
1328 4095 1356 4160 έν
1370 4087 1411 4155 κε’-

326 4323 368 4378 89.
387 4329 460 4377 Verba
479 4324 523 4381 καὶ
537 4319 633 4379 ἀνάστα
648 4321 678 4377 ἐκ
690 4323 740 4378 τῶν
754 4323 847 4390 νεκρῶν
914 4321 955 4376 91.
972 4323 1024 4387 καλ,
1039 4323 1182 4374 abumarum
1194 4322 1409 4394 λέδιύιλυίσέωξ

295 4397 456 4446 desiderantur
471 4408 551 4458 ιιφτο.
880 4395 938 4444 cinis
951 4395 1039 4444 αολοοιλ
1052 4395 1170 4443 Petamus.
1204 4395 1254 4443 Νσιι
1273 4389 1372 4440 weilai!
1383 4397 1409 4432 εν

298 4461 377 4582 affin
390 4464 484 4514 θιαιλυλ
501 4457 584 4516 αὐτοῦ.
620 4462 693 4525 Vulgo
705 4465 767 4512 τινἰπ
786 4465 849 4512 ταλαί
881 4463 962 4514 delicet
981 4462 1139 4515 ολλεασθστιτιιι
1157 4463 1264 4512 ιἰιοετθέι
1277 4445 1408 4515 &duur
