2994 5024
210 211 286 272 ¹574
645 222 765 276 sANerl
781 223 952 274 mmm}

224 343 322 420 βαλεῖν
337 338 379 412 εές
396 337 523 422 γέενναν.
569 335 633 402 Οάκ
651 334 705 421 εἶχε
727 340 774 413 δέ,
797 337 870 422 Οάγλ
888 341 972 406 πέντε
988 341 1133 424 στρουθέα
1149 337 1297 424 άσσορέιττ
1314 337 1365 404 δάν

224 447 400 518 πωλοῦνται,
415 441 465 504 καλ
476 444 511 506 ἓν
525 442 554 518 έξ
567 437 665 506 αὐτῶν
677 438 732 506 οάκ
747 443 826 506 ἔστιν
839 442 1060 523 ἐπιλελησμένον
1074 439 1202 506 ένοέπιον
1212 449 1266 506 τοῦ
1280 449 1367 518 θεοῦς

307 540 338 606 λ’.
369 538 447 607 Ἀντλ
465 547 526 623 τοῦ,
548 539 736 628 Ὁμολογήσει
751 541 877 609 έναὶπιον
893 551 953 609 τῶν
969 540 1097 629 άγγέλοιν
1110 551 1165 608 τοῦ
1180 552 1266 620 θεοῦ,
1286 543 1368 608 Ἐτά·

224 671 293 712 πιον
312 650 367 710 τοῦ
387 652 479 724 θεοῦ,
500 646 583 730 λέγει.

306 745 360 810 λα’.
393 743 456 811 Οάκ
478 749 532 829 έχει
555 746 603 826 τά,
624 743 658 811 ‘0
679 745 752 823 θεάς
773 745 950 830 άμφιένννσι
971 745 1022 814 τάν
1042 745 1156 833 χόρτον.

308 847 360 931 λβ.
390 845 487 932 ‘mv
501 849 533 914 δέ
545 845 563 915 6
575 846 670 933 πατήρ
684 845 764 915 οέθεν
777 847 822 915 ὅτι
835 847 949 939 χρήζετε
960 847 1084 929 ταάτοον,
1096 857 1156 915 τῶν
1168 854 1316 933 σαρκικτίν
1326 847 1371 932 δή.

308 1051 357 1140 λγ’.
391 1061 507 1136 Ζητεῐτε
523 1055 555 1120 δέ
573 1052 625 1138 τήν
642 1059 789 1138 βασιλείαν
806 1063 858 1120 τοῦ
876 1061 968 1132 θεοῦ,
997 1055 1047 1119 καλ
1065 1060 1158 1119 ταῦτα
1174 1051 1272 1120 πάντα
1287 1079 1372 1141 τερος·

226 1154 379 1238 τεθήσεται
400 1143 479 1238 άμῖν.

310 1257 360 1324 λά.
393 1255 471 1322 Ἀντλ
490 1265 559 1340 τοῦ,
580 1256 614 1323 ‘0
635 1257 730 1344 πατήρ
753 1255 852 1340 ήμῶν,
875 1256 910 1323 ‘0
930 1257 1027 1344 πατήρ
1050 1255 1130 1342 εἶχεν.

315 1358 402 1425 Ηλέ.
435 1357 512 1426 'Ani
526 1369 595 1441 τοῦ,
619 1363 749 1449 Δευτέργι
763 1359 784 1444 ή
797 1365 879 1451 τρέτη
895 1367 1023 1450 φυλακή,
1046 1358 1120 1444 εἶχεν
1129 1359 1303 1447 Ἑσπεριεήν
1315 1387 1372 1441 φυ-

226 1461 328 1546 λακήν.

317 1564 407 1641 Ιῡλςῖ
430 1565 514 1646 Ἥξει
529 1564 547 1633 6
561 1564 665 1652 κάριος
678 1573 732 1632 τοῦ
746 1563 854 1630 θοάλου
870 1567 993 1644 έκεένου,
1012 1567 1062 1632 καλ
1078 1565 1260 1650 διχοτομήσει
1275 1564 1376 1644 αάτάν,

227 1668 277 1733 καὶ
300 1665 332 1733 τά
355 1669 444 1752 μέρος
464 1665 556 1734 αὐτοῦ
578 1666 649 1751 μετά
670 1675 729 1733 τοῖν
750 1663 881 1733 άπέστοιν
902 1665 998 1750 θήσει.

316 1768 407 1848 Ῑΰλξ.
437 1771 495 1852 Μή
508 1796 580 1836 ποτε
590 1768 741 1858 κατασύρῃ
754 1790 786 1834 σε
797 1767 874 1855 πράς
883 1767 936 1836 τάν
946 1766 1060 1855 κριτήν,
1073 1772 1124 1836 καλ
1136 1767 1155 1835 6
1166 1771 1269 1856 κριτής
1282 1797 1377 1858 παρα-

228 1870 313 1937 θοέσει
335 1894 366 1937 σε
387 1879 428 1962 τῷ
450 1871 601 1958 πράκτορι.

318 1973 409 2058 ’7ληῖ
435 1968 490 2041 Ἠν
506 1975 765 2060 παρακεκομμένον
778 1971 837 2040 α’πά
853 1981 921 2053 τοῦ,
938 1966 1053 2040 Ἦλθιέν
1067 1999 1141 2050 τινες
1155 1971 1379 2060 ἀναγγέλλοντες

228 2075 308 2167 αὐτῷ
329 2079 397 2161 περλ
419 2085 478 2143 τῶν
500 2081 674 2155 Γαλιλαέον,
706 2067 748 2141 οἷν
771 2074 802 2141 τά
827 2073 901 2158 αἷμα
922 2078 1052 2160 συνέμιξε
1073 2084 1204 2152 Πιλᾶτος
1224 2075 1298 2159 μετά
1318 2081 1380 2140 τοῖν

228 2185 343 2244 θυσιῶν
359 2177 467 2258 αάτοῑν,
489 2181 545 2254 ἕως
562 2178 639 2244 ὅπου
655 2179 727 2263 λέγει
742 2179 810 2262 περὶ
825 2183 882 2243 τοῖν
897 2181 928 2244 έν
943 2185 983 2267 τῷ
1000 2177 1120 2260 Σιλωάμ
1135 2177 1285 2246 θεκαοιιτοέ
1303 2176 1378 2244 άπα-

227 2280 384 2348 θανόνταν
401 2284 431 2347 έν
446 2288 486 2370 τῷ
501 2279 613 2370 πάργρι.
658 2281 718 2344 Καλ
736 2278 797 2358 ὅτι,
819 2277 889 2345 Ἐάν
901 2278 944 2363 μή
958 2280 1168 2364 μετανοήσητε,
1189 2282 1239 2346 καλ
1254 2282 1312 2356 έας
1325 2287 1380 2363 τής

229 2387 399 2468 παραβολῆς
412 2390 465 2467 τῆς
477 2391 584 2466 συκῆς,
611 2383 680 2466 περὶ
694 2374 731 2464 ής
745 2378 826 2447 εέπεν
843 2379 860 2448 6
876 2381 1003 2468 γεωργός
1025 2381 1126 2463 ῑθὸτι,
1156 2381 1303 2460 Σκάπτο,
1325 2383 1382 2448 καλ

228 2483 325 2567 βάλλω
347 2488 472 2572 κόπρια,
494 2487 544 2550 καλ
566 2483 617 2549 έάν
638 2482 678 2567 μή
700 2482 827 2574 ποιήση,
849 2485 988 2567 ἔκκοψον.

311 2586 367 2653 λθ’.
400 2586 518 2672 Ταύτην
539 2587 570 2652 δὲ
591 2587 741 2670 θυγατέρα
761 2583 892 2670 Ἀβραάμ
914 2589 1017 2670 ἔδησεν
1039 2585 1056 2654 6
1077 2595 1222 2663 Σατανᾶς.

312 2687 350 2772 μ’.
381 2691 542 2775 Παρέκοψε
555 2688 652 2766 πάλιν,
673 2685 744 2754 Τότε
758 2685 873 2769 ὄψεσθε
885 2685 1018 2774 Ἀβραάμ
1030 2693 1082 2757 καὶ
1092 2688 1188 2756 Ἰσαάκ
1200 2690 1251 2756 καὶ
1263 2685 1382 2772 'lain

229 2792 278 2856 καὶ
295 2790 409 2867 πάντας
420 2790 491 2867 τοάς
504 2788 667 2875 προφήτας,
688 2792 720 2856 έν
735 2797 771 2880 τῇ
787 2795 918 2879 βασιλεέγι
932 2799 984 2858 τοῦ
999 2797 1084 2858 θεοῦ.
1126 2789 1203 2858 ’Am
1217 2791 1248 2856 δέ
1265 2787 1382 2856 τούτου

228 2895 378 2975 έποέησεν,
397 2892 469 2958 Ὅτε
486 2891 599 2968 πάντας
618 2889 689 2968 τοθς
704 2895 838 2969 θικαέοος
856 2896 935 2976 λθητε
957 2896 989 2960 έν
1008 2903 1046 2984 τή
1062 2899 1193 2983 βασιλεία
1213 2899 1266 2960 τοῦ
1282 2900 1380 2972 θεοῦ,

227 2991 306 3077 ὑμᾶς
319 2995 350 3060 θλ
364 2997 600 3078 ἐκβαλλομένους.
635 2991 811 3078 ΝἘποέησε
825 2997 868 3074 δὲ,
891 2999 1120 3081 Κρατουμένους
1133 2999 1197 3076 έξα,
1219 2996 1278 3073 ταὶ,
1294 2991 1384 3062 Ἐκεῖ

229 3098 306 3164 έστιν
328 3094 346 3162 6
366 3096 521 3180 κλαυθμὸς
542 3099 592 3163 καλ
614 3094 632 3162 6
655 3095 783 3182 βρυγμάς
801 3105 863 3164 τάν
884 3095 1023 3166 ὀδόντων.

308 3197 370 3280 μα’.
401 3201 563 3285 Παρέκοψε
583 3197 672 3264 πάλιν
693 3197 741 3276 τά,
762 3199 904 3278 Ἥξουσιν
924 3197 983 3266 άπά
1004 3198 1154 3267 άνατολοῖν
1175 3202 1225 3267 καλ
1240 3203 1381 3280 avom,

229 3303 278 3368 καλ
295 3299 543 3384 άνακλιθήσοντοι
559 3303 590 3366 έν
606 3308 640 3389 τῇ
656 3305 798 3389 βασιλεία·
829 3304 880 3368 καλ
896 3300 945 3380 τά,
979 3306 1018 3366 Οέ
1030 3305 1146 3386 έσγατοι
1162 3305 1275 3370 ἔσονται
1290 3308 1378 3384 πρᾶ-

229 3429 287 3469 τοι·
309 3404 358 3468 καλ
375 3402 424 3480 τά,
449 3409 626 3488 Προςήλθον
642 3408 673 3468 οἱ
689 3409 845 3488 Φαρισαῖοι
861 3406 1003 3490 λέγοντες,
1027 3403 1149 3483 Ἔξελθε
1164 3407 1214 3469 καὶ
1231 3401 1382 3486 πορεάου,

228 3503 274 3572 ὅτι
289 3502 422 3589 Ἦράθης
440 3527 471 3570 σε
489 3508 569 3570 θέλει
586 3503 768 3571 άποκτεῖναι·
799 3507 850 3570 καλ
866 3505 915 3584 τά,
938 3503 1030 3584 Eleus,
1056 3508 1259 3592 Πορευθέντες
1275 3508 1382 3570 εέιτατε

108 3636 159 3680 μς.
172 3623 216 3669 σιτ.
231 3613 267 3696 τῇ
283 3604 410 3672 άλιάπεκι
428 3606 534 3697 ταάτη,
566 3609 620 3682 ἕως
639 3607 709 3674 ὅτου
729 3605 824 3686 εἶπεν,
856 3606 918 3672 Οάκ
936 3610 1079 3690 ένθέγεται
1095 3606 1254 3694 προφήτην
1268 3603 1378 3672 ἐπολέ-

229 3719 301 3774 σθαι
319 3711 373 3786 έξοι
386 3705 584 3792 Ἰερουσαλήμ·
615 3711 710 3774 20καλ
726 3708 776 3789 τά,
804 3707 1005 3793 Ἰερουσαλήμ,
1033 3708 1237 3794 Ἰερουσαλήμ,
1265 3707 1382 3793 ήάπο·

228 3816 381 3878 κτείνουσα
398 3809 468 3887 τούς
483 3811 653 3896 προφήτας,
681 3813 732 3876 καὶ
746 3815 942 3893 λιθοβολοῦσα
959 3811 1029 3889 τοάς
1045 3809 1291 3895 άπεσταλμέκους·
1320 3815 1379 3878 καλ

230 3911 279 3993 τά,
313 3911 459 3990 Πολλάκις
479 3913 611 3996 ήθέλησα
634 3912 804 3992 ἐπισυνάξαι
829 3911 870 3989 άς
889 3912 970 3998 ὄρνις
992 3915 1028 3980 τά
1050 3916 1137 3980 τέκνα
1159 3935 1227 3981 σου·
1256 3913 1307 3980 καλ
1328 3913 1378 3996 τά,

228 4013 357 4097 Ἀφέεται
383 4014 453 4099 άμῖν
473 4013 492 4082 6
513 4014 595 4093 οέκος
616 4014 712 4100 ὑμῶν·
742 4019 792 4082 καλ
811 4013 861 4095 τά,
894 4013 938 4080 06
954 4015 996 4101 μή
1013 4019 1093 4100 ἴδητέ
1109 4041 1161 4100 με,
1192 4019 1247 4092 έυς
1263 4019 1378 4100 εἴπητε,

230 4116 445 4204 Εὐλογημένος.

264 4301 304 4359 14.
319 4311 470 4360 Desideratus
484 4323 592 4360 καταιτια
606 4311 631 4360 in
647 4311 699 4360 edit.
708 4313 783 4372 princ.
853 4307 891 4360 15.
909 4301 945 4372 λζ’
961 4313 1012 4360 cod.
1027 4312 1099 4360 Vatic.

230 4377 301 4427 Διιτλα.
318 4377 424 4427 smnus
440 4391 482 4428 ιιιο
496 4379 600 4439 exemplo
616 4379 740 4440 adscripsit
756 4379 785 4427 de
853 4373 891 4427 16.
907 4375 946 4443 λη’
963 4379 1014 4428 co&
1032 4379 1103 4427 λὀιλο.

229 4444 281 4494 σοιλ.
295 4443 423 4494 Vaticano:
439 4443 583 4506 „Invenitur
596 4461 709 4496 ιιιιιοετυι
724 4443 784 4497 36.“
853 4441 891 4496 17.
908 4441 947 4498 >aff
964 4447 1015 4496 οοιλ.
1031 4447 1103 4496 Vatia.
