3008 4996
298 281 359 344 212
717 293 838 346 εεαοοι
855 293 1022 348 τοιουτου

299 407 461 495 περιόντων
479 414 538 474 νῦν
559 406 744 488 όποστόλοον,
776 411 853 492 φημί
881 409 913 474 δέ
932 415 992 476 τῦν
1010 411 1077 497 περλ
1100 413 1214 496 Πέτρον
1233 415 1284 480 καὶ
1306 417 1438 492 Παῦλον,

301 508 480 586 ἐπισκόπους
500 509 604 586 όλλους
628 514 842 590 καθίστασθαι,
872 510 922 577 διό
945 511 979 577 τό
1004 510 1074 588 τοῦς
1097 511 1277 591 ἀποστόλους
1300 514 1439 590 πολλάκις

300 616 350 681 ἐπλ
369 611 422 690 τός
439 611 527 688 όλλας
546 615 689 697 πατρίδας
704 609 758 694 τὴν
773 617 895 698 πορείαν
911 615 1090 694 στέλλεσθαι,
1118 614 1215 682 διότό
1232 615 1369 702 κήρυγμα
1388 623 1439 682 τοῦ

304 723 448 802 Χριστοῦ,
478 713 518 798 μή
539 712 686 778 δόνασθαι
708 713 740 778 δέ
760 710 814 796 τήν
834 721 894 780 νῦν
909 713 1058 796 Ῥωμαίων
1079 715 1164 783 πόλιν
1183 716 1254 783 ῦνευ
1275 717 1440 784 ἐπισκόπου

301 815 383 883 εἶναι.
422 814 456 880 ‘0
474 816 527 898 μέν
543 814 598 901 γόρ
617 821 739 889 Παῦλος
756 816 807 880 καλ
823 817 872 880 ἐπί
888 815 942 900 τήν
958 814 1107 882 Ἱσπανίαν
1123 816 1302 899 (ἐφικνεῖται,
1326 820 1441 904 Πέτρος

301 919 333 984 δέ
350 915 488 994 πολλάκις
505 916 623 982 Πόντον
639 939 668 982 τι
686 918 737 980 καλ
755 921 902 982 Βιθυνίαν
919 920 1109 999 ἐπεσκέψατο.
1150 917 1299 1005 Ἐνεχοόρει
1319 921 1351 985 δέ
1367 917 1441 1009 μιτό

298 1017 332 1086 τό
348 1026 564 1101 κατασταθῆναι
581 1015 733 1100 Κλήμεντα
749 1020 800 1083 καλ
814 1018 1053 1104 προνοήσασθαι
1074 1023 1114 1098 (εί
1126 1045 1159 1107 γε
1179 1020 1275 1096 οῦτοος
1293 1017 1440 1106 ἐκρόχθη,

299 1127 475 1203 διανοοῦμαι
492 1116 564 1206 γόρ,
592 1116 645 1202 οόχ
662 1115 803 1205 όρίζομαι)
819 1117 941 1204 ῦστερον
961 1117 1032 1202 μετό
1051 1118 1084 1188 τό
1102 1123 1329 1204 τετελευτηκέναι
1344 1131 1442 1188 Λῖνον

299 1225 352 1290 καί
368 1229 483 1306 Ιίλῆτον
499 1219 768 1296 ἐπισκοπεόσαντας
787 1219 863 1305 πρός
876 1220 1003 1288 δεκαδόο
1025 1225 1074 1305 ίτη
1090 1225 1210 1290 ἕκαστον
1230 1221 1301 1306 μετό
1317 1221 1374 1306 τόν
1389 1229 1442 1288 τοῦ

299 1323 384 1410 ἇμίου
403 1326 520 1407 Πέτρου
537 1325 588 1388 καλ
607 1319 730 1387 Παόλου
746 1320 878 1404 τελευτήν
894 1321 947 1406 τὴν
966 1325 1015 1389 ἐπὶ
1032 1331 1073 1412 τῷ
1091 1323 1248 1414 δωδεκάτῳ
1263 1327 1321 1390 ἐτει
1337 1327 1438 1410 Νέρπ·

298 1453 351 1504 νος
366 1425 540 1512 γενομένην,
560 1429 665 1490 τοῦτον
680 1415 772 1498 αῦθις
788 1421 1009 1509 όναγκασθῆναι
1023 1425 1077 1508 τὴν
1097 1425 1259 1509 ἐπισκοπὴν
1276 1435 1438 1508 κατασχεῖν.

289 1529 394 1610 ’Ὅμως
406 1525 427 1611 ἡ
440 1533 498 1592 τῦν
512 1527 543 1590 ἐν
553 1521 649 1614 Ῥόμη
663 1522 832 1590 ἐπισκόπων
843 1524 966 1608 διαδοχὴ
979 1525 1088 1610 ταότην
1101 1529 1156 1610 ίχει
1169 1526 1224 1609 τὴν
1237 1525 1438 1594 α’κολουθίαν·

300 1633 416 1716 Πέτρος
428 1628 478 1694 καλ
493 1633 621 1706 Παῦλος,
643 1633 736 1702 Αἶνος
751 1627 800 1690 καί
816 1631 939 1710 Κλῆτος,
958 1626 1090 1711 Κλήμης,
1112 1625 1291 1714 Εῦόρεστος,
1312 1626 1441 1706 Ἀλέξαν-

299 1737 385 1818 δρνς,
408 1728 534 1806 Ξόστος,
559 1729 751 1812 Τελέσφορος,
774 1725 959 1812 Εῦόρεστος,
979 1725 1108 1814 Ὕπνος,
1132 1735 1221 1810 Πῖος,
1241 1729 1402 1812 Ἀνίκητος,
1424 1727 1441 1796 ό

299 1831 361 1900 ῦνοι
375 1835 406 1898 ἐν
416 1837 457 1920 τῷ
469 1827 619 1918 καταλόγῳ
634 1830 898 1912 προδεῦηλαμένος.
928 1832 988 1894 Καὶ
1002 1829 1101 1913 μήτις
1117 1829 1261 1920 θαυμόση
1276 1831 1321 1899 ότι
1334 1834 1441 1898 ἐκαστσ

299 1934 394 2010 οῦτως
414 1931 544 2018 όκριβῦς
563 1929 729 2014 διήλθομεν.
771 1929 832 1996 Διό
852 1929 907 2016 γόρ
924 1929 1036 1996 τοῦτον
1053 1929 1100 1998 όελ
1117 1930 1152 1998 τό
1172 1935 1263 2013 σαφὲς
1281 1936 1438 1998 δείκνυται.

297 2036 347 2102 Ἐν
359 2033 474 2119 χρόνοις
488 2038 604 2113 τοίνυν,
626 2029 667 2108 οῦς
684 2034 812 2114 ἔφημεν,
833 2029 986 2114 Ἀνικήτου
1002 2030 1023 2117 ἡ
1040 2036 1283 2118 προδεδηλωμένη
1299 2041 1438 2118 Μαρκελ

178 2164 229 2210 ηις.
243 2152 285 2197 ιι.
298 2143 363 2206 λίνα
378 2140 411 2202 ἐν
424 2133 520 2224 Ῥόμη
533 2135 688 2218 γενομένη,
716 2131 770 2217 τὴν
784 2131 879 2215 λύμην
894 2140 946 2216 τῆς
963 2141 1128 2221 Καρποκρῦ
1143 2140 1330 2212 διδασκαλίας
1345 2136 1439 2219 ἐξεμέ·

298 2261 389 2318 σασα,
411 2236 536 2312 πολλοῦς
549 2243 609 2302 νῦν
625 2238 716 2301 ἐκεῖσε
728 2237 916 2318 λυμηναμένη
929 2231 1063 2317 ἠφάνισε.
1107 2237 1167 2301 Καί
1183 2239 1271 2302 ἐνθεν
1285 2239 1404 2323 μέμονεν
1419 2233 1440 2318 ἡ

298 2337 371 2425 όρχῆ
387 2344 560 2406 Γναστικιῦν
574 2343 633 2402 νῦν
645 2337 840 2419 καλουμένων.
861 2333 984 2418 ’Ἕηονσι
998 2339 1030 2404 δέ
1044 2335 1159 2414 εἰκόνας
1172 2337 1380 2423 ένζαγρόφους
1392 2337 1439 2403 διό

297 2439 468 2528 χρωμότων,
488 2440 564 2514 τινές
578 2438 611 2502 δέ
625 2440 658 2503 ἐκ
673 2446 782 2522 χρυσοῦ
799 2439 849 2502 καλ
863 2435 993 2524 όργόρου
1005 2441 1057 2504 καλ
1072 2447 1177 2521 λοιπῆς
1191 2438 1273 2522 ῦλης,
1295 2439 1381 2506 ῦτινα
1396 2443 1440 2506 ἐκ·

298 2540 459 2625 τυποόματό
479 2562 570 2620 φασιν
589 2536 665 2604 εἶναι
683 2545 737 2605 τοῦ
753 2535 863 2620 Ἰησοῦ,
891 2542 1053 2606 καὶταῦτα
1075 2537 1134 2606 όπό
1156 2545 1287 2606 Ποντίου
1307 2542 1439 2608 Πιλότοτ

298 2651 472 2730 γεγενῆσθαι
487 2639 522 2708 τό
538 2639 733 2723 ἐκτνποόματα
749 2645 802 2704 τοῦ
818 2638 908 2706 αότοῦ
921 2639 1028 2723 Ἰησοῦ,
1050 2639 1098 2708 ότε
1115 2642 1246 2724 ἐνεδημει
1260 2647 1301 2732 τῷ
1317 2651 1377 2709 τῶν
1392 2641 1439 2707 ότ-

297 2744 432 2830 θρόπαν
449 2744 532 2829 μένει.
575 2745 719 2827 Κρόβδην
738 2743 769 2806 δὲ
786 2740 838 2816 τός
855 2740 993 2819 τοιαότυς
1009 2746 1125 2825 ἔχουσιν
1142 2743 1271 2820 είκόνας·
1302 2742 1373 2810 όλλό
1390 2745 1440 2809 καλ

299 2845 472 2928 φιλοσόφων
489 2852 591 2922 τινοῖν,
621 2841 808 2929 Πυθαγόρου
824 2845 875 2908 καλ
892 2843 1053 2919 Πλότοινος
1067 2846 1117 2909 καί
1133 2843 1361 2929 Ἀριστοτέλους,
1390 2846 1439 2910 καλ

298 2954 424 3025 λοιπόν,
453 2943 520 3029 μεθ’
537 2937 579 3010 τόν
596 2943 768 3026 φιλοσόφων
786 2946 836 3010 καλ
853 2947 935 3031 ἐτερα
952 2943 1146 3027 έκτυπόματα
1163 2953 1218 3011 τοῦ
1230 2944 1326 3027 Ἰησοῦ
1341 2947 1439 3012 τιθέα-

299 3072 355 3126 σιν,
374 3045 543 3132 λδρῦσαντές
554 3071 584 3112 τε
597 3053 795 3136 προςκυνοῦσι
808 3048 859 3112 καί
872 3045 908 3111 τό
922 3054 982 3112 τῶν
998 3049 1097 3113 ἐθνῶν
1112 3050 1271 3113 ἐπιτελοῦσι
1285 3046 1437 3132 μυστήρια.

300 3149 464 3232 Στήσαντες
481 3147 536 3234 μόρ
552 3146 660 3224 ταότυς
675 3146 729 3224 τός
744 3147 860 3224 εἰκόνας
875 3147 912 3212 τό
928 3157 986 3214 τῶν
1004 3151 1101 3215 ἐθνῦν
1117 3151 1175 3232 ἐθη
1189 3147 1295 3214 λοιπόν
1311 3157 1437 3215 ποιοῦσι.

306 3257 376 3316 Τίνα
391 3251 424 3315 δέ
438 3251 515 3314 ἐστιν
530 3251 628 3316 ἐθνῦν
644 3252 717 3332 ίθη,
740 3246 797 3314 ἀλλ’
811 3247 831 3332 ἢ
845 3253 949 3314 θυσίαι
964 3252 1016 3315 καὶ
1031 3249 1067 3316 τό
1084 3247 1171 3330 όλλας
1198 3257 1301 3334 Ψυχῆς
1316 3251 1349 3317 δλ
1365 3248 1438 3316 εἶναι

302 3351 395 3436 μόνης
412 3355 558 3437 σωτηρίαν
578 3353 668 3434 φασλ,
691 3352 741 3416 καλ
762 3347 829 3434 ον’χλ
849 3350 999 3433 συμότιον.
1072 3371 1076 3384 ’

174 3669 240 3738 Κεφ.
259 3667 288 3734 ς’.
389 3666 446 3724 Δεῖ
462 3662 562 3724 τοίνυν
581 3657 706 3734 τούτους
726 3655 896 3744 τίνατρέπειν
913 3659 1000 3723 παντλ
1017 3658 1130 3724 σθίνει·
1158 3659 1261 3741 μηδείς
1281 3656 1338 3744 γόρ
1355 3683 1438 3724 κατα-

302 3765 448 3845 φρονείτω
470 3759 575 3846 λόγου,
602 3763 654 3826 καλ
675 3759 797 3842 μάλιστα
817 3756 898 3844 παρό
922 3756 1097 3835 όπατεῦνος.
1137 3757 1208 3824 Ἀλλ’
1230 3763 1309 3826 είποι
1328 3785 1372 3836 τις
1392 3759 1439 3837 δν,

306 3861 351 3929 Οό
367 3862 422 3949 μόρ
438 3865 498 3928 ἐστι
512 3860 636 3948 φυρατό
652 3863 703 3927 καλ
719 3866 831 3947 μυρίας
847 3863 970 3943 ἐμπλεας
997 3858 1068 3926 ’Au'
1084 3859 1147 3926 ἐσθ’
1163 3861 1223 3943 όπη
1240 3863 1291 3926 καί
1307 3861 1344 3928 τό
1358 3859 1440 3946 μαρό

303 3970 401 4031 πείθει
416 3960 487 4040 τοῦς
504 3963 639 4048 ῦφρονας
656 3966 707 4028 καί
722 3961 791 4039 τοῦς
807 3960 946 4039 συνετοῦς
962 3965 1169 4047 παρεκτρίπει,
1199 3961 1252 4028 ἐόν
1267 3961 1308 4046 μὴ
1326 3971 1403 4052 παρῇ
1422 3957 1441 4026 ό

302 4073 374 4142 νοῦς
389 4062 406 4131 ό
423 4067 455 4130 ἐν
471 4071 506 4154 τῇ
519 4063 645 4151 ιῖληθείρι
660 4061 833 4147 ἠσκημένος.
874 4061 1067 4145 Ἐμπεσόντος
1082 4069 1179 4130 τοίνυν
1193 4066 1246 4130 καλ
1258 4064 1364 4131 τοῦτον
1383 4068 1440 4148 ῑτῇ

304 4171 441 4250 Σίμωνος
456 4171 560 4253 μανείς
575 4167 626 4230 καλ
640 4173 699 4230 νῦν
714 4173 839 4244 λοιπιῦν,
863 4173 925 4240 τοῖς
939 4163 1039 4240 αὐτοῖς
1053 4167 1103 4230 καλ
1117 4173 1220 4232 τοῦτον
1231 4162 1438 4252 όνατρέψομεν.

306 4271 348 4332 Εί
368 4265 423 4353 γόρ
444 4265 466 4349 ἦ
487 4267 633 4353 ῦμνωστος
655 4268 706 4332 καλ
723 4263 958 4348 όκατονόμαστος
977 4265 1101 4350 δόναμις
1122 4269 1198 4332 αίιία
1215 4269 1333 4353 γέγονεν
1349 4265 1441 4331 ἄλλων

341 4420 399 4471 cn.
412 4420 467 4472 VH.
486 4448 520 4460 -
540 4423 563 4474 1.
578 4423 610 4490 τῇ
625 4423 693 4474 wid.
711 4425 783 4474 λὀλίσ.
799 4423 858 4472 λελε-
893 4435 950 4480 στος
965 4424 1019 4473 ισλλ
1033 4425 1114 4476 Ρτλσο.
1131 4425 1211 4474 vitium
1228 4423 1296 4472 λοοτλ
1312 4417 1327 4474 ό
1343 4413 1393 4486 θην.

305 4489 354 4550 τις.
380 4489 453 4550 vulno
466 4490 521 4540 τοῦ.
531 4515 565 4528 -
577 4492 603 4540 λιι
616 4504 676 4553 seqq.
689 4485 762 4554 ητοή
777 4482 859 4554 ἅγια·
