3036 4998
286 275 347 338 298
708 287 828 338 υλυυα
846 286 1014 338 ονιοειιυιι

284 402 329 470 ὅτι
346 401 522 488 θεραπεύει,
552 400 621 468 άλλῶ
640 405 690 468 καί
707 401 781 468 τιατά
800 403 856 469 δύο
872 401 1003 488 τρόπους
1022 406 1109 470 ίᾶται.
1156 405 1355 492 Παραγγέλλει
1371 403 1420 491 γάρ

284 515 347 582 τοῖς
364 509 559 590 ίατρευθεῖσιν
576 508 607 571 έν
622 513 663 594 τῷ
681 504 818 594 σαββάτῳ
837 507 930 591 αίρειν
945 503 998 571 τάν
1011 504 1197 592 αράββατον,
1224 509 1277 575 τιυὶ
1292 511 1420 590 βυθίζειν.

283 607 367 674 Ἀλλά
381 611 432 674 καί
446 611 478 674 έν
493 607 630 697 σαββάτῳ
644 605 736 691 πηλόν
750 606 887 692 φυράσας
901 609 1031 690 έπέθηνιε
1043 617 1105 684 τοῖς
1116 616 1170 675 τοῦ
1183 617 1297 691 τυφλοῦ
1310 607 1421 690 σ’φθαλ·

284 720 359 794 μοῖς.
394 710 511 798 Ἔργον
533 713 566 777 δέ
585 712 644 776 έστι
666 708 758 793 πηλίν
781 707 920 796 φυράσαι.
954 709 1052 776 ’Ὅθεν
1073 709 1189 796 γνόντες
1211 715 1242 778 οί
1263 709 1425 788 άπάστολοι,

284 813 329 880 ὅτι
347 815 459 880 λέλυται
481 813 514 882 τά
534 812 686 898 σάββατον
707 810 765 878 άπά
786 819 838 895 τῆς
853 809 946 878 αάτοῦ
963 811 1024 895 ἅμα
1041 810 1143 890 υάτοῖς
1160 818 1368 900 συνθιατριβῆς
1383 816 1427 880 ταὶ

284 921 484 994 διδασκαλίας,
506 921 633 982 τίλλουσι
649 913 775 999 στάχυας
793 914 942 1004 σαββάτῳ,
964 916 1014 980 παλ
1031 913 1181 998 ψῶχουοι,
1202 918 1254 982 ιιαλ
1270 919 1426 983 ἐσθίουσιν.

277 1011 333 1083 Ἦν
345 1019 377 1083 δὲ
392 1017 540 1101 σάββατον
555 1015 801 1104 θευτεράπρτοτον,
826 1014 867 1093 ῶς
882 1020 937 1100 ἔχει
951 1015 985 1082 τά
1000 1015 1175 1104 εὐαγγέλιον.
1218 1017 1363 1102 Σάββατα
1377 1016 1427 1104 γάρ

284 1119 415 1206 διάφορα
433 1119 533 1206 ῶριζεν
551 1117 569 1186 ά
586 1119 693 1204 νόμος,
722 1118 754 1185 τά
772 1120 823 1202 μέν
839 1117 914 1186 κατά
932 1119 1083 1202 ἑβδομάδα
1099 1118 1359 1203 άναιιυιιλοάμενον
1375 1119 1426 1202 φά-

163 1253 213 1298 τις.
228 1241 271 1285 ιον.
286 1245 329 1288 σει
349 1222 513 1307 σάββατον,
534 1220 567 1288 τά
590 1223 622 1288 δέ
643 1219 692 1287 διά
713 1220 763 1298 τάς
783 1219 1010 1298 άποπιπτοάσυς
1028 1229 1080 1305 τῆς
1096 1219 1171 1288 κατά
1189 1220 1312 1306 σελήνην
1328 1249 1427 1306 νεομη

282 1330 362 1405 νίας,
393 1328 444 1390 καί
465 1322 518 1401 τάς
536 1329 666 1408 καθεξῆς
682 1322 799 1410 ἑορτάς,
830 1321 894 1390 οἷον
911 1321 1020 1410 ἡμέρας
1035 1329 1238 1410 σκηνοπηγίας
1253 1326 1304 1391 καί
1322 1323 1426 1408 ἡμέρας

284 1426 443 1511 λπάσχονν,
474 1426 522 1493 ὅτε
548 1426 582 1493 τά
608 1425 758 1513 πρόβατον
783 1425 911 1506 θύουσι,
939 1429 991 1492 καί
1014 1425 1109 1511 άζυμα
1135 1423 1240 1494 λοιπάν
1268 1430 1426 1494 ἐσθίουσιν.

286 1528 378 1594 θ’Έτι
396 1531 428 1595 δέ
446 1527 498 1612 τήν
515 1533 585 1613 μίαν
601 1533 735 1613 νηστείαν
751 1527 924 1612 νηστεύουσι
938 1536 992 1595 τοῦ
1010 1531 1112 1608 ἔτους,
1140 1526 1194 1612 τὴν
1207 1532 1366 1615 λεγομένην
1380 1555 1423 1612 με·

281 1631 382 1718 γάλην,
403 1634 455 1698 καί
468 1630 522 1714 τὴν
538 1630 636 1714 άλλην,
658 1631 697 1714 ἣν
708 1633 825 1717 λέγουσι
839 1629 955 1718 μικράν.
977 1629 1048 1696 Ὅτε
1061 1630 1116 1717 γάρ
1133 1633 1329 1715 ἐμπίπτουσιν
1344 1625 1426 1697 αὗται

281 1739 314 1800 αί
326 1732 442 1820 ἡμέραι,
461 1732 527 1816 ἤτοι
543 1735 574 1800 έν
589 1735 709 1821 δευτέρῳ
724 1732 891 1816 σαββάτων,
909 1732 930 1817 ἢ
944 1737 975 1800 έν
987 1739 1079 1823 τρίτη,
1101 1733 1167 1817 ἢέν
1185 1733 1336 1820 *τετράδα
1359 1733 1424 1815 σάβ-

281 1842 372 1921 βατον
388 1839 439 1902 ταλ
457 1834 528 1902 αὐτά
547 1833 649 1912 αὐτοῖς
664 1833 794 1920 ὁρίζεται.
837 1835 893 1901 Διί
912 1835 983 1918 μετά
998 1834 1051 1919 τὴν
1065 1843 1125 1902 τῶν
1140 1833 1256 1919 άζάμιον
1270 1838 1427 1920 γενομένην

282 1937 404 2024 ἡμέραν,
426 1940 477 2004 ταί
491 1935 662 2024 ὄρισθεῖσαν
677 1935 789 2024 ἡμέραν
804 1937 967 2021 σαββάτου,
990 1946 1032 2028 τρῖ
1046 1937 1184 2029 σαββάτῳ
1199 1937 1286 2020 φάσει
1301 1947 1342 2028 τῷ
1359 1935 1426 2022 μετά

281 2041 334 2125 τήν
354 2039 467 2125 ἡμέραν
488 2048 547 2106 τῶν
566 2038 684 2122 άζάμονν
704 2043 746 2116 είς
765 2039 915 2122 σάββατον
932 2044 1151 2126 λελογισμένην,
1183 2038 1351 2126 εὑρέθησαν
1370 2044 1429 2105 ιλια-

282 2148 431 2228 βαίνοντες
449 2141 498 2210 διά
514 2151 573 2208 τῶν
591 2145 756 2228 σπορίμων,
785 2145 837 2208 καί
854 2145 961 2209 ἔτιλλον
975 2142 1118 2226 στάχυας,
1149 2146 1201 2209 τιαλ
1214 2147 1350 2227 ἔψυχον,
1380 2143 1427 2208 ιιαί

281 2245 406 2329 ἤσθιον,
429 2243 594 2321 δεικνύντες
603 2243 655 2334 ιίίτι
668 2247 783 2309 λέλυται
799 2243 817 2310 ά
833 2244 938 2327 ιλεσμίς
954 2242 972 2310 ά
989 2247 1020 2311 έν
1037 2254 1077 2335 τῷ
1094 2246 1232 2336 σαββάτῳ
1250 2244 1427 2330 ὁριζόμενος,

281 2346 422 2424 ἐλθόντος
437 2353 491 2413 τοῦ
511 2346 635 2434 μεγάλου
654 2345 818 2434 σαββάτου,
848 2348 977 2412 τουτέστι
994 2354 1140 2430 Χριστοῦ,
1171 2355 1225 2415 τοῦ
1241 2346 1427 2414 άναπαάσαν·

282 2476 333 2526 τος
353 2448 432 2534 ἡμᾶς
454 2449 513 2517 άπά
538 2457 597 2516 τῶν
620 2447 834 2533 άμαρτημάτεον
852 2446 953 2532 ἡμῶν,
984 2442 1021 2516 οὗ
1043 2449 1136 2527 τάπος
1150 2444 1189 2534 ἦν
1208 2447 1225 2518 ά
1246 2457 1333 2530 Νῶε,
1360 2445 1430 2516 ῶνά

281 2550 377 2634 πατὴρ
394 2551 485 2620 αὐτοῦ
501 2554 663 2638 γενηθέντα
678 2549 815 2638 ἕοιραιιῶς
829 2548 903 2617 κατά
917 2556 1110 2636 προφητείαν,
1128 2555 1251 2620 ἐπέθετο
1267 2552 1347 2642 αὐτῷ
1364 2550 1427 2619 ὅνο-

281 2682 322 2738 μα
337 2663 421 2733 Νῶε,
445 2657 535 2741 λέγων
557 2653 618 2734 ὅτι,
651 2646 747 2731 Οὗτος
762 2652 925 2720 άναπαάσει
943 2651 1022 2738 ἡμᾶς
1039 2658 1071 2721 έν
1090 2663 1149 2722 τῶν
1167 2653 1318 2742 άμαρτιῶυ
1333 2651 1427 2738 ἡμῶν,

283 2755 346 2840 ἤτοι
361 2765 494 2843 σκληρῶν
512 2759 606 2843 έργεον
622 2753 718 2846 ἡμῶν,
757 2753 791 2822 ‘0
811 2763 881 2822 Νῶε
898 2756 929 2822 δέ
944 2754 1002 2823 άπά
1019 2755 1170 2843 άμαρτιῶν
1182 2757 1239 2825 οάπ
1254 2755 1428 2836 άνέπαυσεν,

281 2857 351 2924 άλλά
365 2863 407 2936 είς
424 2857 553 2945 Χριστόν
567 2857 785 2945 προεφήτευσεν
802 2855 819 2924 ά
834 2857 939 2942 Λάμεχ
950 2857 1004 2942 τήν
1020 2865 1203 2946 προφητείαν
1222 2867 1284 2950 δτῷ
1299 2867 1371 2927 Νῶε
1385 2863 1428 2942 ἕρ-
1505 2861 1506 2928 Ῑ

281 2960 480 3045 μηνευάμενον
497 2963 528 3027 ἒν
546 2959 678 3049 άληθείιγ.
722 2967 794 3026 Νῶε
814 2959 869 3047 γάρ
888 2959 1055 3038 άνάπυνσις
1071 2961 1276 3048 ἑρμηνεύεται,
1305 2965 1355 3028 καλ
1376 2969 1430 3026 Σε-

281 3066 354 3147 βέθ,
382 3064 455 3150 ὅπερ
471 3061 637 3138 άνάπαυσις
650 3065 701 3128 παλ
715 3061 863 3145 σάββατον
879 3063 1083 3149 έρμηνεάεται,
1112 3063 1207 3131 ὅέστι
1227 3063 1378 3148 Χριστὸς,
1399 3067 1430 3128 ἓν
1505 3043 1506 3114 ί

282 3159 306 3255 ῶ
322 3165 525 3232 άναπέπαυται
540 3163 558 3231 ά
571 3163 666 3248 πατὴρ
681 3167 734 3230 ιιαλ
749 3163 782 3232 τά
799 3164 884 3251 άγιου
899 3173 1016 3248 πνεῦμα
1030 3163 1140 3245 υάτοῦ,
1162 3168 1213 3231 καὶ
1229 3165 1337 3243 πάντες
1350 3166 1431 3254 ῶγιοι

282 3268 439 3355 ἄνθρωποι
455 3271 486 3335 έν
500 3265 581 3356 αὐτῷ
597 3265 815 3346 άνεπαάσαντο,
838 3267 1021 3351 παυσάμενοι
1037 3265 1097 3336 άπά
1113 3265 1339 3353 άμαρτημάτοιν.
1372 3260 1431 3334 Οά·
1505 3341 1506 3348 χ

282 3369 333 3448 τίς
355 3373 415 3437 έστι
435 3368 468 3436 τά
493 3371 566 3456 μέγα
586 3369 734 3456 σάββατον
753 3371 805 3434 καί
824 3367 936 3448 άίδιον,
967 3363 1004 3436 οὗ
1021 3368 1114 3448 νάπος
1131 3364 1169 3453 ἦν
1184 3368 1217 3438 τά
1235 3370 1341 3457 μιαρῶν
1356 3370 1430 3436 ‘ml
1505 3381 1506 3388 ’

281 3472 460 3560 πρόςπαιρον
472 3471 622 3555 σάββατον
634 3469 902 3557 έξυπηρετοάμενον
914 3469 981 3558 άχρι
991 3480 1043 3556 τῆς
1053 3471 1146 3540 αὐτοῦ
1156 3479 1331 3558 παρουσίας,
1341 3499 1429 3556 προς·

280 3577 387 3661 ταχθέν
400 3572 450 3640 ὑπ’
465 3572 557 3640 αὐτοῦ
574 3571 647 3640 κατά
663 3571 715 3639 τίν
732 3571 840 3656 νόμον,
862 3576 913 3642 ιιαί
928 3577 960 3640 έν
976 3573 1056 3664 αὐτῷ
1073 3576 1182 3655 λυθὲν,
1203 3577 1255 3640 τιαλ
1273 3575 1431 3660 πληρωθὲν
1505 3613 1506 3666 7

281 3681 313 3746 έν
334 3685 374 3768 τῷ
396 3676 557 3767 εὐαγγελίῳ.
605 3675 707 3752 Οὕτως
727 3674 782 3764 γάρ
804 3674 898 3758 εἶπεν,
928 3675 990 3758 ὅτι,
1021 3676 1135 3764 Κύριός
1156 3680 1234 3744 έστιν
1256 3676 1274 3744 ά
1294 3678 1359 3754 υίάς
1377 3685 1431 3744 τοῦ
1505 3743 1506 3768 ρ

282 3779 447 3868 άνθρῶπου
466 3781 517 3846 καί
529 3787 584 3847 τοῦ
595 3777 755 3863 σαββάτου.
790 3778 887 3846 Ὅθεν
900 3781 1073 3865 θαρσαλέως
1086 3784 1118 3846 ολ
1130 3783 1263 3864 μαθηταί
1276 3780 1381 3848 λάουσι
1397 3780 1430 3846 τά
1505 3799 1506 3816 ’

282 3883 448 3968 σάββατον,
471 3881 572 3966 έπειδή
588 3884 639 3948 καὶ
654 3886 685 3946 οί
698 3881 755 3969 πρά
774 3879 871 3950 αὐτῶν
890 3885 976 3968 ἱερεῖς
991 3885 1079 3948 έλυον
1097 3881 1154 3949 7τὸ
1172 3880 1322 3966 σάββατον
1335 3881 1430 3948 θάον-

282 4011 343 4067 τες,
365 3989 416 4053 καί
429 3993 494 4074 θεῷ
511 3989 619 4061 θυσίας
637 3986 865 4072 προςφέροντες,
887 3989 937 4050 ίνα
953 3983 994 4068 μὴ
1008 3982 1122 4076 άργήσχχ
1141 3984 1267 4070 θυσίαὴ
1283 3985 1433 4070 ἐνδελεχῶς

315 4243 340 4328 ²:
356 4240 459 4314 πάσχων
473 4245 524 4295 cod.
538 4247 610 4295 λὀλλτ.
632 4245 696 4294 Eam
709 4245 780 4307 υαλςο
792 4259 839 4296 τια-
899 4243 923 4293 5.
938 4243 1031 4305 „Forte
1044 4240 1104 4297 τίν’
1117 4250 1238 4328 οαπολουιλ
1247 4246 1363 4297 Petam.
1384 4247 1435 4324 Son

285 4329 395 4433 ⁶13ka
411 4378 440 4434 δὲ
457 4375 501 4434 ὅτε
518 4377 565 4446 την
583 4377 641 4446 μίαν
658 4382 709 4430 cod.
724 4383 797 4430 Varie.
873 4315 1435 4459 ffisssspr‘ssmsfflfflfflpffl

316 4445 341 4500 4.
354 4441 455 4528 τετράδι
464 4451 499 4499 τῶ.
510 4451 590 4499 Ρτλου.
613 4445 723 4513 τετράθη
734 4449 784 4498 cod.
795 4451 840 4498 Va·
874 4446 911 4496 vit
920 4447 1042 4527 λιαιυεοίε,
1056 4447 1098 4516 qui
1112 4466 1157 4517 per
1170 4449 1226 4500 Νοε
1240 4445 1394 4516 signficatur
1408 4447 1434 4498 in

283 4520 321 4567 λλο.
354 4519 462 4581 τετραθα
478 4517 529 4567 σοτλ.
542 4518 640 4580 λλλτιλλρ.
656 4521 677 4568 ελ
692 4517 728 4566 ed.
740 4518 816 4578 μείου.
875 4525 987 4568 vertute.
