3006 4990
321 333 455 386 usnemu
472 333 564 386 Lib-l.
581 333 663 388 nott.
679 331 711 384 ll.
729 331 827 386 HARR.
840 335 938 388 xxw.
1148 325 1206 388 145

61 464 113 518 tota
127 451 241 519 Cbriati
257 453 318 517 vita
332 452 643 537 administratioueque
657 451 789 517 cernitur
804 454 880 538 quod
896 475 912 518 a
929 455 1135 541 prophetarum
1145 467 1207 521 'ra-

61 555 164 620 ticiniis
184 555 353 620 abhorreat.

1 817 2 846 ,
137 761 185 824 Ac
202 759 238 824 de
255 755 458 824 Saturniliana
475 759 590 822 baereai
607 757 766 838 hacteuus,
797 777 834 823 uc
851 758 881 822 iu
900 758 1014 825 stolidis
1031 762 1095 825 eius
1117 781 1205 846 quae·
1224 762 1350 830 Coptttt.

1 857 2 868 ’
59 863 199 926 tuentum
215 879 373 944 earumque
391 860 567 924 refutatione
583 869 697 944 ternpus
712 870 874 923 conteram.
909 859 974 924 ldae
992 862 1083 946 igitur
1099 865 1207 930 omissa

60 965 193 1048 deinceps
207 963 242 1026 ad
262 959 411 1026 Basiliden
428 961 618 1045 condiscipuli
635 961 713 1025 illius
736 971 767 1026 ct
781 962 893 1026 erroris
907 962 980 1026 accii
999 963 1133 1028 haeresin
1153 987 1207 1029 ex-

60 1066 214 1150 plicandam
233 1085 280 1128 me
296 1065 458 1128 conderem.
503 1062 600 1128 Ambo
617 1061 723 1147 quippe
745 1063 913 1128 eorumdem
930 1064 1096 1148 dogmatum
1119 1070 1207 1152 parti·

60 1169 146 1252 cipes,
170 1165 253 1230 velut
265 1187 284 1229 a
298 1183 332 1230 se
346 1165 473 1228 invicem
490 1184 604 1230 venena
619 1165 739 1228 mutuati
756 1175 836 1242 sunt,
855 1166 896 1228 uti
912 1165 1094 1230 notissimum
1112 1171 1207 1232 omui·

60 1269 106 1332 bus
126 1267 315 1354 proverbium
333 1266 438 1330 babet:
470 1265 626 1350 Tanquam
651 1266 730 1352 aspis
752 1287 770 1329 a
789 1267 890 1350 vipera
910 1277 1010 1332 mutuo
1030 1267 1111 1331 virus
1129 1271 1207 1332 acci·

1 1403 2 1448 3
62 1372 150 1454 piens.
196 1367 337 1432 Eiusdem
354 1368 433 1431 enim
457 1368 575 1432 scholae
598 1368 677 1431 iuter
694 1388 728 1431 sa
747 1377 815 1432 scrut
838 1388 874 1432 ae
890 1389 1066 1448 cotnsossus,
1092 1373 1206 1434 tametsi

61 1493 107 1535 saa
124 1471 248 1556 quisque
265 1469 384 1533 lundata
401 1469 518 1533 baeresi
536 1469 691 1554 separatim
711 1469 888 1533 constiterit.
931 1465 1031 1551 Quare
1048 1472 1207 1554 nequitiam

62 1575 148 1657 ipsam
165 1595 183 1636 a
202 1591 235 1636 se
252 1581 352 1634 mutuo
369 1580 580 1654 corrugarunt,
604 1570 816 1634 dissensionem
837 1591 909 1634 voro
932 1572 1007 1656 apud
1025 1591 1058 1634 se
1072 1572 1206 1655 priuatim

61 1675 257 1738 instituerunt.
302 1668 362 1736 Sed
380 1671 445 1736 sive
466 1671 547 1756 prior
565 1672 621 1734 iste
638 1672 757 1756 viperae
777 1673 870 1735 instar
891 1673 968 1756 quud
984 1673 1020 1736 ab
1038 1685 1207 1739 autecesso-

61 1777 136 1840 aibus
159 1775 299 1839 hauserat
318 1773 347 1836 id
372 1771 403 1836 in
423 1769 572 1836 Basiliden
594 1773 767 1850 transfudit,
792 1772 857 1836 sive
879 1775 926 1837 bie
947 1776 975 1837 in
1001 1775 1080 1838 illum
1097 1776 1206 1860 potius,

62 1899 120 1942 cum
144 1889 174 1942 et
198 1876 285 1941 letale
308 1876 348 1938 sit
362 1894 509 1938 venenum
535 1885 566 1938 et
587 1875 623 1938 ab
642 1875 805 1940 istiusmodi
830 1876 1015 1960 serpentibus
1033 1881 1206 1959 protectum,

1 2013 2 2022 κ
63 1975 168 2044 Cbriati
187 1975 299 2044 domiai
315 1974 448 2040 docuina
470 1976 550 2040 velut
569 1975 699 2040 antidoto
719 1987 891 2041 enervatum
913 1999 929 2040 a
955 1977 1039 2041 nobis
1064 1990 1094 2042 et
1109 1981 1207 2042 estin

62 2091 133 2144 eum
149 2079 360 2164 relinquemus.
404 2077 484 2141 Tum
499 2078 652 2164 implorato
669 2078 716 2142 dei
733 2079 844 2143 anxilio
862 2081 896 2144 ad
912 2079 1057 2164 reliquas,
1082 2103 1099 2143 o
1117 2080 1207 2144 caris-

63 2181 140 2260 simi,
163 2182 304 2246 baereses
326 2179 490 2244 orationem
512 2180 760 2264 promovebimus.

224 2401 498 2480 CONTRA
532 2401 1041 2498 utstululnttos,

297 2547 378 2618 quae
401 2529 453 2594 cst
476 2522 624 2598 haeresis
640 2522 722 2616 lt,
749 2523 820 2599 sive
837 2523 964 2598 XXIV.

142 2671 284 2738 Basilides
298 2673 403 2758 igitur,
427 2683 460 2738 ut
478 2685 564 2737 antea
583 2673 728 2752 diximus,
752 2673 781 2736 iu
798 2671 966 2760 Aegyptum
984 2677 1132 2760 protectus
1151 2677 1206 2740 ibi·
1224 2681 1283 2751 cap.
1300 2685 1320 2734 t·

62 2775 124 2838 dem
144 2786 339 2841 commoratus
362 2788 419 2840 est.
465 2773 583 2839 luduin
599 2772 830 2861 Prosopiticnm,
854 2787 885 2840 ct
900 2776 1105 2842 Athribitioam
1122 2801 1207 2864 prae·

62 2879 198 2942 lecturam
216 2877 358 2956 secessit,
389 2887 476 2960 atque
501 2877 588 2940 etium
614 2877 643 2940 in
661 2873 773 2942 Saitica
798 2887 828 2940 ct
845 2876 1048 2942 Alexandriae
1070 2893 1206 2944 versatus

62 2987 121 3057 eat,
142 2977 172 3042 in
191 2979 455 3063 Alexandriaeque
475 2999 564 3062 agro,
594 2978 659 3044 sive
680 2999 779 3042 nomo.
824 2977 877 3043 Sio
896 2980 972 3042 euim
991 2981 1130 3065 Aegyptii
1154 3004 1205 3046 ou-

62 3077 159 3164 iusque
179 3081 308 3144 civitatis
329 3102 430 3164 agrum
449 3101 485 3144 ac
503 3081 755 3144 circumiaoeutem
771 3080 921 3164 regionem
941 3080 1103 3144 nominant.
1149 3085 1205 3146 At·

63 3199 116 3261 que
134 3181 189 3245 boc
205 3181 335 3266 quisquis
352 3203 385 3246 es
403 3182 553 3246 doctrinae
570 3181 691 3266 cupidus
709 3182 745 3245 ad
765 3201 849 3246 usum
867 3192 947 3246 tuum
967 3182 1104 3261 habebis,
1128 3186 1204 3267 quod

63 3291 91 3342 et
105 3284 138 3346 ad
151 3283 363 3363 eruditionem,
387 3294 417 3346 et
435 3284 471 3347 ad
491 3283 680 3368 quorumdam
698 3283 827 3347 locorum
844 3283 1080 3368 perspicuitatem
1104 3286 1201 3363 iaciat,

63 3403 117 3464 quo
132 3384 269 3448 nonnulla
286 3405 359 3468 qnae
377 3385 408 3448 in
425 3384 519 3448 sacris
537 3383 630 3446 literis
648 3385 757 3468 scripta
775 3395 862 3462 suut,
886 3395 916 3447 et
931 3385 1101 3468 quibusdam
1118 3408 1203 3472 prop·

64 3493 107 3545 ter
119 3485 258 3551 inscitiam
276 3485 482 3550 dubitationem
499 3484 644 3566 iniiciunt,
667 3485 806 3568 religiose
823 3485 988 3549 confirmari
1005 3487 1204 3571 explicarique

64 3587 179 3667 possint.
223 3585 406 3673 Ubicumque
424 3586 503 3650 euim
520 3587 594 3670 apud
621 3583 726 3651 lsaiaru
752 3586 920 3671 prophetam
945 3588 981 3650 de
1002 3588 1129 3652 civitatis
1150 3589 1203 3652 ali-

64 3687 140 3751 euius
154 3689 266 3768 nomia,
291 3699 358 3774 puta
372 3687 511 3768 Tenens,
535 3685 701 3774 Memphis,
724 3688 772 3754 vel
786 3686 964 3767 Bubastioc,
994 3689 1132 3775 scriptum
1151 3691 1203 3753 ali·

64 3787 128 3869 quid
141 3791 283 3876 reperies,
305 3791 428 3875 idipsum
446 3810 487 3854 ex
500 3789 715 3875 Aegyptiorum
734 3810 816 3854 more
834 3790 1087 3855 circumlucentem
1105 3791 1203 3856 cuius-

64 3909 178 3974 cumque
191 3891 320 3958 ciuitatis
335 3913 439 3976 agrum
455 3891 616 3977 significata
647 3892 721 3975 quud
739 3875 920 3955 eruditionis
930 3911 1035 3955 caussa
1052 3891 1202 3955 declarare

62 3990 211 4058 voluimus.
257 3991 410 4058 Eiusmodi
432 3993 520 4077 igitur
544 3993 573 4057 in
596 3992 668 4056 locis
686 3991 729 4072 is,
759 4013 844 4077 quem
870 3991 1015 4071 diximus,
1046 3992 1203 4056 circulator

64 4090 196 4173 degebat,
227 4115 244 4158 e
268 4095 371 4178 quibus
390 4105 526 4178 quantum
549 4105 685 4179 apparet,
718 4095 789 4158 baec
813 4095 877 4180 ipsa
894 4092 1015 4177 quaein
1034 4093 1108 4157 bano
1126 4093 1203 4159 diona

63 4191 142 4275 viget
156 4197 229 4261 illins
244 4197 375 4260 haeresis
390 4195 541 4282 produxit,
566 4217 639 4278 quae
659 4195 694 4260 ab
710 4197 773 4260 cias
790 4195 941 4284 disciplina
956 4197 1140 4260 occasionem
1158 4205 1203 4257 at-

95 4391 123 4444 3·
139 4401 223 4453 σαυτοῦ
240 4403 294 4451 ood.
310 4404 382 4451 Vetto
402 4403 475 4464 Valpo
489 4397 587 4452 temen
645 4404 723 4450 lionae
738 4405 820 4464 recepit
836 4403 955 4454 Petuntur.

96 4461 124 4510 ‘l-
140 4464 323 4532 Αἰγυπτιακῶν,
349 4471 411 4530 quod
427 4471 573 4519 &meeber
588 4471 613 4519 in
680 4467 704 4516 b.
722 4485 762 4525 τυ,Ι
777 4472 831 4518 edit.
846 4473 921 4532 prtnc.
994 4495 1002 4510 =

63 4529 119 4578 edit.
132 4535 201 4590 princ.
215 4543 236 4584 et
251 4537 303 4585 eod.
317 4537 429 4598 ltdtedq,
453 4551 483 4586 ιτ
496 4538 546 4587 cod.
568 4537 611 4586 Vn·
679 4533 703 4589 d.
722 4536 866 4602 περίμετρον
883 4541 933 4588 eod.
953 4541 1025 4586 t'otto.

118 4609 198 4668 corpas
210 4615 343 4660 llaereaent.
357 4617 384 4660 tt.
963 4629 1001 4688 10
