3006 4990
263 286 322 349 140
679 295 800 350 τιαοτι
818 277 986 350 ενιοιιιαιι

261 411 391 502 άγνωσίμ
408 415 559 490 ἐπιτελείνς
592 409 680 495 Ονήί,
702 413 811 494 φησίν,
838 410 894 479 οὐκ
910 410 1051 498 ήγνόουν·
1081 411 1201 502 ᾔδεισαν
1217 411 1273 500 γάρ
1292 414 1311 481 δ
1327 416 1406 498 ἐμελ-

261 524 313 582 λον
336 512 479 600 πράττειν.
525 512 563 578 Ἡ
581 518 680 579 τοίνυν
702 513 820 581 άνωθεν
844 512 969 597 δύναμις
992 512 1054 604 ήδει
1077 513 1202 591 τούτους
1226 522 1313 581 τοῦτο
1339 517 1403 600 μίλ-

261 625 364 692 ίοντας
381 619 545 703 ἐπιχειρεῖν,
566 613 716 700 ήήγνόεις
742 613 805 680 Ουίι
820 612 928 701 ήγνάει.
969 612 1124 698 Ἐποίησεν
1139 608 1194 681 οὖν
1210 613 1333 697 αάτοάς,
1354 621 1405 682 ἵνα

262 726 349 784 τοῦτο
370 718 533 804 πράξωσιν,
561 717 582 800 ή
603 716 657 800 μή,
690 715 780 801 Οάγί,
808 721 907 800 φησίν.
949 714 1086 800 Ἐποίησε
1105 717 1161 804 γάρ
1177 715 1284 796 αάτοδς
1299 716 1405 802 μόνον·

262 811 347 886 οὗτοι
363 817 492 904 δὲπαρά
509 817 562 902 τήν
578 818 640 885 δνω
657 816 783 902 δύναμιν
798 821 983 904 ἐπεχείρησαν
998 817 1075 904 πρός
1088 816 1122 885 τό
1141 826 1263 902 ποιήσαι
1277 819 1404 903 πλάσμα.

266 918 386 987 Οιίκοῦν
406 913 488 986 οὗτοι
509 922 561 1003 μὲν
578 918 713 1010 ήδεισαν,
741 921 837 1003 ἐκείνη
856 921 889 986 δέ
905 917 925 1003 ή
940 919 1059 986 άνωδεν
1074 919 1200 1004 δάναμις
1215 918 1311 1007 ήγνόει
1328 919 1406 987 κατά

261 1021 315 1089 τόν
331 1021 385 1089 σόν
401 1021 502 1108 λόγον,
533 1014 691 1088 άπάντων
707 1018 1028 1107 άνδροίπωνάβίλτερε.
1072 1023 1134 1086 Καί
1148 1024 1227 1088 ἐσται
1242 1023 1295 1105 μὲν
1313 1019 1407 1106 ήτοδν

262 1123 434 1212 α’νθροόπων
448 1131 654 1206 4κατασκευῆς
665 1120 812 1203 σάστασις,
829 1125 881 1188 καί
892 1126 924 1189 οί
932 1128 1019 1190 αἴτιοι
1033 1125 1142 1206 ποιότης
1155 1122 1268 1211 ἄγγελοι
1284 1126 1316 1189 ἐν
1329 1123 1405 1210 γνά-

262 1249 321 1308 σει,
350 1223 371 1311 ή
391 1227 424 1292 δὲ
445 1224 515 1302 τοιίς
535 1223 672 1310 άγγίλους
686 1224 833 1307 ποιήσασα
848 1224 972 1308 δάναμις
988 1227 1019 1291 ἐν
1038 1223 1176 1313 άγνωσίρι.
1217 1223 1406 1310 Ληροῑδεςδ

261 1327 298 1395 δν
314 1332 358 1411 είη
375 1335 462 1394 τοῦτο
480 1329 532 1392 καί
546 1325 677 1410 ήλίθιον,
707 1327 753 1392 ότι
768 1334 876 1409 μᾶλλον
890 1328 1083 1412 ἐντελέστερον
1097 1325 1130 1392 τό
1146 1329 1232 1413 ίργον
1247 1333 1301 1392 τοῦ
1315 1331 1405 1411 τεχνί-

261 1457 330 1512 του,
358 1432 408 1496 καί
430 1426 448 1494 ό
465 1431 593 1512 τεχνίτης
609 1426 817 1514 άδρανίστερος
838 1435 898 1493 τάν
916 1425 967 1493 ὑπ’
983 1427 1075 1495 αάτοῦ
1089 1431 1253 1514 γενομένων
1267 1426 1404 1514 άγγίλων,

261 1535 362 1600 αίτίων
375 1530 469 1597 όντων
482 1537 535 1613 τῆς
547 1528 735 1614 άνθρωπείας
747 1529 925 1606 συστάσεως·
942 1529 1012 1607 δι’ςτε
1026 1522 1080 1595 οὖν
1093 1528 1254 1607 ἐξάπαντος
1269 1528 1405 1619 ίάνάγκη

260 1631 469 1718 δμολογήσειας
483 1631 521 1697 δν
536 1634 584 1698 ἐπὶ
597 1631 650 1697 τόν
664 1627 755 1698 αάτδν
769 1629 895 1715 ποιητήν
912 1630 964 1698 τόν
978 1634 1046 1712 ἕνα,
1067 1633 1119 1697 καί
1131 1633 1181 1697 ίπί
1196 1631 1251 1715 τήν
1264 1635 1334 1715 μίαν
1349 1657 1402 1715 μο·

260 1741 380 1822 ναργίαν
400 1732 433 1801 τό
455 1741 516 1799 πάν
536 1732 623 1831 άγειν.

130 1933 197 2001 Κεφ·
216 1930 244 1987 2'·
346 1939 407 2003 Καί
421 1936 477 2024 γάρ
494 1933 513 2003 ό
529 1935 601 2013 θεός
618 1932 637 2002 ό
651 1933 746 2021 πατήρ
766 1939 884 2020 ἐποίησε
899 1935 951 2002 τόν
965 1934 1128 2023 άνίίρωπον
1147 1937 1198 2001 καί
1215 1934 1312 2001 πάντα
1326 1939 1403 2002 τιατδ

147 2061 198 2106 οῑε·
211 2049 244 2094 ⁸&
260 2037 315 2123 τήν
337 2043 413 2104 ίδίαν
431 2036 581 2121 εάδοκίαν,
610 2041 661 2105 καί
677 2035 730 2120 οιίγ
747 2041 779 2103 οί
794 2036 923 2124 άγγελοι,
951 2036 1021 2104 οιίδί
1040 2037 1113 2104 κατά
1130 2036 1185 2122 τήν
1201 2044 1259 2102 τοῖν
1277 2035 1406 2124 άγγίλων

261 2146 441 2227 συμβουλίαν
459 2151 508 2206 ιτι
525 2144 632 2228 γέγονε.
673 2135 723 2206 Ἐν
737 2148 778 2229 τῷ
797 2139 852 2227 γάρ
869 2143 961 2205 εἰπεῖν
975 2137 1028 2204 τόν
1041 2138 1130 2218 θεόν,
1162 2139 1338 2224 Ποιήσωμεν
1352 2140 1405 2207 άν-

259 2253 396 2328 δρωπον,
412 2240 485 2308 Κατ’
497 2243 597 2310 είκόνα
612 2239 752 2328 ήμετίραν
767 2239 841 2321 είπε,
856 2244 906 2308 καί
920 2238 956 2307 οά
971 2239 1043 2306 Κατ’
1057 2239 1158 2307 είκόνα
1173 2239 1291 2324 ’μόνον
1324 2250 1404 2308 Συν-

261 2344 354 2408 εκάλει
367 2342 422 2430 γάρ
438 2349 480 2422 είς
493 2343 547 2428 τήν
561 2345 667 2410 ἑαυτοῦ
683 2349 877 2431 δημιουργίαν
889 2343 942 2409 τόν
960 2340 1075 2408 ιαάτυῦ
1086 2341 1174 2428 λόγον
1186 2345 1237 2407 καί
1248 2351 1403 2429 μονογενῆ,

261 2444 302 2521 τός
319 2448 375 2529 ίγει
389 2449 439 2512 καὶ
456 2445 477 2530 ή
494 2449 523 2524 ἐξ
539 2445 680 2529 άληδείας
697 2443 853 2535 όρμωμίνη
869 2451 980 2512 πιστάν
998 2447 1112 2523 ίννοια,
1142 2446 1193 2509 καί
1210 2442 1281 2510 αάτδ
1299 2443 1332 2511 τδ
1350 2453 1404 2528 τῆς

191 2631 195 2644 ⁴
260 2544 400 2630 ἀληθείας
415 2546 591 2633 όκρίβασμα,
614 2544 655 2624 άς
667 2551 717 2613 καί
732 2550 764 2613 ἐν
778 2549 887 2633 ἕτέροις
901 2551 1013 2612 πλείοσι
1028 2553 1132 2626 σοφοῖς
1144 2547 1213 2631 περί
1225 2544 1335 2613 τούτου
1350 2549 1403 2612 καί

259 2647 310 2713 διά
325 2647 439 2732 μήκους
455 2646 658 2732 ἐποιησάμεθα
675 2647 730 2732 τήν
747 2647 920 2734 ὁμολογίαν,
951 2645 992 2724 άς
1008 2644 1027 2712 δ
1040 2645 1137 2732 πατήρ
1153 2655 1335 2732 σνγκολεῖται
1349 2647 1404 2713 τόν

258 2747 326 2816 υίδν
337 2754 578 2836 συνδημιουργεῖν
589 2749 641 2816 τδν
654 2749 826 2835 ἄνθρωπον,
848 2747 887 2815 δι’
900 2741 937 2816 οὗ
950 2751 1000 2814 καί
1016 2747 1051 2814 τά
1064 2746 1134 2813 άίλιι
1147 2747 1243 2813 πάντα
1254 2751 1401 2831 ἐποίησεν.

261 2848 308 2916 Οά
322 2849 414 2934 μόνον
435 2853 467 2917 δέ
482 2860 635 2938 συγκαλεῖν
651 2855 762 2934 είποιμι
779 2849 832 2917 τόν
848 2849 931 2932 υίδν,
960 2849 1031 2918 άλλδ
1048 2853 1100 2917 καί
1119 2849 1152 2916 τό
1173 2849 1256 2936 άγιον
1274 2857 1401 2934 πνεῦμα.

252 2959 311 3042 ,Τῷ
332 2952 388 3040 γάρ
406 2952 483 3042 λόγῳ
500 2957 603 3038 κυρίου
622 2956 653 3019 οί
670 2950 790 3040 οάρανοί
807 2955 1040 3038 ἐστερεσίθησαν,
1068 2953 1120 3018 καί
1133 2957 1175 3039 τῷ
1189 2949 1332 3033 πνεάματι
1348 2958 1403 3018 τοῦ

258 3053 402 3137 στόματος
417 3052 511 3120 αάτοῦ
525 3061 605 3119 πᾶσα
620 3052 642 3138 ή
657 3053 780 3138 δάναμις
795 3051 900 3120 αάτολν.
943 3058 1016 3120 Είτε
1030 3055 1063 3120 δέ
1078 3056 1253 3136 βουληθείη,
1278 3055 1334 3117 εἴτε
1350 3055 1403 3118 καί

258 3153 300 3239 μή
315 3159 491 3239 βουληθείη,
513 3157 592 3239 φημί
605 3157 639 3222 δέ
657 3153 676 3222 ό
690 3162 870 3239 Σατορνῖλος
887 3152 906 3220 δ
920 3161 973 3238 τῆς
988 3157 1125 3241 αίρίσεως
1139 3153 1247 3236 ταύτης
1263 3151 1401 3240 α’ργηγδς,

258 3255 514 3342 άναγκασθήσεται
531 3256 692 3335 ίξάπαυεος
711 3255 764 3322 τδν
784 3257 837 3322 ἐνα
851 3255 927 3322 θεόν
944 3254 1111 3342 ὁμολογεῖν,
1138 3253 1213 3320 δεδν
1227 3255 1279 3319 καί
1296 3253 1403 3340 κόριον

202 3349 206 3356 ’
257 3365 312 3424 τοῦ
327 3357 496 3441 σύμπαντος
511 3357 581 3425 &vta
593 3364 709 3442 κτίστην
721 3383 752 3423 τε
763 3359 812 3424 καί
828 3356 1015 3444 δημιουργόν,
1034 3357 1095 3442 άμα
1106 3381 1137 3422 τε
1150 3357 1268 3421 καὶτοῦ
1281 3353 1401 3442 άνθρά-

257 3485 325 3525 που.
367 3459 602 3544 Αίσχυνθήσεται
619 3463 652 3528 δέ
667 3457 743 3525 κατά
760 3455 858 3524 πάντα
873 3458 985 3544 τρόπον
1001 3457 1042 3535 οἷς
1058 3456 1259 3539 συκοφάντης,
1288 3458 1340 3521 καί
1358 3459 1401 3534 είς

257 3559 309 3627 τδν
323 3563 391 3646 περί
406 3569 568 3648 προφητῶν
580 3561 678 3648 λόγον,
700 3563 751 3627 καί
767 3563 809 3636 είς
823 3557 877 3643 τήν
891 3557 967 3626 κατά
980 3565 1034 3626 τοῦ
1049 3566 1156 3642 σεμνοῦ
1170 3556 1268 3644 γάμον
1282 3555 1401 3640 φιάλην

257 3667 441 3748 κατηγορίαν.
480 3661 580 3740 Αιίτός
592 3661 648 3750 γάρ
664 3660 683 3728 ό
697 3661 801 3748 κάριος
814 3658 899 3745 ήμῶν
910 3659 1024 3744 Ἰησοῦς
1040 3659 1167 3747 Χριστός
1178 3656 1341 3744 διαρρήδην
1354 3661 1401 3724 ἐκ·

257 3773 354 3844 φωνεῖ
372 3766 404 3829 ἐν
420 3772 462 3854 τῷ
476 3762 646 3854 εὐαγγελίῳ,
667 3767 719 3830 καί
733 3766 809 3850 λέγει
821 3761 940 3852 ουνμδά
954 3770 996 3851 τῷ
1012 3760 1168 3850 προφήτῃ,
1189 3760 1257 3826 Ὅτι
1272 3757 1291 3826 ό
1305 3767 1401 3826 λαλιάν

186 3871 187 3874 ’
257 3867 289 3930 ἐν
304 3874 366 3942 τοῖς
379 3863 561 3950 προφήταις,
592 3864 674 3946 ίδοά,
696 3865 829 3950 πάρειμι·
856 3865 907 3930 καί
924 3862 1086 3945 πάλινότι,
1113 3861 1146 3928 ‘0
1160 3861 1255 3947 πατήρ
1271 3887 1330 3946 μου
1345 3863 1401 3938 ἕως

256 3963 322 4050 άρτι
338 3966 501 4052 ἐργάζεται,
529 3965 610 4053 κάγοί
629 3966 792 4054 ἐργάζομαι.
824 3964 891 4031 Ἵνα
910 3965 943 4030 δὲ
959 3969 1037 4055 δείξῃ
1059 3970 1087 4031 τί
1103 3963 1248 4050 ἐργάζεται
1268 3962 1361 4028 αὐτοῦ
1382 3959 1400 4029 ό

257 4066 352 4152 πατήρ
365 4070 417 4133 καί
432 4067 532 4148 αάιδς,
554 4067 725 4153 άπεφήνατο
741 4069 832 4152 λόγων
845 4075 908 4142 τοῖς
920 4065 1099 4150 ίρωτήσασιν
1111 4064 1202 4132 αοίιδν
1217 4066 1244 4129 εί
1256 4063 1310 4150 χρή
1323 4062 1400 4130 άπο-

257 4169 336 4234 λάειν
345 4168 398 4253 τήν
413 4179 536 4255 γυναῖκα
548 4169 641 4236 αάτυῦ
650 4167 725 4236 κατά
737 4175 836 4234 πᾶσαν
846 4171 955 4233 αἰτίαν·
970 4174 1043 4244 Πῶς
1055 4171 1225 4256 γέγραπται,
1239 4165 1285 4232 δτι
1298 4168 1398 4248 ἐποίη-

290 4303 314 4356 4.
329 4310 490 4374 κατασκευῆς
501 4312 609 4372 rescripsi
618 4323 666 4372 τρο.
685 4311 811 4371 Υαίροιια-
878 4307 901 4357 5.
920 4307 993 4369 λὐίρο
1007 4301 1115 4374 ἀνάγκη.

256 4371 378 4440 τασκευή.
400 4379 495 4426 Ριιουίο
507 4392 554 4426 νοτ
568 4375 689 4435 σύστασις
702 4377 812 4426 induem·
879 4374 937 4423 (λιν.
955 4375 985 4423 V.
1002 4399 1036 4412 -
1059 4379 1081 4426 1.
1098 4392 1123 4428 τι
1137 4372 1238 4440 γέγονε,
1259 4373 1321 4436 φιοδ
1338 4373 1398 4422 δεκί-

256 4441 290 4490 δο
309 4442 446 4504 videbatur,
471 4449 492 4493 τι
506 4445 626 4496 retinenda
643 4445 717 4496 ιοίυυι
733 4459 810 4495 κοιτα-
842 4445 939 4494 duntur
951 4445 976 4492 ιἰι
988 4444 1041 4492 edit.
1053 4445 1128 4505 princ.
1140 4447 1160 4492 εί
1171 4444 1222 4492 ιοδ.
1232 4443 1337 4504 Ηδιδιρ,
1353 4443 1398 4490 Ρι-

258 4503 347 4574 σιιενή.
633 4543 634 4546 ,
842 4514 920 4562 ίσυίιιι
934 4513 1035 4572 reposuit
1050 4524 1080 4559 ιτ
1096 4511 1146 4560 cod.
1162 4513 1280 4560 Vaticano.
