<?xml version="1.0" encoding="UTF-8"?>
<!DOCTYPE html PUBLIC "-//W3C//DTD XHTML 1.0 Transitional//EN"
    "http://www.w3.org/TR/xhtml1/DTD/xhtml1-transitional.dtd">
<html xmlns="http://www.w3.org/1999/xhtml" xml:lang="en" lang="en">
 <head>
  <title>
</title>
<meta http-equiv="Content-Type" content="text/html;charset=utf-8" />
  <meta name='ocr-system' content='tesseract 3.04.00' />
  <meta name='ocr-capabilities' content='ocr_page ocr_carea ocr_par ocr_line ocrx_word'/>
</head>
<body>
  <div class='ocr_page' id='page_1' title='image "./corporishaerese03oehlgoog_0584.png"; bbox 0 0 2994 5024; ppageno 0'>
   <div class='ocr_carea' id='block_1_1' title="bbox 354 299 1229 367">
    <p class='ocr_par' dir='ltr' id='par_1_1' title="bbox 354 299 1229 367">
     <span class='ocr_line' id='line_1_1' title="bbox 354 299 1229 367; baseline -0.005 -1"><span class='ocrx_word' id='word_1_1' title='bbox 354 314 599 367; x_wconf 72' lang='lat' dir='ltr'><strong>runnnunrnu.</strong></span> <span class='ocrx_word' id='word_1_2' title='bbox 616 311 960 366; x_wconf 77' lang='lat' dir='ltr'><strong>reuirescenxun.</strong></span> <span class='ocrx_word' id='word_1_3' title='bbox 1168 299 1229 364; x_wconf 78' lang='grc'><strong>567</strong></span> 
     </span>
    </p>
   </div>
   <div class='ocr_carea' id='block_1_2' title="bbox 73 431 1367 4400">
    <p class='ocr_par' dir='ltr' id='par_1_2' title="bbox 73 431 1367 4202">
     <span class='ocr_line' id='line_1_2' title="bbox 82 431 1228 518; baseline 0 -22"><span class='ocrx_word' id='word_1_4' title='bbox 82 431 139 496; x_wconf 82' lang='lat' dir='ltr'><strong>stri</strong></span> <span class='ocrx_word' id='word_1_5' title='bbox 161 433 258 497; x_wconf 91' lang='lat' dir='ltr'><strong>studio</strong></span> <span class='ocrx_word' id='word_1_6' title='bbox 280 445 312 498; x_wconf 91' lang='lat' dir='ltr'><strong>et</strong></span> <span class='ocrx_word' id='word_1_7' title='bbox 332 455 432 498; x_wconf 82' lang='lat' dir='ltr'><strong>surore</strong></span> <span class='ocrx_word' id='word_1_8' title='bbox 456 435 558 498; x_wconf 87' lang='lat' dir='ltr'><strong>ductus</strong></span> <span class='ocrx_word' id='word_1_9' title='bbox 578 433 673 497; x_wconf 87' lang='lat' dir='ltr'><strong>erucis</strong></span> <span class='ocrx_word' id='word_1_10' title='bbox 690 431 859 518; x_wconf 87' lang='lat' dir='ltr'><strong>supplicium</strong></span> <span class='ocrx_word' id='word_1_11' title='bbox 881 453 939 495; x_wconf 92' lang='lat' dir='ltr'><strong>non</strong></span> <span class='ocrx_word' id='word_1_12' title='bbox 960 431 1136 496; x_wconf 74' lang='lat' dir='ltr'><strong>necessitate</strong></span> <span class='ocrx_word' id='word_1_13' title='bbox 1159 432 1228 510; x_wconf 90' lang='lat' dir='ltr'><strong>ulla,</strong></span> 
     </span>
     <span class='ocr_line' id='line_1_3' title="bbox 81 532 1230 620; baseline 0.001 -23"><span class='ocrx_word' id='word_1_14' title='bbox 81 536 137 598; x_wconf 91' lang='lat' dir='ltr'><strong>sed</strong></span> <span class='ocrx_word' id='word_1_15' title='bbox 163 536 311 600; x_wconf 80' lang='lat' dir='ltr'><strong>voluntate</strong></span> <span class='ocrx_word' id='word_1_16' title='bbox 332 537 480 600; x_wconf 77' lang='lat' dir='ltr'><strong>sustinuit.</strong></span> <span class='ocrx_word' id='word_1_17' title='bbox 526 534 576 599; x_wconf 83' lang='lat' dir='ltr'><strong>Ex</strong></span> <span class='ocrx_word' id='word_1_18' title='bbox 597 558 653 620; x_wconf 90' lang='lat' dir='ltr'><strong>quo</strong></span> <span class='ocrx_word' id='word_1_19' title='bbox 673 532 834 598; x_wconf 89' lang='lat' dir='ltr'><strong>Marcionis</strong></span> <span class='ocrx_word' id='word_1_20' title='bbox 858 544 917 597; x_wconf 88' lang='lat' dir='ltr'><strong>tota</strong></span> <span class='ocrx_word' id='word_1_21' title='bbox 941 533 989 596; x_wconf 90' lang='lat' dir='ltr'><strong>illa</strong></span> <span class='ocrx_word' id='word_1_22' title='bbox 1010 533 1083 598; x_wconf 87' lang='lat' dir='ltr'><strong>ratio</strong></span> <span class='ocrx_word' id='word_1_23' title='bbox 1103 533 1230 598; x_wconf 91' lang='lat' dir='ltr'><strong>lunditus</strong></span> 
     </span>
     <span class='ocr_line' id='line_1_4' title="bbox 81 635 1230 720; baseline 0 -20"><span class='ocrx_word' id='word_1_24' title='bbox 81 637 285 701; x_wconf 80' lang='lat' dir='ltr'><strong>labefactatur.</strong></span> <span class='ocrx_word' id='word_1_25' title='bbox 331 635 390 702; x_wconf 90' lang='lat' dir='ltr'><strong>Sed</strong></span> <span class='ocrx_word' id='word_1_26' title='bbox 409 638 443 702; x_wconf 89' lang='lat' dir='ltr'><strong>ad</strong></span> <span class='ocrx_word' id='word_1_27' title='bbox 462 639 524 702; x_wconf 91' lang='lat' dir='ltr'><strong>eius</strong></span> <span class='ocrx_word' id='word_1_28' title='bbox 540 637 701 701; x_wconf 88' lang='lat' dir='ltr'><strong>machinam</strong></span> <span class='ocrx_word' id='word_1_29' title='bbox 720 657 833 700; x_wconf 87' lang='lat' dir='ltr'><strong>omnem</strong></span> <span class='ocrx_word' id='word_1_30' title='bbox 850 658 883 700; x_wconf 93' lang='lat' dir='ltr'><strong>ae</strong></span> <span class='ocrx_word' id='word_1_31' title='bbox 900 637 1077 720; x_wconf 83' lang='lat' dir='ltr'><strong>tragoediam</strong></span> <span class='ocrx_word' id='word_1_32' title='bbox 1094 647 1230 700; x_wconf 88' lang='lat' dir='ltr'><strong>everten-</strong></span> 
     </span>
     <span class='ocr_line' id='line_1_5' title="bbox 81 739 1229 823; baseline -0.001 -19"><span class='ocrx_word' id='word_1_33' title='bbox 81 741 151 814; x_wconf 83' lang='lat' dir='ltr'><strong>dam</strong></span> <span class='ocrx_word' id='word_1_34' title='bbox 174 741 261 804; x_wconf 90' lang='lat' dir='ltr'><strong>multu</strong></span> <span class='ocrx_word' id='word_1_35' title='bbox 283 753 351 804; x_wconf 89' lang='lat' dir='ltr'><strong>sunt</strong></span> <span class='ocrx_word' id='word_1_36' title='bbox 372 762 389 804; x_wconf 91' lang='lat' dir='ltr'><strong>a</strong></span> <span class='ocrx_word' id='word_1_37' title='bbox 408 741 491 803; x_wconf 92' lang='lat' dir='ltr'><strong>nobis</strong></span> <span class='ocrx_word' id='word_1_38' title='bbox 513 741 542 803; x_wconf 94' lang='lat' dir='ltr'><strong>in</strong></span> <span class='ocrx_word' id='word_1_39' title='bbox 560 740 637 804; x_wconf 90' lang='lat' dir='ltr'><strong>illius</strong></span> <span class='ocrx_word' id='word_1_40' title='bbox 657 739 861 803; x_wconf 74' lang='lat' dir='ltr'><strong>refutationem</strong></span> <span class='ocrx_word' id='word_1_41' title='bbox 881 749 1038 820; x_wconf 85' lang='lat' dir='ltr'><strong>congesta,</strong></span> <span class='ocrx_word' id='word_1_42' title='bbox 1071 739 1229 823; x_wconf 88' lang='lat' dir='ltr'><strong>eademque</strong></span> 
     </span>
     <span class='ocr_line' id='line_1_6' title="bbox 81 841 1229 927; baseline -0.002 -21"><span class='ocrx_word' id='word_1_43' title='bbox 81 843 221 926; x_wconf 82' lang='lat' dir='ltr'><strong>religiosa</strong></span> <span class='ocrx_word' id='word_1_44' title='bbox 239 863 280 907; x_wconf 86' lang='lat' dir='ltr'><strong>ex</strong></span> <span class='ocrx_word' id='word_1_45' title='bbox 295 853 391 906; x_wconf 89' lang='lat' dir='ltr'><strong>mente</strong></span> <span class='ocrx_word' id='word_1_46' title='bbox 408 844 552 927; x_wconf 87' lang='lat' dir='ltr'><strong>animique</strong></span> <span class='ocrx_word' id='word_1_47' title='bbox 566 851 645 905; x_wconf 89' lang='lat' dir='ltr'><strong>reeta</strong></span> <span class='ocrx_word' id='word_1_48' title='bbox 665 843 778 906; x_wconf 86' lang='lat' dir='ltr'><strong>ratione</strong></span> <span class='ocrx_word' id='word_1_49' title='bbox 796 841 916 926; x_wconf 89' lang='lat' dir='ltr'><strong>praediti</strong></span> <span class='ocrx_word' id='word_1_50' title='bbox 932 841 1144 926; x_wconf 79' lang='lat' dir='ltr'><strong>significatione</strong></span> <span class='ocrx_word' id='word_1_51' title='bbox 1163 863 1229 925; x_wconf 90' lang='lat' dir='ltr'><strong>pro·</strong></span> 
     </span>
     <span class='ocr_line' id='line_1_7' title="bbox 83 947 173 1009; baseline 0 -1"><span class='ocrx_word' id='word_1_52' title='bbox 83 947 173 1009; x_wconf 85' lang='lat' dir='ltr'><strong>lecta.</strong></span> 
     </span>
     <span class='ocr_line' id='line_1_8' title="bbox 167 1044 1367 1130; baseline 0.002 -19"><span class='ocrx_word' id='word_1_53' title='bbox 167 1044 229 1111; x_wconf 89' lang='lat' dir='ltr'><strong>lam</strong></span> <span class='ocrx_word' id='word_1_54' title='bbox 247 1047 323 1110; x_wconf 90' lang='lat' dir='ltr'><strong>enim</strong></span> <span class='ocrx_word' id='word_1_55' title='bbox 347 1049 381 1110; x_wconf 86' lang='lat' dir='ltr'><strong>ed</strong></span> <span class='ocrx_word' id='word_1_56' title='bbox 403 1048 467 1110; x_wconf 85' lang='lat' dir='ltr'><strong>cius</strong></span> <span class='ocrx_word' id='word_1_57' title='bbox 484 1047 608 1130; x_wconf 88' lang='lat' dir='ltr'><strong>scripta,</strong></span> <span class='ocrx_word' id='word_1_58' title='bbox 641 1045 687 1110; x_wconf 86' lang='lat' dir='ltr'><strong>vel</strong></span> <span class='ocrx_word' id='word_1_59' title='bbox 707 1045 801 1130; x_wconf 90' lang='lat' dir='ltr'><strong>potius</strong></span> <span class='ocrx_word' id='word_1_60' title='bbox 819 1045 961 1110; x_wconf 84' lang='lat' dir='ltr'><strong>scelerate</strong></span> <span class='ocrx_word' id='word_1_61' title='bbox 978 1045 1150 1124; x_wconf 87' lang='lat' dir='ltr'><strong>commissa,</strong></span> <span class='ocrx_word' id='word_1_62' title='bbox 1181 1065 1228 1110; x_wconf 90' lang='lat' dir='ltr'><strong>me</strong></span> <span class='ocrx_word' id='word_1_63' title='bbox 1246 1061 1305 1130; x_wconf 71' lang='lat' dir='ltr'><strong>esp.</strong></span> <span class='ocrx_word' id='word_1_64' title='bbox 1323 1062 1367 1112; x_wconf 84' lang='lat' dir='ltr'><strong>tx.</strong></span> 
     </span>
     <span class='ocr_line' id='line_1_9' title="bbox 79 1145 1230 1233; baseline -0.002 -20"><span class='ocrx_word' id='word_1_65' title='bbox 79 1151 215 1214; x_wconf 79' lang='lat' dir='ltr'><strong>contero.</strong></span> <span class='ocrx_word' id='word_1_66' title='bbox 259 1147 518 1214; x_wconf 87' lang='lat' dir='ltr'><strong>Namistesolum</strong></span> <span class='ocrx_word' id='word_1_67' title='bbox 534 1145 834 1230; x_wconf 84' lang='lat' dir='ltr'><strong>Lucaeevangeliom</strong></span> <span class='ocrx_word' id='word_1_68' title='bbox 853 1149 1051 1233; x_wconf 80' lang='lat' dir='ltr'><strong>amplectitur,</strong></span> <span class='ocrx_word' id='word_1_69' title='bbox 1083 1157 1230 1233; x_wconf 90' lang='lat' dir='ltr'><strong>amputato</strong></span> 
     </span>
     <span class='ocr_line' id='line_1_10' title="bbox 81 1249 1229 1336; baseline 0 -22"><span class='ocrx_word' id='word_1_70' title='bbox 81 1264 179 1314; x_wconf 89' lang='lat' dir='ltr'><strong>tamen</strong></span> <span class='ocrx_word' id='word_1_71' title='bbox 198 1252 263 1316; x_wconf 91' lang='lat' dir='ltr'><strong>eins</strong></span> <span class='ocrx_word' id='word_1_72' title='bbox 280 1252 379 1332; x_wconf 90' lang='lat' dir='ltr'><strong>initio,</strong></span> <span class='ocrx_word' id='word_1_73' title='bbox 404 1251 533 1336; x_wconf 92' lang='lat' dir='ltr'><strong>quodibi</strong></span> <span class='ocrx_word' id='word_1_74' title='bbox 550 1250 705 1314; x_wconf 81' lang='lat' dir='ltr'><strong>salvatoris</strong></span> <span class='ocrx_word' id='word_1_75' title='bbox 724 1249 753 1312; x_wconf 91' lang='lat' dir='ltr'><strong>in</strong></span> <span class='ocrx_word' id='word_1_76' title='bbox 771 1262 854 1313; x_wconf 89' lang='lat' dir='ltr'><strong>utero</strong></span> <span class='ocrx_word' id='word_1_77' title='bbox 868 1251 1088 1333; x_wconf 77' lang='lat' dir='ltr'><strong>generationem</strong></span> <span class='ocrx_word' id='word_1_78' title='bbox 1106 1262 1134 1313; x_wconf 81' lang='lat' dir='ltr'><strong>et</strong></span> <span class='ocrx_word' id='word_1_79' title='bbox 1150 1249 1229 1314; x_wconf 87' lang='lat' dir='ltr'><strong>eius·</strong></span> 
     </span>
     <span class='ocr_line' id='line_1_11' title="bbox 79 1351 1226 1438; baseline -0.002 -22"><span class='ocrx_word' id='word_1_80' title='bbox 79 1356 148 1418; x_wconf 88' lang='lat' dir='ltr'><strong>dern</strong></span> <span class='ocrx_word' id='word_1_81' title='bbox 169 1354 324 1418; x_wconf 88' lang='lat' dir='ltr'><strong>adventum</strong></span> <span class='ocrx_word' id='word_1_82' title='bbox 348 1375 412 1417; x_wconf 85' lang='lat' dir='ltr'><strong>euna</strong></span> <span class='ocrx_word' id='word_1_83' title='bbox 437 1373 560 1438; x_wconf 86' lang='lat' dir='ltr'><strong>corpore</strong></span> <span class='ocrx_word' id='word_1_84' title='bbox 586 1352 736 1438; x_wconf 87' lang='lat' dir='ltr'><strong>perspicue</strong></span> <span class='ocrx_word' id='word_1_85' title='bbox 760 1364 977 1416; x_wconf 84' lang='lat' dir='ltr'><strong>commemoret.</strong></span> <span class='ocrx_word' id='word_1_86' title='bbox 1022 1351 1089 1416; x_wconf 89' lang='lat' dir='ltr'><strong>Nec</strong></span> <span class='ocrx_word' id='word_1_87' title='bbox 1114 1351 1226 1416; x_wconf 89' lang='lat' dir='ltr'><strong>initium</strong></span> 
     </span>
     <span class='ocr_line' id='line_1_12' title="bbox 78 1453 1229 1542; baseline -0.003 -22"><span class='ocrx_word' id='word_1_88' title='bbox 78 1456 169 1520; x_wconf 85' lang='lat' dir='ltr'><strong>mode</strong></span> <span class='ocrx_word' id='word_1_89' title='bbox 185 1456 410 1542; x_wconf 79' lang='lat' dir='ltr'><strong>circumscripsit</strong></span> <span class='ocrx_word' id='word_1_90' title='bbox 427 1456 476 1518; x_wconf 92' lang='lat' dir='ltr'><strong>ille</strong></span> <span class='ocrx_word' id='word_1_91' title='bbox 494 1457 540 1518; x_wconf 92' lang='lat' dir='ltr'><strong>sui</strong></span> <span class='ocrx_word' id='word_1_92' title='bbox 556 1456 650 1541; x_wconf 91' lang='lat' dir='ltr'><strong>potius</strong></span> <span class='ocrx_word' id='word_1_93' title='bbox 668 1476 751 1539; x_wconf 90' lang='lat' dir='ltr'><strong>quam</strong></span> <span class='ocrx_word' id='word_1_94' title='bbox 770 1453 913 1538; x_wconf 83' lang='lat' dir='ltr'><strong>evangelii</strong></span> <span class='ocrx_word' id='word_1_95' title='bbox 930 1466 1098 1540; x_wconf 89' lang='lat' dir='ltr'><strong>corruptor,</strong></span> <span class='ocrx_word' id='word_1_96' title='bbox 1129 1455 1182 1518; x_wconf 90' lang='lat' dir='ltr'><strong>sed</strong></span> <span class='ocrx_word' id='word_1_97' title='bbox 1199 1465 1229 1518; x_wconf 90' lang='lat' dir='ltr'><strong>et</strong></span> 
     </span>
     <span class='ocr_line' id='line_1_13' title="bbox 78 1557 1229 1644; baseline -0.002 -20"><span class='ocrx_word' id='word_1_98' title='bbox 78 1581 123 1624; x_wconf 84' lang='lat' dir='ltr'><strong>ex</strong></span> <span class='ocrx_word' id='word_1_99' title='bbox 138 1559 220 1622; x_wconf 91' lang='lat' dir='ltr'><strong>initio</strong></span> <span class='ocrx_word' id='word_1_100' title='bbox 234 1560 390 1644; x_wconf 86' lang='lat' dir='ltr'><strong>pariterue</strong></span> <span class='ocrx_word' id='word_1_101' title='bbox 403 1558 498 1622; x_wconf 89' lang='lat' dir='ltr'><strong>medio</strong></span> <span class='ocrx_word' id='word_1_102' title='bbox 511 1559 662 1643; x_wconf 91' lang='lat' dir='ltr'><strong>plerasque</strong></span> <span class='ocrx_word' id='word_1_103' title='bbox 677 1557 809 1621; x_wconf 87' lang='lat' dir='ltr'><strong>veritatis</strong></span> <span class='ocrx_word' id='word_1_104' title='bbox 823 1559 983 1622; x_wconf 90' lang='lat' dir='ltr'><strong>sententias</strong></span> <span class='ocrx_word' id='word_1_105' title='bbox 996 1558 1124 1637; x_wconf 90' lang='lat' dir='ltr'><strong>sustulit,</strong></span> <span class='ocrx_word' id='word_1_106' title='bbox 1142 1558 1229 1622; x_wconf 87' lang='lat' dir='ltr'><strong>alies·</strong></span> 
     </span>
     <span class='ocr_line' id='line_1_14' title="bbox 75 1659 1228 1746; baseline 0 -20"><span class='ocrx_word' id='word_1_107' title='bbox 75 1682 138 1746; x_wconf 87' lang='lat' dir='ltr'><strong>que</strong></span> <span class='ocrx_word' id='word_1_108' title='bbox 161 1683 212 1746; x_wconf 90' lang='lat' dir='ltr'><strong>pro</strong></span> <span class='ocrx_word' id='word_1_109' title='bbox 228 1660 285 1724; x_wconf 90' lang='lat' dir='ltr'><strong>illis</strong></span> <span class='ocrx_word' id='word_1_110' title='bbox 302 1661 461 1724; x_wconf 86' lang='lat' dir='ltr'><strong>substituit.</strong></span> <span class='ocrx_word' id='word_1_111' title='bbox 508 1659 590 1724; x_wconf 83' lang='lat' dir='ltr'><strong>llene</strong></span> <span class='ocrx_word' id='word_1_112' title='bbox 609 1682 694 1723; x_wconf 92' lang='lat' dir='ltr'><strong>uuam</strong></span> <span class='ocrx_word' id='word_1_113' title='bbox 714 1681 800 1746; x_wconf 90' lang='lat' dir='ltr'><strong>porro</strong></span> <span class='ocrx_word' id='word_1_114' title='bbox 818 1660 961 1744; x_wconf 85' lang='lat' dir='ltr'><strong>evcrrgelii</strong></span> <span class='ocrx_word' id='word_1_115' title='bbox 983 1662 1119 1740; x_wconf 77' lang='lat' dir='ltr'><strong>formam,</strong></span> <span class='ocrx_word' id='word_1_116' title='bbox 1151 1662 1228 1746; x_wconf 90' lang='lat' dir='ltr'><strong>quod</strong></span> 
     </span>
     <span class='ocr_line' id='line_1_15' title="bbox 74 1761 1226 1848; baseline -0.002 -20"><span class='ocrx_word' id='word_1_117' title='bbox 74 1787 95 1828; x_wconf 85' lang='lat' dir='ltr'><strong>a</strong></span> <span class='ocrx_word' id='word_1_118' title='bbox 114 1761 199 1826; x_wconf 88' lang='lat' dir='ltr'><strong>Luca</strong></span> <span class='ocrx_word' id='word_1_119' title='bbox 216 1764 367 1848; x_wconf 86' lang='lat' dir='ltr'><strong>scripturn,</strong></span> <span class='ocrx_word' id='word_1_120' title='bbox 390 1762 531 1828; x_wconf 79' lang='lat' dir='ltr'><strong>admittit:</strong></span> <span class='ocrx_word' id='word_1_121' title='bbox 556 1762 694 1848; x_wconf 88' lang='lat' dir='ltr'><strong>epistolas</strong></span> <span class='ocrx_word' id='word_1_122' title='bbox 710 1775 862 1848; x_wconf 86' lang='lat' dir='ltr'><strong>praeterea</strong></span> <span class='ocrx_word' id='word_1_123' title='bbox 875 1761 958 1826; x_wconf 89' lang='lat' dir='ltr'><strong>Pauli</strong></span> <span class='ocrx_word' id='word_1_124' title='bbox 974 1763 1097 1848; x_wconf 91' lang='lat' dir='ltr'><strong>apostoli</strong></span> <span class='ocrx_word' id='word_1_125' title='bbox 1113 1765 1226 1841; x_wconf 92' lang='lat' dir='ltr'><strong>decem,</strong></span> 
     </span>
     <span class='ocr_line' id='line_1_16' title="bbox 74 1864 1228 1950; baseline 0.002 -21"><span class='ocrx_word' id='word_1_126' title='bbox 74 1866 185 1950; x_wconf 91' lang='lat' dir='ltr'><strong>quibus</strong></span> <span class='ocrx_word' id='word_1_127' title='bbox 204 1864 275 1929; x_wconf 90' lang='lat' dir='ltr'><strong>solis</strong></span> <span class='ocrx_word' id='word_1_128' title='bbox 295 1866 401 1944; x_wconf 89' lang='lat' dir='ltr'><strong>utitur,</strong></span> <span class='ocrx_word' id='word_1_129' title='bbox 433 1885 486 1928; x_wconf 92' lang='lat' dir='ltr'><strong>nec</strong></span> <span class='ocrx_word' id='word_1_130' title='bbox 503 1865 540 1928; x_wconf 90' lang='lat' dir='ltr'><strong>iis</strong></span> <span class='ocrx_word' id='word_1_131' title='bbox 558 1865 671 1949; x_wconf 90' lang='lat' dir='ltr'><strong>quidem</strong></span> <span class='ocrx_word' id='word_1_132' title='bbox 688 1865 827 1948; x_wconf 81' lang='lat' dir='ltr'><strong>integris,</strong></span> <span class='ocrx_word' id='word_1_133' title='bbox 860 1866 910 1930; x_wconf 88' lang='lat' dir='ltr'><strong>sed</strong></span> <span class='ocrx_word' id='word_1_134' title='bbox 928 1865 985 1930; x_wconf 92' lang='lat' dir='ltr'><strong>alia</strong></span> <span class='ocrx_word' id='word_1_135' title='bbox 1004 1886 1044 1928; x_wconf 83' lang='lat' dir='ltr'><strong>ex</strong></span> <span class='ocrx_word' id='word_1_136' title='bbox 1060 1866 1117 1928; x_wconf 92' lang='lat' dir='ltr'><strong>illis</strong></span> <span class='ocrx_word' id='word_1_137' title='bbox 1133 1865 1228 1950; x_wconf 88' lang='lat' dir='ltr'><strong>capita</strong></span> 
     </span>
     <span class='ocr_line' id='line_1_17' title="bbox 74 1967 1227 2052; baseline -0.001 -19"><span class='ocrx_word' id='word_1_138' title='bbox 74 1968 224 2046; x_wconf 87' lang='lat' dir='ltr'><strong>detrahit,</strong></span> <span class='ocrx_word' id='word_1_139' title='bbox 256 1967 313 2032; x_wconf 90' lang='lat' dir='ltr'><strong>alia</strong></span> <span class='ocrx_word' id='word_1_140' title='bbox 336 1978 502 2032; x_wconf 82' lang='lat' dir='ltr'><strong>commutet.</strong></span> <span class='ocrx_word' id='word_1_141' title='bbox 549 1970 646 2051; x_wconf 80' lang='lat' dir='ltr'><strong>Atque</strong></span> <span class='ocrx_word' id='word_1_142' title='bbox 670 1968 722 2030; x_wconf 90' lang='lat' dir='ltr'><strong>hos</strong></span> <span class='ocrx_word' id='word_1_143' title='bbox 745 1969 816 2030; x_wconf 90' lang='lat' dir='ltr'><strong>duos</strong></span> <span class='ocrx_word' id='word_1_144' title='bbox 838 1967 927 2031; x_wconf 88' lang='lat' dir='ltr'><strong>libros</strong></span> <span class='ocrx_word' id='word_1_145' title='bbox 946 1968 1088 2032; x_wconf 86' lang='lat' dir='ltr'><strong>duntaxat</strong></span> <span class='ocrx_word' id='word_1_146' title='bbox 1108 1989 1161 2052; x_wconf 90' lang='lat' dir='ltr'><strong>pro</strong></span> <span class='ocrx_word' id='word_1_147' title='bbox 1178 1990 1227 2032; x_wconf 90' lang='lat' dir='ltr'><strong>ea·</strong></span> 
     </span>
     <span class='ocr_line' id='line_1_18' title="bbox 74 2069 1226 2154; baseline -0.001 -19"><span class='ocrx_word' id='word_1_148' title='bbox 74 2069 195 2135; x_wconf 89' lang='lat' dir='ltr'><strong>nouicis</strong></span> <span class='ocrx_word' id='word_1_149' title='bbox 216 2070 320 2149; x_wconf 80' lang='lat' dir='ltr'><strong>babet3</strong></span> <span class='ocrx_word' id='word_1_150' title='bbox 353 2081 469 2154; x_wconf 89' lang='lat' dir='ltr'><strong>praeter</strong></span> <span class='ocrx_word' id='word_1_151' title='bbox 490 2091 562 2153; x_wconf 93' lang='lat' dir='ltr'><strong>quos</strong></span> <span class='ocrx_word' id='word_1_152' title='bbox 586 2069 644 2134; x_wconf 85' lang='lat' dir='ltr'><strong>elia</strong></span> <span class='ocrx_word' id='word_1_153' title='bbox 663 2070 781 2154; x_wconf 89' lang='lat' dir='ltr'><strong>iusuper</strong></span> <span class='ocrx_word' id='word_1_154' title='bbox 803 2091 818 2130; x_wconf 90' lang='lat' dir='ltr'><strong>a</strong></span> <span class='ocrx_word' id='word_1_155' title='bbox 840 2091 872 2133; x_wconf 89' lang='lat' dir='ltr'><strong>se</strong></span> <span class='ocrx_word' id='word_1_156' title='bbox 892 2070 1058 2134; x_wconf 83' lang='lat' dir='ltr'><strong>elucubrata</strong></span> <span class='ocrx_word' id='word_1_157' title='bbox 1079 2070 1226 2134; x_wconf 88' lang='lat' dir='ltr'><strong>volumina</strong></span> 
     </span>
     <span class='ocr_line' id='line_1_19' title="bbox 73 2155 1225 2258; baseline -0.001 -21"><span class='ocrx_word' id='word_1_158' title='bbox 73 2171 191 2238; x_wconf 88' lang='lat' dir='ltr'><strong>erroris</strong></span> <span class='ocrx_word' id='word_1_159' title='bbox 209 2173 254 2236; x_wconf 91' lang='lat' dir='ltr'><strong>sui</strong></span> <span class='ocrx_word' id='word_1_160' title='bbox 270 2173 408 2237; x_wconf 86' lang='lat' dir='ltr'><strong>studiosis</strong></span> <span class='ocrx_word' id='word_1_161' title='bbox 425 2171 560 2236; x_wconf 86' lang='lat' dir='ltr'><strong>obtrusit.</strong></span> <span class='ocrx_word' id='word_1_162' title='bbox 607 2171 756 2256; x_wconf 82' lang='lat' dir='ltr'><strong>Epistulae</strong></span> <span class='ocrx_word' id='word_1_163' title='bbox 777 2155 865 2250; x_wconf 80' lang='lat' dir='ltr'><strong>vero,</strong></span> <span class='ocrx_word' id='word_1_164' title='bbox 889 2194 963 2254; x_wconf 92' lang='lat' dir='ltr'><strong>quae</strong></span> <span class='ocrx_word' id='word_1_165' title='bbox 980 2172 1015 2236; x_wconf 87' lang='lat' dir='ltr'><strong>ab</strong></span> <span class='ocrx_word' id='word_1_166' title='bbox 1033 2172 1081 2236; x_wconf 93' lang='lat' dir='ltr'><strong>illo</strong></span> <span class='ocrx_word' id='word_1_167' title='bbox 1101 2175 1225 2258; x_wconf 88' lang='lat' dir='ltr'><strong>proban·</strong></span> 
     </span>
     <span class='ocr_line' id='line_1_20' title="bbox 75 2270 1223 2360; baseline 0.001 -22"><span class='ocrx_word' id='word_1_168' title='bbox 75 2288 147 2352; x_wconf 81' lang='lat' dir='ltr'><strong>terr,</strong></span> <span class='ocrx_word' id='word_1_169' title='bbox 181 2275 235 2338; x_wconf 88' lang='lat' dir='ltr'><strong>hae</strong></span> <span class='ocrx_word' id='word_1_170' title='bbox 256 2286 335 2338; x_wconf 90' lang='lat' dir='ltr'><strong>sunt.</strong></span> <span class='ocrx_word' id='word_1_171' title='bbox 381 2272 477 2338; x_wconf 89' lang='lat' dir='ltr'><strong>Prima</strong></span> <span class='ocrx_word' id='word_1_172' title='bbox 499 2284 545 2338; x_wconf 89' lang='lat' dir='ltr'><strong>est</strong></span> <span class='ocrx_word' id='word_1_173' title='bbox 569 2274 603 2338; x_wconf 93' lang='lat' dir='ltr'><strong>ad</strong></span> <span class='ocrx_word' id='word_1_174' title='bbox 628 2273 767 2352; x_wconf 83' lang='lat' dir='ltr'><strong>Galatas,</strong></span> <span class='ocrx_word' id='word_1_175' title='bbox 800 2270 841 2336; x_wconf 93' lang='lat' dir='ltr'><strong>ll.</strong></span> <span class='ocrx_word' id='word_1_176' title='bbox 867 2273 902 2338; x_wconf 88' lang='lat' dir='ltr'><strong>ad</strong></span> <span class='ocrx_word' id='word_1_177' title='bbox 926 2270 1096 2338; x_wconf 83' lang='lat' dir='ltr'><strong>Corinthios</strong></span> <span class='ocrx_word' id='word_1_178' title='bbox 1120 2277 1223 2360; x_wconf 85' lang='lat' dir='ltr'><strong>prima,</strong></span> 
     </span>
     <span class='ocr_line' id='line_1_21' title="bbox 75 2373 1227 2455; baseline 0.001 -14"><span class='ocrx_word' id='word_1_179' title='bbox 75 2373 140 2442; x_wconf 93' lang='lat' dir='ltr'><strong>lll.</strong></span> <span class='ocrx_word' id='word_1_180' title='bbox 165 2377 200 2440; x_wconf 89' lang='lat' dir='ltr'><strong>ad</strong></span> <span class='ocrx_word' id='word_1_181' title='bbox 221 2373 391 2440; x_wconf 86' lang='lat' dir='ltr'><strong>Corinthios</strong></span> <span class='ocrx_word' id='word_1_182' title='bbox 413 2376 558 2455; x_wconf 87' lang='lat' dir='ltr'><strong>secunda,</strong></span> <span class='ocrx_word' id='word_1_183' title='bbox 589 2374 645 2440; x_wconf 88' lang='lat' dir='ltr'><strong>lV.</strong></span> <span class='ocrx_word' id='word_1_184' title='bbox 668 2373 887 2454; x_wconf 70' lang='lat' dir='ltr'><strong>adliceremus,</strong></span> <span class='ocrx_word' id='word_1_185' title='bbox 917 2374 956 2440; x_wconf 88' lang='lat' dir='ltr'><strong>V.</strong></span> <span class='ocrx_word' id='word_1_186' title='bbox 980 2377 1015 2438; x_wconf 91' lang='lat' dir='ltr'><strong>ad</strong></span> <span class='ocrx_word' id='word_1_187' title='bbox 1036 2377 1227 2443; x_wconf 88' lang='lat' dir='ltr'><strong>Thessaloni·</strong></span> 
     </span>
     <span class='ocr_line' id='line_1_22' title="bbox 75 2475 1224 2564; baseline 0.001 -21"><span class='ocrx_word' id='word_1_188' title='bbox 75 2497 188 2543; x_wconf 90' lang='lat' dir='ltr'><strong>censes</strong></span> <span class='ocrx_word' id='word_1_189' title='bbox 204 2478 306 2562; x_wconf 86' lang='lat' dir='ltr'><strong>prima,</strong></span> <span class='ocrx_word' id='word_1_190' title='bbox 332 2475 387 2542; x_wconf 94' lang='lat' dir='ltr'><strong>Vl.</strong></span> <span class='ocrx_word' id='word_1_191' title='bbox 407 2478 441 2542; x_wconf 91' lang='lat' dir='ltr'><strong>ad</strong></span> <span class='ocrx_word' id='word_1_192' title='bbox 460 2477 740 2542; x_wconf 84' lang='lat' dir='ltr'><strong>Thessalonicenses</strong></span> <span class='ocrx_word' id='word_1_193' title='bbox 757 2479 897 2556; x_wconf 88' lang='lat' dir='ltr'><strong>secunda,</strong></span> <span class='ocrx_word' id='word_1_194' title='bbox 923 2475 994 2542; x_wconf 92' lang='lat' dir='ltr'><strong>Vll.</strong></span> <span class='ocrx_word' id='word_1_195' title='bbox 1015 2481 1049 2542; x_wconf 92' lang='lat' dir='ltr'><strong>ad</strong></span> <span class='ocrx_word' id='word_1_196' title='bbox 1068 2478 1224 2564; x_wconf 87' lang='lat' dir='ltr'><strong>Ephesios,</strong></span> 
     </span>
     <span class='ocr_line' id='line_1_23' title="bbox 75 2577 1224 2667; baseline 0.001 -22"><span class='ocrx_word' id='word_1_197' title='bbox 75 2577 171 2645; x_wconf 91' lang='lat' dir='ltr'><strong>Vlll.</strong></span> <span class='ocrx_word' id='word_1_198' title='bbox 194 2583 230 2646; x_wconf 84' lang='lat' dir='ltr'><strong>cd</strong></span> <span class='ocrx_word' id='word_1_199' title='bbox 253 2577 465 2657; x_wconf 78' lang='lat' dir='ltr'><strong>colossenses,</strong></span> <span class='ocrx_word' id='word_1_200' title='bbox 500 2577 558 2642; x_wconf 88' lang='lat' dir='ltr'><strong>lX.</strong></span> <span class='ocrx_word' id='word_1_201' title='bbox 581 2581 615 2644; x_wconf 88' lang='lat' dir='ltr'><strong>nd</strong></span> <span class='ocrx_word' id='word_1_202' title='bbox 638 2577 855 2658; x_wconf 87' lang='lat' dir='ltr'><strong>Philemonem,</strong></span> <span class='ocrx_word' id='word_1_203' title='bbox 884 2577 928 2643; x_wconf 88' lang='grc' dir='ltr'><strong>Χ.</strong></span> <span class='ocrx_word' id='word_1_204' title='bbox 953 2581 988 2642; x_wconf 93' lang='lat' dir='ltr'><strong>ad</strong></span> <span class='ocrx_word' id='word_1_205' title='bbox 1010 2579 1224 2667; x_wconf 86' lang='lat' dir='ltr'><strong>Philippenses.</strong></span> 
     </span>
     <span class='ocr_line' id='line_1_24' title="bbox 74 2681 1224 2768; baseline 0 -20"><span class='ocrx_word' id='word_1_206' title='bbox 74 2682 178 2748; x_wconf 82' lang='lat' dir='ltr'><strong>Habet</strong></span> <span class='ocrx_word' id='word_1_207' title='bbox 195 2686 275 2748; x_wconf 88' lang='lat' dir='ltr'><strong>etad</strong></span> <span class='ocrx_word' id='word_1_208' title='bbox 293 2681 491 2748; x_wconf 85' lang='lat' dir='ltr'><strong>Laodicenses</strong></span> <span class='ocrx_word' id='word_1_209' title='bbox 511 2681 652 2768; x_wconf 91' lang='lat' dir='ltr'><strong>epistolae</strong></span> <span class='ocrx_word' id='word_1_210' title='bbox 671 2681 826 2766; x_wconf 86' lang='lat' dir='ltr'><strong>particulas</strong></span> <span class='ocrx_word' id='word_1_211' title='bbox 841 2683 960 2766; x_wconf 86' lang='lat' dir='ltr'><strong>aliquot.</strong></span> <span class='ocrx_word' id='word_1_212' title='bbox 1007 2681 1073 2766; x_wconf 86' lang='lat' dir='ltr'><strong>Qua</strong></span> <span class='ocrx_word' id='word_1_213' title='bbox 1093 2705 1132 2748; x_wconf 85' lang='lat' dir='ltr'><strong>ex</strong></span> <span class='ocrx_word' id='word_1_214' title='bbox 1150 2685 1224 2768; x_wconf 90' lang='lat' dir='ltr'><strong>ipsa,</strong></span> 
     </span>
     <span class='ocr_line' id='line_1_25' title="bbox 73 2783 1227 2872; baseline 0.005 -24"><span class='ocrx_word' id='word_1_215' title='bbox 73 2805 166 2870; x_wconf 91' lang='lat' dir='ltr'><strong>quana</strong></span> <span class='ocrx_word' id='word_1_216' title='bbox 183 2786 305 2866; x_wconf 88' lang='lat' dir='ltr'><strong>retinet,</strong></span> <span class='ocrx_word' id='word_1_217' title='bbox 336 2784 479 2869; x_wconf 84' lang='lat' dir='ltr'><strong>euangelii</strong></span> <span class='ocrx_word' id='word_1_218' title='bbox 498 2783 740 2869; x_wconf 82' lang='lat' dir='ltr'><strong>epistolarumque</strong></span> <span class='ocrx_word' id='word_1_219' title='bbox 758 2785 849 2846; x_wconf 85' lang='lat' dir='ltr'><strong>lorum</strong></span> <span class='ocrx_word' id='word_1_220' title='bbox 865 2784 979 2867; x_wconf 91' lang='lat' dir='ltr'><strong>planum</strong></span> <span class='ocrx_word' id='word_1_221' title='bbox 998 2785 1073 2848; x_wconf 92' lang='lat' dir='ltr'><strong>hunc</strong></span> <span class='ocrx_word' id='word_1_222' title='bbox 1091 2797 1121 2850; x_wconf 89' lang='lat' dir='ltr'><strong>et</strong></span> <span class='ocrx_word' id='word_1_223' title='bbox 1135 2786 1227 2872; x_wconf 88' lang='lat' dir='ltr'><strong>impe·</strong></span> 
     </span>
     <span class='ocr_line' id='line_1_26' title="bbox 73 2885 1227 2972; baseline 0.002 -22"><span class='ocrx_word' id='word_1_224' title='bbox 73 2899 189 2951; x_wconf 84' lang='lat' dir='ltr'><strong>storem</strong></span> <span class='ocrx_word' id='word_1_225' title='bbox 206 2908 272 2950; x_wconf 91' lang='lat' dir='ltr'><strong>esse</strong></span> <span class='ocrx_word' id='word_1_226' title='bbox 290 2888 490 2950; x_wconf 77' lang='lat' dir='ltr'><strong>demonstrare</strong></span> <span class='ocrx_word' id='word_1_227' title='bbox 507 2888 561 2950; x_wconf 90' lang='lat' dir='ltr'><strong>deo</strong></span> <span class='ocrx_word' id='word_1_228' title='bbox 578 2885 735 2969; x_wconf 89' lang='lat' dir='ltr'><strong>opitulante</strong></span> <span class='ocrx_word' id='word_1_229' title='bbox 751 2907 914 2966; x_wconf 90' lang='lat' dir='ltr'><strong>possumus,</strong></span> <span class='ocrx_word' id='word_1_230' title='bbox 941 2886 1163 2972; x_wconf 85' lang='lat' dir='ltr'><strong>plenissimeque</strong></span> <span class='ocrx_word' id='word_1_231' title='bbox 1180 2910 1227 2952; x_wconf 90' lang='lat' dir='ltr'><strong>re-</strong></span> 
     </span>
     <span class='ocr_line' id='line_1_27' title="bbox 75 2987 1224 3075; baseline 0.001 -22"><span class='ocrx_word' id='word_1_232' title='bbox 75 2990 193 3054; x_wconf 86' lang='lat' dir='ltr'><strong>lellere.</strong></span> <span class='ocrx_word' id='word_1_233' title='bbox 239 2987 353 3052; x_wconf 86' lang='lat' dir='ltr'><strong>Etenim</strong></span> <span class='ocrx_word' id='word_1_234' title='bbox 375 3009 413 3052; x_wconf 81' lang='lat' dir='ltr'><strong>ex</strong></span> <span class='ocrx_word' id='word_1_235' title='bbox 433 2989 469 3052; x_wconf 90' lang='lat' dir='ltr'><strong>iis</strong></span> <span class='ocrx_word' id='word_1_236' title='bbox 487 2989 557 3075; x_wconf 87' lang='lat' dir='ltr'><strong>ipsis</strong></span> <span class='ocrx_word' id='word_1_237' title='bbox 578 2989 676 3066; x_wconf 90' lang='lat' dir='ltr'><strong>libris,</strong></span> <span class='ocrx_word' id='word_1_238' title='bbox 708 3009 779 3071; x_wconf 90' lang='lat' dir='ltr'><strong>quos</strong></span> <span class='ocrx_word' id='word_1_239' title='bbox 799 3009 955 3072; x_wconf 82' lang='lat' dir='ltr'><strong>germanos</strong></span> <span class='ocrx_word' id='word_1_240' title='bbox 975 3011 1040 3052; x_wconf 88' lang='lat' dir='ltr'><strong>esse</strong></span> <span class='ocrx_word' id='word_1_241' title='bbox 1058 2991 1224 3070; x_wconf 84' lang='lat' dir='ltr'><strong>confitetur,</strong></span> 
     </span>
     <span class='ocr_line' id='line_1_28' title="bbox 74 3089 1227 3177; baseline 0.003 -24"><span class='ocrx_word' id='word_1_242' title='bbox 74 3090 182 3177; x_wconf 85' lang='lat' dir='ltr'><strong>procul</strong></span> <span class='ocrx_word' id='word_1_243' title='bbox 202 3091 287 3154; x_wconf 92' lang='lat' dir='ltr'><strong>dubie</strong></span> <span class='ocrx_word' id='word_1_244' title='bbox 310 3092 512 3174; x_wconf 83' lang='lat' dir='ltr'><strong>redarguetur.</strong></span> <span class='ocrx_word' id='word_1_245' title='bbox 560 3089 606 3153; x_wconf 83' lang='lat' dir='ltr'><strong>Ex</strong></span> <span class='ocrx_word' id='word_1_246' title='bbox 629 3091 666 3153; x_wconf 89' lang='lat' dir='ltr'><strong>iis</strong></span> <span class='ocrx_word' id='word_1_247' title='bbox 688 3091 803 3173; x_wconf 88' lang='lat' dir='ltr'><strong>inquam</strong></span> <span class='ocrx_word' id='word_1_248' title='bbox 825 3111 896 3174; x_wconf 86' lang='lat' dir='ltr'><strong>quas</strong></span> <span class='ocrx_word' id='word_1_249' title='bbox 917 3091 1053 3155; x_wconf 88' lang='lat' dir='ltr'><strong>adsciscit</strong></span> <span class='ocrx_word' id='word_1_250' title='bbox 1074 3113 1107 3154; x_wconf 93' lang='lat' dir='ltr'><strong>ac</strong></span> <span class='ocrx_word' id='word_1_251' title='bbox 1126 3104 1227 3157; x_wconf 86' lang='lat' dir='ltr'><strong>servat</strong></span> 
     </span>
     <span class='ocr_line' id='line_1_29' title="bbox 76 3191 1226 3278; baseline 0.002 -22"><span class='ocrx_word' id='word_1_252' title='bbox 76 3191 249 3275; x_wconf 60' lang='lat' dir='ltr'><strong>evangelii,</strong></span> <span class='ocrx_word' id='word_1_253' title='bbox 268 3193 512 3277; x_wconf 88' lang='lat' dir='ltr'><strong>epistolarumque</strong></span> <span class='ocrx_word' id='word_1_254' title='bbox 530 3192 676 3276; x_wconf 90' lang='lat' dir='ltr'><strong>reliqniis,</strong></span> <span class='ocrx_word' id='word_1_255' title='bbox 707 3193 779 3276; x_wconf 84' lang='lat' dir='ltr'><strong>apud</strong></span> <span class='ocrx_word' id='word_1_256' title='bbox 798 3213 849 3255; x_wconf 91' lang='lat' dir='ltr'><strong>ecs</strong></span> <span class='ocrx_word' id='word_1_257' title='bbox 868 3193 981 3276; x_wconf 91' lang='lat' dir='ltr'><strong>quidem</strong></span> <span class='ocrx_word' id='word_1_258' title='bbox 999 3194 1046 3278; x_wconf 91' lang='lat' dir='ltr'><strong>qui</strong></span> <span class='ocrx_word' id='word_1_259' title='bbox 1066 3193 1226 3277; x_wconf 88' lang='lat' dir='ltr'><strong>sapientiae</strong></span> 
     </span>
     <span class='ocr_line' id='line_1_30' title="bbox 74 3293 1226 3380; baseline 0 -20"><span class='ocrx_word' id='word_1_260' title='bbox 74 3295 225 3380; x_wconf 86' lang='lat' dir='ltr'><strong>paululum</strong></span> <span class='ocrx_word' id='word_1_261' title='bbox 244 3294 368 3358; x_wconf 86' lang='lat' dir='ltr'><strong>habeant</strong></span> <span class='ocrx_word' id='word_1_262' title='bbox 385 3295 537 3358; x_wconf 76' lang='lat' dir='ltr'><strong>manifeste</strong></span> <span class='ocrx_word' id='word_1_263' title='bbox 554 3293 755 3380; x_wconf 89' lang='lat' dir='ltr'><strong>probabimus,</strong></span> <span class='ocrx_word' id='word_1_264' title='bbox 788 3315 967 3378; x_wconf 89' lang='lat' dir='ltr'><strong>nequaquam</strong></span> <span class='ocrx_word' id='word_1_265' title='bbox 988 3307 1120 3362; x_wconf 75' lang='lat' dir='ltr'><strong>avehere</strong></span> <span class='ocrx_word' id='word_1_266' title='bbox 1138 3307 1226 3360; x_wconf 88' lang='lat' dir='ltr'><strong>testa-</strong></span> 
     </span>
     <span class='ocr_line' id='line_1_31' title="bbox 74 3392 1226 3482; baseline 0.003 -21"><span class='ocrx_word' id='word_1_267' title='bbox 74 3409 179 3462; x_wconf 88' lang='lat' dir='ltr'><strong>mento</strong></span> <span class='ocrx_word' id='word_1_268' title='bbox 197 3392 358 3476; x_wconf 84' lang='lat' dir='ltr'><strong>Christum,</strong></span> <span class='ocrx_word' id='word_1_269' title='bbox 377 3408 426 3460; x_wconf 84' lang='lat' dir='ltr'><strong>eut</strong></span> <span class='ocrx_word' id='word_1_270' title='bbox 440 3396 475 3459; x_wconf 92' lang='lat' dir='ltr'><strong>ab</strong></span> <span class='ocrx_word' id='word_1_271' title='bbox 491 3417 527 3460; x_wconf 90' lang='lat' dir='ltr'><strong>eo</strong></span> <span class='ocrx_word' id='word_1_272' title='bbox 544 3419 608 3460; x_wconf 90' lang='lat' dir='ltr'><strong>eum</strong></span> <span class='ocrx_word' id='word_1_273' title='bbox 624 3417 711 3460; x_wconf 88' lang='lat' dir='ltr'><strong>earne</strong></span> <span class='ocrx_word' id='word_1_274' title='bbox 728 3396 864 3460; x_wconf 86' lang='lat' dir='ltr'><strong>veniente</strong></span> <span class='ocrx_word' id='word_1_275' title='bbox 879 3399 1033 3482; x_wconf 88' lang='lat' dir='ltr'><strong>prophetas</strong></span> <span class='ocrx_word' id='word_1_276' title='bbox 1049 3398 1226 3464; x_wconf 82' lang='lat' dir='ltr'><strong>abhorrere:</strong></span> 
     </span>
     <span class='ocr_line' id='line_1_32' title="bbox 75 3497 1226 3586; baseline 0.001 -22"><span class='ocrx_word' id='word_1_277' title='bbox 75 3501 236 3586; x_wconf 90' lang='lat' dir='ltr'><strong>quinetiam</strong></span> <span class='ocrx_word' id='word_1_278' title='bbox 260 3500 506 3562; x_wconf 88' lang='lat' dir='ltr'><strong>resurrectionem</strong></span> <span class='ocrx_word' id='word_1_279' title='bbox 530 3520 683 3584; x_wconf 90' lang='lat' dir='ltr'><strong>corporum</strong></span> <span class='ocrx_word' id='word_1_280' title='bbox 712 3497 747 3562; x_wconf 89' lang='lat' dir='ltr'><strong>ab</strong></span> <span class='ocrx_word' id='word_1_281' title='bbox 774 3501 905 3583; x_wconf 88' lang='lat' dir='ltr'><strong>apostole</strong></span> <span class='ocrx_word' id='word_1_282' title='bbox 931 3500 1108 3584; x_wconf 89' lang='lat' dir='ltr'><strong>praedicari,</strong></span> <span class='ocrx_word' id='word_1_283' title='bbox 1143 3512 1173 3565; x_wconf 93' lang='lat' dir='ltr'><strong>et</strong></span> <span class='ocrx_word' id='word_1_284' title='bbox 1196 3502 1226 3566; x_wconf 92' lang='lat' dir='ltr'><strong>iu</strong></span> 
     </span>
     <span class='ocr_line' id='line_1_33' title="bbox 75 3601 1226 3685; baseline 0.002 -19"><span class='ocrx_word' id='word_1_285' title='bbox 75 3623 181 3666; x_wconf 90' lang='lat' dir='ltr'><strong>eorum</strong></span> <span class='ocrx_word' id='word_1_286' title='bbox 209 3601 257 3685; x_wconf 92' lang='lat' dir='ltr'><strong>qui</strong></span> <span class='ocrx_word' id='word_1_287' title='bbox 285 3602 407 3666; x_wconf 90' lang='lat' dir='ltr'><strong>salutem</strong></span> <span class='ocrx_word' id='word_1_288' title='bbox 436 3611 652 3684; x_wconf 89' lang='lat' dir='ltr'><strong>consequuntur</strong></span> <span class='ocrx_word' id='word_1_289' title='bbox 681 3622 831 3664; x_wconf 80' lang='lat' dir='ltr'><strong>cuneorum</strong></span> <span class='ocrx_word' id='word_1_290' title='bbox 861 3602 1038 3665; x_wconf 81' lang='lat' dir='ltr'><strong>Abraamum</strong></span> <span class='ocrx_word' id='word_1_291' title='bbox 1064 3604 1099 3666; x_wconf 90' lang='lat' dir='ltr'><strong>ab</strong></span> <span class='ocrx_word' id='word_1_292' title='bbox 1125 3605 1226 3668; x_wconf 86' lang='lat' dir='ltr'><strong>eodem</strong></span> 
     </span>
     <span class='ocr_line' id='line_1_34' title="bbox 75 3701 1228 3787; baseline 0.003 -20"><span class='ocrx_word' id='word_1_293' title='bbox 75 3714 107 3767; x_wconf 90' lang='lat' dir='ltr'><strong>et</strong></span> <span class='ocrx_word' id='word_1_294' title='bbox 132 3701 265 3768; x_wconf 87' lang='lat' dir='ltr'><strong>lseaeum</strong></span> <span class='ocrx_word' id='word_1_295' title='bbox 290 3701 483 3786; x_wconf 84' lang='lat' dir='ltr'><strong>lacebunrque</strong></span> <span class='ocrx_word' id='word_1_296' title='bbox 505 3703 629 3766; x_wconf 77' lang='lat' dir='ltr'><strong>referris</strong></span> <span class='ocrx_word' id='word_1_297' title='bbox 661 3723 715 3766; x_wconf 90' lang='lat' dir='ltr'><strong>nec</strong></span> <span class='ocrx_word' id='word_1_298' title='bbox 738 3725 795 3766; x_wconf 93' lang='lat' dir='ltr'><strong>nou</strong></span> <span class='ocrx_word' id='word_1_299' title='bbox 818 3705 930 3787; x_wconf 89' lang='lat' dir='ltr'><strong>reliqua</strong></span> <span class='ocrx_word' id='word_1_300' title='bbox 953 3706 1228 3770; x_wconf 87' lang='lat' dir='ltr'><strong>demonstrabuntur</strong></span> 
     </span>
     <span class='ocr_line' id='line_1_35' title="bbox 76 3805 1227 3892; baseline 0.005 -24"><span class='ocrx_word' id='word_1_301' title='bbox 76 3806 195 3884; x_wconf 86' lang='lat' dir='ltr'><strong>omnia,</strong></span> <span class='ocrx_word' id='word_1_302' title='bbox 227 3826 302 3890; x_wconf 91' lang='lat' dir='ltr'><strong>quae</strong></span> <span class='ocrx_word' id='word_1_303' title='bbox 320 3815 421 3868; x_wconf 86' lang='lat' dir='ltr'><strong>saneta</strong></span> <span class='ocrx_word' id='word_1_304' title='bbox 439 3805 483 3870; x_wconf 89' lang='lat' dir='ltr'><strong>dei</strong></span> <span class='ocrx_word' id='word_1_305' title='bbox 500 3805 624 3868; x_wconf 89' lang='lat' dir='ltr'><strong>eeclesia</strong></span> <span class='ocrx_word' id='word_1_306' title='bbox 642 3806 810 3888; x_wconf 82' lang='lat' dir='ltr'><strong>profitetur,</strong></span> <span class='ocrx_word' id='word_1_307' title='bbox 841 3806 979 3870; x_wconf 86' lang='lat' dir='ltr'><strong>salutaria</strong></span> <span class='ocrx_word' id='word_1_308' title='bbox 998 3808 1046 3871; x_wconf 90' lang='lat' dir='ltr'><strong>illa</strong></span> <span class='ocrx_word' id='word_1_309' title='bbox 1064 3809 1177 3892; x_wconf 90' lang='lat' dir='ltr'><strong>quidem</strong></span> <span class='ocrx_word' id='word_1_310' title='bbox 1193 3830 1227 3874; x_wconf 92' lang='lat' dir='ltr'><strong>ac</strong></span> 
     </span>
     <span class='ocr_line' id='line_1_36' title="bbox 76 3907 1224 3991; baseline 0.002 -19"><span class='ocrx_word' id='word_1_311' title='bbox 76 3919 197 3986; x_wconf 84' lang='lat' dir='ltr'><strong>saneta,</strong></span> <span class='ocrx_word' id='word_1_312' title='bbox 229 3907 332 3990; x_wconf 90' lang='lat' dir='ltr'><strong>deique</strong></span> <span class='ocrx_word' id='word_1_313' title='bbox 350 3907 523 3970; x_wconf 79' lang='lat' dir='ltr'><strong>anctoritate</strong></span> <span class='ocrx_word' id='word_1_314' title='bbox 543 3907 696 3984; x_wconf 88' lang='lat' dir='ltr'><strong>roborata,</strong></span> <span class='ocrx_word' id='word_1_315' title='bbox 729 3929 802 3991; x_wconf 90' lang='lat' dir='ltr'><strong>qnae</strong></span> <span class='ocrx_word' id='word_1_316' title='bbox 823 3909 966 3973; x_wconf 88' lang='lat' dir='ltr'><strong>communi</strong></span> <span class='ocrx_word' id='word_1_317' title='bbox 986 3909 1057 3989; x_wconf 90' lang='lat' dir='ltr'><strong>lide,</strong></span> <span class='ocrx_word' id='word_1_318' title='bbox 1090 3911 1224 3991; x_wconf 90' lang='lat' dir='ltr'><strong>seientia,</strong></span> 
     </span>
     <span class='ocr_line' id='line_1_37' title="bbox 76 4008 591 4096; baseline -0.002 -23"><span class='ocrx_word' id='word_1_319' title='bbox 76 4031 130 4096; x_wconf 90' lang='lat' dir='ltr'><strong>spe</strong></span> <span class='ocrx_word' id='word_1_320' title='bbox 153 4008 342 4093; x_wconf 86' lang='lat' dir='ltr'><strong>doctrinaque</strong></span> <span class='ocrx_word' id='word_1_321' title='bbox 364 4009 591 4094; x_wconf 85' lang='lat' dir='ltr'><strong>comprehendit.</strong></span> 
     </span>
     <span class='ocr_line' id='line_1_38' title="bbox 163 4101 1353 4202; baseline 0.008 -28"><span class='ocrx_word' id='word_1_322' title='bbox 163 4108 254 4174; x_wconf 89' lang='lat' dir='ltr'><strong>Libet</strong></span> <span class='ocrx_word' id='word_1_323' title='bbox 270 4131 341 4174; x_wconf 82' lang='lat' dir='ltr'><strong>vero</strong></span> <span class='ocrx_word' id='word_1_324' title='bbox 356 4113 579 4196; x_wconf 85' lang='lat' dir='ltr'><strong>disputationem</strong></span> <span class='ocrx_word' id='word_1_325' title='bbox 595 4113 738 4195; x_wconf 88' lang='lat' dir='ltr'><strong>quandam</strong></span> <span class='ocrx_word' id='word_1_326' title='bbox 757 4113 803 4176; x_wconf 92' lang='lat' dir='ltr'><strong>hie</strong></span> <span class='ocrx_word' id='word_1_327' title='bbox 819 4114 961 4193; x_wconf 89' lang='lat' dir='ltr'><strong>inserere,</strong></span> <span class='ocrx_word' id='word_1_328' title='bbox 985 4101 1068 4199; x_wconf 87' lang='lat' dir='ltr'><strong>quam</strong></span> <span class='ocrx_word' id='word_1_329' title='bbox 1084 4116 1226 4182; x_wconf 87' lang='lat' dir='ltr'><strong>adversus</strong></span> <span class='ocrx_word' id='word_1_330' title='bbox 1244 4133 1303 4202; x_wconf 73' lang='lat' dir='ltr'><strong>cap.</strong></span> <span class='ocrx_word' id='word_1_331' title='bbox 1319 4133 1353 4186; x_wconf 84' lang='grc' dir='ltr'><strong>Χ.</strong></span> 
     </span>
    </p>

    <p class='ocr_par' dir='ltr' id='par_1_3' title="bbox 78 4211 1226 4400">
     <span class='ocr_line' id='line_1_39' title="bbox 78 4211 1226 4303; baseline 0.007 -28"><span class='ocrx_word' id='word_1_332' title='bbox 78 4211 257 4276; x_wconf 88' lang='lat' dir='ltr'><strong>haereticum</strong></span> <span class='ocrx_word' id='word_1_333' title='bbox 273 4214 359 4276; x_wconf 88' lang='lat' dir='ltr'><strong>istum</strong></span> <span class='ocrx_word' id='word_1_334' title='bbox 375 4213 624 4292; x_wconf 89' lang='lat' dir='ltr'><strong>elucubraveram,</strong></span> <span class='ocrx_word' id='word_1_335' title='bbox 648 4225 801 4298; x_wconf 88' lang='lat' dir='ltr'><strong>antequam</strong></span> <span class='ocrx_word' id='word_1_336' title='bbox 818 4239 888 4303; x_wconf 92' lang='lat' dir='ltr'><strong>opus</strong></span> <span class='ocrx_word' id='word_1_337' title='bbox 903 4217 977 4280; x_wconf 91' lang='lat' dir='ltr'><strong>istud</strong></span> <span class='ocrx_word' id='word_1_338' title='bbox 996 4218 1111 4281; x_wconf 88' lang='lat' dir='ltr'><strong>hortata</strong></span> <span class='ocrx_word' id='word_1_339' title='bbox 1128 4231 1226 4284; x_wconf 85' lang='lat' dir='ltr'><strong>uestro</strong></span> 
     </span>
     <span class='ocr_line' id='line_1_40' title="bbox 78 4311 1226 4400; baseline 0.008 -22"><span class='ocrx_word' id='word_1_340' title='bbox 78 4315 271 4400; x_wconf 85' lang='lat' dir='ltr'><strong>susciperem.</strong></span> <span class='ocrx_word' id='word_1_341' title='bbox 315 4311 394 4378; x_wconf 88' lang='lat' dir='ltr'><strong>Nam</strong></span> <span class='ocrx_word' id='word_1_342' title='bbox 417 4337 481 4378; x_wconf 88' lang='lat' dir='ltr'><strong>oum</strong></span> <span class='ocrx_word' id='word_1_343' title='bbox 506 4315 602 4380; x_wconf 89' lang='lat' dir='ltr'><strong>multis</strong></span> <span class='ocrx_word' id='word_1_344' title='bbox 625 4315 729 4379; x_wconf 90' lang='lat' dir='ltr'><strong>abhinc</strong></span> <span class='ocrx_word' id='word_1_345' title='bbox 752 4319 836 4381; x_wconf 79' lang='lat' dir='ltr'><strong>acerris</strong></span> <span class='ocrx_word' id='word_1_346' title='bbox 855 4317 1017 4384; x_wconf 89' lang='lat' dir='ltr'><strong>Marcionis</strong></span> <span class='ocrx_word' id='word_1_347' title='bbox 1039 4319 1124 4385; x_wconf 90' lang='lat' dir='ltr'><strong>huius</strong></span> <span class='ocrx_word' id='word_1_348' title='bbox 1147 4343 1226 4386; x_wconf 90' lang='lat' dir='ltr'><strong>eom·</strong></span> 
     </span>
    </p>
   </div>
   <div class='ocr_carea' id='block_1_3' title="bbox 115 4533 1102 4607">
    <p class='ocr_par' dir='ltr' id='par_1_4' title="bbox 115 4533 1102 4607">
     <span class='ocr_line' id='line_1_41' title="bbox 115 4533 1102 4607; baseline 0.008 -21"><span class='ocrx_word' id='word_1_349' title='bbox 115 4535 173 4588; x_wconf 74' lang='lat' dir='ltr'><strong>Cer.</strong></span> <span class='ocrx_word' id='word_1_350' title='bbox 188 4537 222 4588; x_wconf 87' lang='lat' dir='ltr'><strong>X.</strong></span> <span class='ocrx_word' id='word_1_351' title='bbox 240 4561 272 4576; x_wconf 89' lang='lat'><strong>-·</strong></span> <span class='ocrx_word' id='word_1_352' title='bbox 292 4535 313 4588; x_wconf 91' lang='lat' dir='ltr'><strong>l.</strong></span> <span class='ocrx_word' id='word_1_353' title='bbox 330 4537 421 4592; x_wconf 76' lang='grc' dir='ltr'><strong>ἱκανῶν</strong></span> <span class='ocrx_word' id='word_1_354' title='bbox 438 4533 485 4605; x_wconf 75' lang='grc' dir='ltr'><strong>γὰρ</strong></span> <span class='ocrx_word' id='word_1_355' title='bbox 500 4539 645 4590; x_wconf 81' lang='lat' dir='ltr'><strong>scribendum</strong></span> <span class='ocrx_word' id='word_1_356' title='bbox 660 4542 754 4602; x_wconf 83' lang='lat' dir='ltr'><strong>pntnuit</strong></span> <span class='ocrx_word' id='word_1_357' title='bbox 769 4543 887 4592; x_wconf 82' lang='lat' dir='ltr'><strong>Petreius.</strong></span> <span class='ocrx_word' id='word_1_358' title='bbox 921 4545 971 4594; x_wconf 81' lang='lat' dir='ltr'><strong>Non</strong></span> <span class='ocrx_word' id='word_1_359' title='bbox 988 4559 1046 4607; x_wconf 83' lang='lat' dir='ltr'><strong>epus</strong></span> <span class='ocrx_word' id='word_1_360' title='bbox 1063 4549 1102 4596; x_wconf 87' lang='lat' dir='ltr'><strong>est.</strong></span> 
     </span>
    </p>
   </div>
   <div class='ocr_carea' id='block_1_4' title="bbox 0 0 1502 5024">
    <p class='ocr_par' dir='ltr' id='par_1_5' title="bbox 0 0 1502 5024">
     <span class='ocr_line' id='line_1_42' title="bbox 0 0 1502 5024; baseline 0 0"><span class='ocrx_word' id='word_1_361' title='bbox 0 0 1502 5024; x_wconf 95' lang='lat' dir='ltr'><strong> </strong></span> 
     </span>
    </p>
   </div>
  </div>
 </body>
</html>
