3006 4990
269 235 278 246 ’
324 273 461 328 rananu
477 273 539 327 ara.
553 275 572 326 r.
589 273 670 328 roso
684 273 716 325 tt.
733 273 831 324 unna.
848 273 931 325 xxv.
1146 266 1202 328 tot

13 367 15 478 l
69 393 182 472 rideret,
205 391 401 478 humilemque
420 413 488 457 sese
505 403 673 477 praestare,
696 391 844 478 zelotypia
860 403 1040 473 commotus,
1065 414 1100 458 ac
1117 394 1152 458 dc
1171 395 1205 457 li-

13 529 14 584 3
66 496 149 559 bidioe
171 516 225 560 sua
248 505 432 560 caeterorum
459 514 557 558 mores
579 493 804 578 interpretatus,
836 494 958 578 primum
978 516 1101 560 uxorem
1121 516 1202 560 snam

13 643 14 668 ,
65 597 261 662 contumeliose
280 607 326 660 cst
344 616 521 680 aggressus,
553 595 638 679 eique
658 606 738 658 certa
753 595 876 658 crimina
893 617 946 681 per
963 597 1134 661 calumniam
1152 599 1204 660 ob-

63 697 136 762 iecit:
169 698 285 762 demum
304 718 375 762 vero
393 719 450 760 uon
469 697 563 760 solum
581 698 617 760 ad
634 697 769 761 usitatum
788 697 866 760 inter
881 697 1012 762 homines
1030 720 1064 762 nc
1085 711 1202 763 natura-

62 799 107 862 lem
126 822 210 864 mum
234 820 389 884 corporum
410 798 563 884 prolapsus
586 808 649 877 est,
683 819 784 862 verum
806 799 1066 883 ctiaminplenum
1085 800 1201 864 illudio

62 901 134 964 dcnm
148 901 343 965 contumeliae
357 901 461 984 dogma
477 899 727 985 improbitatisque
740 901 874 964 damnum
888 912 974 984 atque
987 922 1118 965 errorem
1134 923 1200 988 pra-

61 1003 146 1068 vitatis
168 1003 265 1066 omnis
287 1001 505 1065 conciliatorem
528 1001 633 1086 erupit.

129 1105 177 1168 Ab
193 1105 250 1168 boc
263 1105 344 1168 lonte
358 1103 482 1166 derivati
498 1123 532 1166 ac
546 1102 671 1188 pessime
686 1103 715 1165 in
730 1103 864 1166 mundum
878 1103 1035 1168 introducti
1048 1114 1116 1168 sunt
1127 1104 1196 1168 hae·
1215 1107 1274 1175 Cap.
1292 1111 1324 1163 tt.

61 1205 130 1269 retici
145 1207 186 1270 illi
203 1206 251 1290 qui
267 1225 331 1268 eam
347 1204 415 1282 sibi,
436 1226 520 1288 φιειιι
538 1203 611 1267 lalso
627 1205 789 1282 nominant,
815 1200 1019 1288 cognitionem
1034 1205 1194 1285 vindicant,
1212 1225 1213 1230 ¹

60 1307 207 1372 cuiusmodi
223 1317 292 1371 sunt
308 1303 456 1384 Gnostici,
479 1303 676 1383 Pltibionitae,
701 1305 850 1390 atquibus
868 1306 904 1370 ab
919 1305 1070 1392 Epiphanc
1089 1329 1196 1371 nomen

59 1419 96 1471 cst
116 1409 248 1474 inditum.
292 1405 370 1471 Tum
396 1407 483 1471 etiam
508 1403 672 1486 Militares,
705 1404 853 1488 Levitioi,
886 1407 991 1492 aliique
1016 1409 1191 1493 complures.

59 1505 175 1590 Quorum
193 1509 315 1595 quilibet
334 1509 469 1572 haeresin
491 1508 636 1594 proprium
658 1509 694 1572 ad
715 1509 803 1572 animi
825 1510 869 1572 sui
888 1509 1059 1574 affectiones
1078 1531 1194 1575 acuam·

60 1614 165 1676 medana
189 1621 350 1676 sexcentas
372 1609 520 1693 nequitiae
545 1610 610 1674 vias
631 1610 824 1694 excogitavit.
872 1609 952 1674 Nam
978 1631 1077 1676 eorum
1104 1611 1192 1696 aliqui

57 1706 237 1778 barbelonem
256 1713 358 1778 nescio
377 1732 462 1796 quam
480 1711 646 1791 celebrant,
678 1713 724 1775 cui
743 1711 773 1775 in
792 1722 895 1775 octavo
914 1712 997 1776 coelo
1015 1713 1191 1778 domicilium

57 1815 213 1880 attribuunt.
259 1813 344 1880 llauc
361 1835 378 1878 a
394 1810 484 1877 Patre
499 1813 667 1897 productam
685 1813 844 1894 affirmant,
868 1811 1053 1898 Matremque
1069 1813 1117 1877 alii
1134 1812 1191 1878 lal·
1270 1821 1276 1834 '

56 1914 181 1995 dabaoth,
214 1917 263 1980 alii
287 1913 417 1980 Sabaoth
442 1915 562 1979 iaciunt.
608 1912 647 1978 Et
666 1914 780 1998 quidem
800 1914 896 1993 illius,
929 1926 960 1978 nt
981 1915 1079 1994 aiunt,
1113 1915 1189 1980 lilius

55 2017 154 2100 septimi
169 2017 243 2080 coeli
259 2038 312 2103 per
323 2038 465 2080 summam
480 2016 627 2080 audacium
641 2036 676 2079 ac
692 2016 873 2102 tyrannidem
889 2037 1006 2102 compos
1022 2027 1067 2080 est
1081 2018 1186 2082 laotos.

56 2113 129 2202 lsqnc
147 2119 305 2184 inleriores
319 2118 488 2203 alloquens,
511 2115 595 2202 Ego,
618 2117 728 2202 inquit,
753 2117 861 2202 primus
879 2139 942 2181 snm
957 2139 992 2181 ac
1009 2129 1186 2202 postremus,

53 2237 100 2280 nco
113 2220 183 2284 alius
198 2231 317 2305 praeter
331 2241 378 2282 mc
394 2222 464 2283 deus
483 2229 539 2282 est.
580 2216 664 2301 Quod
678 2219 801 2282 audiens
814 2217 940 2282 Barbelo
954 2218 1114 2304 lacrymata
1128 2229 1185 2283 est.
1296 2269 1301 2276 .

53 2315 169 2386 Eandem
187 2343 276 2406 porro
295 2333 418 2386 venusta
435 2321 533 2406 specie
548 2317 732 2406 Principibus
749 2340 890 2405 apparere
908 2319 1018 2399 dicunt,
1041 2320 1077 2384 ab
1091 2321 1185 2405 iisque

52 2438 141 2486 acmen
156 2443 208 2509 per
225 2423 403 2508 voluptatem
420 2445 454 2486 ac
472 2420 643 2506 prolluvium
661 2422 797 2500 aulerrc3
821 2421 955 2485 nimirum
976 2432 1008 2484 ut
1024 2420 1083 2486 vim
1102 2443 1185 2486 suam

53 2520 219 2588 indiversus
235 2527 403 2589 distractam
421 2525 526 2586 iterum
544 2534 709 2608 recuperet.
756 2518 848 2586 Cuius
865 2522 1008 2607 dogmatis
1027 2522 1184 2588 occasione

50 2622 185 2688 foeditatis
198 2649 270 2690 snae
288 2626 457 2712 mysterium
475 2625 504 2687 in
521 2624 622 2689 orbem
641 2624 767 2688 invexit.
811 2624 910 2708 Atque
923 2645 1024 2688 corum
1039 2624 1183 2710 plerique,

49 2745 113 2806 quos
130 2727 434 2805 commemoravimus,
458 2747 515 2812 quo
534 2726 649 2791 tatrdcnn
668 2736 752 2811 pacto
772 2727 846 2811 quud
866 2747 902 2789 na
920 2728 1052 2811 prolerre
1068 2727 1183 2810 quidem

48 2823 110 2889 licct
124 2830 193 2892 miro
212 2828 404 2914 improbitatis
422 2828 590 2892 artificiolo
606 2827 771 2913 promiscuo
787 2829 939 2892 mulierum
958 2827 1111 2891 concubitu
1128 2827 1183 2890 im·

47 2930 172 3014 nonique
190 2931 366 3016 turpitudine
383 2930 509 2994 volutari
524 2930 704 2994 docueruut?
726 2931 961 3014 quemadmodum
980 2929 1181 2992 sanctissimus

45 3023 145 3096 Paulus
170 3032 237 3096 alibi
260 3031 387 3095 declarat
409 3031 453 3095 his
477 3031 593 3094 verbis:
628 3035 704 3109 Quae
727 3038 797 3094 enan
819 3035 928 3094 occulto
940 3033 1025 3110 stunt
1040 3033 1077 3092 ob
1098 3036 1176 3112 apsis,
1193 3043 1319 3102 spaera

46 3139 119 3212 lupa
134 3147 178 3196 est
191 3137 238 3196 nel
249 3137 351 3196 debere.
398 3129 509 3197 Verum
528 3133 553 3195 si
572 3133 619 3216 qui
637 3134 812 3196 contrariam
832 3132 898 3196 buic
915 3131 1009 3196 errori
1028 3133 1181 3197 refutatio-

45 3250 105 3294 nem
120 3257 135 3297 a
152 3235 255 3320 spiritu
274 3244 376 3298 saneto
395 3235 554 3318 prolectam
571 3234 672 3297 videre
690 3233 804 3319 cupiat,
836 3255 870 3298 ea
889 3255 928 3298 ex
945 3233 1039 3297 sancti
1058 3231 1178 3298 loannis

44 3329 213 3422 Apocalypsi
237 3333 375 3420 cognosci
397 3336 520 3421 poterit,
550 3335 598 3418 qui
621 3335 657 3398 ad
682 3357 765 3399 uuam
789 3334 980 3400 ecclesiarum
1004 3356 1044 3399 ax
1067 3332 1178 3400 Cbristi

44 3432 143 3500 domini
159 3458 285 3522 persona
303 3436 453 3515 scribens,
483 3435 547 3502 sire
565 3437 600 3500 ad
620 3436 786 3522 episcopum
806 3437 854 3520 qui
873 3436 900 3499 ei
917 3437 1099 3522 praepositus
1116 3439 1179 3500 luc-

44 3546 99 3616 rat,
129 3560 191 3602 cum
209 3539 306 3621 angeli
323 3539 416 3602 sancti
435 3538 542 3602 virtute
560 3537 652 3622 quiin
672 3538 754 3601 altari
774 3549 855 3616 erat,
884 3537 926 3600 ita
942 3537 1087 3621 loquitur:
1120 3542 1179 3600 Sed
1190 3553 1315 3610 opacus.

43 3637 88 3698 lcc
107 3641 191 3702 tata
212 3644 293 3714 boni,
317 3645 382 3721 puto
404 3643 490 3700 odisti
499 3642 584 3722 scoto
605 3643 827 3714 Na'colaitoram,
851 3660 923 3721 quoe
943 3649 973 3699 et
990 3661 1043 3719 ego
1065 3644 1121 3701 odt'.

119 3742 179 3807 Atii
193 3764 266 3806 vero
281 3739 437 3806 Prunicatn
453 3742 593 3823 quandum
607 3740 707 3804 codem
722 3763 779 3824 quo
792 3740 840 3804 isti
855 3749 1019 3804 commento
1032 3760 1176 3804 veneran-
1195 3743 1253 3810 cap.
1266 3743 1308 3794 ¹¹¹·

41 3849 97 3922 los,
127 3855 156 3906 et
178 3865 219 3910 ex
237 3843 287 3907 itto
305 3843 489 3928 turpitudinis
511 3843 644 3924 dogmate
663 3840 866 3926 cupiditatibus
888 3841 949 3905 suis
966 3841 1173 3926 obsequentes,

37 3937 190 4025 Pronicac,
213 3944 358 4029 inquiunt,
381 3943 461 4006 vires
477 3963 517 4006 ex
532 3943 702 4028 corporibus
717 3943 923 4028 profluviisque
937 3941 1111 4026 colligimus,
1135 3966 1175 4008 ex

37 4045 142 4112 semiue
159 4046 294 4112 nimirum
309 4067 344 4108 ac
359 4045 528 4124 mansuaria,
553 4045 587 4108 de
604 4044 707 4128 quibus
721 4045 805 4130 paulo
820 4055 897 4130 post,
922 4066 987 4110 cum
1000 4045 1036 4108 dc
1050 4045 1094 4109 bis
1109 4067 1175 4131 par-

34 4201 78 4250 tod.
92 4201 191 4264 My.
206 4206 229 4250 ct
244 4201 282 4250 erl.
293 4201 369 4261 princ
652 4197 676 4249 5.
694 4200 794 4260 l’utpcto
807 4199 924 4250 dictinctio
937 4196 1173 4264 collaetantibus

61 4265 85 4317 3.
102 4263 187 4350 αὐτῆς
203 4269 277 4318 codd.
291 4268 373 4346 Votis,
388 4267 483 4328 ltbcdtp.
496 4269 519 4316 el
532 4267 587 4316 edil.
618 4263 751 4332 πολυμιξῑᾳ
766 4270 816 4316 cett.
936 4329 943 4348 ,
1149 4339 1154 4350 ⁸

32 4333 107 4388 reac.
143 4337 385 4396 acroceramina.
653 4333 711 4382 Car.
728 4334 770 4381 lll.
783 4361 816 4372 —
834 4331 855 4384 l.
871 4331 1023 4397 Hpouueaaou
1036 4336 1087 4386 cod.
1101 4337 1173 4387 lotae.

61 4405 84 4452 l.
102 4397 242 4468 μυστήριον
261 4395 292 4453 cd
311 4397 385 4453 τόσον
401 4396 528 4459 Νικόλαος
548 4399 586 4466 τῷ
651 4399 676 4450 2.
693 4393 762 4453 ἄλλοι
775 4401 841 4450 cedet
855 4403 928 4450 Vottc.
940 4406 961 4450 et
975 4403 1010 4452 ed.
1025 4405 1105 4454 Petne.
1128 4396 1172 4456 att-

31 4465 116 4539 xc'rpp
135 4472 188 4521 cod.
202 4471 279 4519 Voltc.
620 4467 837 4530 lucendltbedr'p.
852 4467 991 4536 (omero)
1003 4472 1173 4534 etedttprtnc.

76 4553 168 4610 Corpus
181 4549 315 4595 lucrarent
329 4547 357 4592 ll·
933 4557 969 4619 11
