3036 4998
377 381 511 434 radatur
528 383 591 434 nro.
610 383 629 434 1.
646 382 727 435 rom.
741 384 772 433 u.
791 383 888 434 uasa.
905 383 1007 434 xxxa.
1199 373 1259 434 307

112 501 245 566 sentibus
273 501 397 566 obsitum
420 523 558 588 gramen,
590 504 638 568 vel
665 503 788 588 denique
811 504 851 567 uti
879 503 976 588 plures
997 525 1036 566 cx
1061 503 1162 566 eodem
1185 524 1257 566 cavo

110 605 231 690 scorpii,
257 605 296 669 ita
311 604 353 669 illi
371 626 472 670 omnes
488 607 590 670 eodem
608 617 737 692 tempore
752 609 783 671 in
801 607 875 670 banc
888 606 977 669 vitam
993 605 1190 685 effloruerunt,
1209 627 1254 684 ac,

109 708 186 791 quod
202 708 287 793 poulo
306 719 374 772 ante
389 707 494 771 dictum
509 719 566 790 est,
588 719 721 794 tunquam
735 710 815 794 iungi
829 709 966 772 inusitata
983 708 1103 792 quadam
1121 709 1257 771 foeditate

110 809 213 872 eodem
238 820 383 874 memento
407 810 538 875 universi
558 821 772 898 proruperunt,
796 811 1034 895 quemadmodum
1055 811 1089 874 de
1109 809 1166 873 illis
1189 809 1256 872 olim

110 907 251 976 irenaeus
270 913 421 998 praeclara
444 913 490 977 vir
510 914 663 978 sanctitate
688 913 901 1000 pronunciavit.
947 913 1095 998 Aequales
1117 913 1193 975 enim
1216 912 1256 976 illi

109 1035 213 1078 omnes
235 1016 414 1096 extiterunt,
444 1016 504 1096 sic,
529 1027 560 1080 ut
583 1015 702 1102 quilibet
725 1016 879 1102 pessimam
900 1015 936 1080 ab
957 1015 1051 1079 altero
1075 1015 1255 1099 disciplinam

107 1137 144 1179 ac
162 1117 267 1201 dogma
282 1127 429 1181 mutuatus
452 1119 556 1198 luerit,
580 1119 671 1197 alios,
696 1118 829 1204 inquam,
854 1119 934 1183 relut
949 1127 1072 1181 exortus
1094 1118 1129 1181 ab
1151 1118 1255 1198 altero,

107 1241 165 1303 quo
183 1239 216 1282 se
232 1219 352 1305 amplius
369 1232 542 1302 ostentaret,
558 1221 760 1284 scelestissimi
774 1221 927 1285 commenti
943 1221 1154 1306 discrepantem
1169 1242 1258 1305 quan-

107 1322 174 1384 dam
193 1322 314 1386 formam
331 1343 366 1386 ac
381 1323 525 1387 rationem
543 1323 731 1407 excogitauit.
762 1319 820 1406 Qui
837 1345 870 1387 se
886 1345 987 1387 omnes
1002 1320 1161 1386 Gnosticos
1177 1345 1257 1386 com·

107 1422 189 1487 muni
209 1425 401 1509 appellatione
417 1425 472 1490 dici
489 1425 655 1490 voluerunt.
694 1421 866 1490 Cuiusmodi
882 1423 1057 1490 Valentinus
1073 1425 1136 1505 luit,
1161 1436 1190 1489 et
1208 1425 1256 1510 qui

106 1526 188 1589 illum
207 1525 342 1591 Gnostici
357 1540 595 1614 praecesserunt.
642 1525 772 1612 ltemque
786 1525 943 1609 Basilides,
968 1549 1002 1592 ac
1020 1525 1204 1606 Saturoilns,
1229 1539 1258 1591 ct

108 1625 305 1710 Colorbasus,
330 1651 364 1694 ac
379 1627 577 1711 Ptolemaeus,
595 1641 625 1694 et
641 1627 807 1711 Secundus,
829 1627 1035 1716 Carpocrates,
1058 1631 1163 1714 aliique
1179 1652 1258 1694 com·

107 1731 220 1816 plures.
267 1727 380 1814 Quibus
403 1733 536 1797 omnibus
552 1733 658 1814 sectis,
683 1733 758 1818 quod
774 1735 876 1798 eodem
895 1734 1029 1819 prodiere
1047 1743 1194 1819 tempore,
1218 1735 1257 1796 si·

105 1834 166 1897 mul
190 1833 362 1912 recensitis,
387 1857 464 1900 nunc
481 1836 620 1922 cuiusque
639 1837 719 1900 velut
741 1849 822 1900 satus
847 1836 942 1900 labem
965 1857 999 1900 ac
1018 1837 1174 1921 perniciem
1198 1836 1257 1898 sin-

106 1936 230 2018 gillatim
248 1957 405 2023 exponam.
452 1935 512 2003 Sed
529 1939 621 2025 ipsum
637 1937 778 2024 imprimis
793 1939 950 2003 haereseos
976 1949 1062 2024 caput
1083 1960 1118 2002 ac
1140 1950 1256 2024 tragoe-

105 2038 174 2102 diae
189 2050 339 2103 auetorem
357 2041 524 2125 aggrediar,
543 2039 730 2105 Valentinum
747 2041 889 2127 intelligo,
909 2038 1171 2126 Valentinianaque
1187 2043 1258 2126 dog·

105 2152 203 2220 mata,
238 2163 312 2227 quae
338 2141 375 2205 ab
399 2143 531 2227 speciosa
554 2142 603 2207 illa
631 2142 838 2209 Gnosticorum
865 2145 1048 2230 professione
1074 2144 1254 2230 prodierunt,

105 2265 182 2328 quas
197 2239 423 2329 Catagnostieas
438 2245 535 2330 potius
555 2267 664 2332 ungas,
688 2246 744 2310 boc
763 2259 809 2312 cst
824 2249 987 2325 damnatas,
1012 2248 1158 2332 appellare
1173 2246 1253 2326 licet,

104 2345 148 2409 nti
168 2347 277 2432 pridem
294 2347 442 2433 sapientes
457 2367 507 2411 eas
523 2349 765 2427 condemnarunt,
785 2371 819 2412 ac
831 2348 955 2412 ludibrio
968 2349 1068 2433 dignas
1081 2349 1253 2413 babuerunt.

194 2446 287 2533 igitur
303 2447 479 2514 Valentinus
496 2450 551 2514 iste
571 2451 716 2536 prioribus
737 2451 792 2514 illis
816 2473 831 2514 a
855 2474 901 2515 me
919 2462 1005 2514 antea
1021 2451 1254 2515 commemoratis
1279 2458 1339 2527 Gap.
1355 2461 1387 2514 tt.

103 2561 239 2636 tempore
256 2562 301 2616 est
318 2552 480 2638 posterior,
505 2549 634 2618 Basilide
651 2553 786 2618 nimirum
802 2575 835 2618 ac
856 2551 1020 2635 Saturuilo,
1044 2551 1170 2631 Ebioue,
1196 2549 1254 2616 Ce-

102 2653 206 2717 rintlro
229 2674 263 2718 ac
283 2652 449 2734 Merintbn‚
474 2675 632 2742 eorumque
655 2657 754 2720 sociis.
802 2653 951 2741 Siquidem
976 2677 1076 2720 orurues
1102 2677 1159 2719 uuo
1184 2666 1255 2719 tem-

102 2777 180 2840 pore
197 2756 234 2820 ad
250 2756 367 2821 bomani
388 2757 506 2841 generis
524 2759 645 2822 exitium
661 2759 771 2842 prolusi
792 2769 877 2838 sunt3
906 2779 1078 2844 quamquam
1097 2754 1255 2822 Cerintlrus

101 2879 139 2922 ac
154 2855 324 2923 blerintbus
347 2872 377 2924 et
400 2857 494 2924 Ebion
518 2861 662 2944 paululum
684 2863 847 2946 antegressi
864 2872 949 2940 sunt,
982 2883 1016 2924 ac
1039 2883 1102 2924 eum
1124 2860 1160 2924 iis
1183 2881 1255 2944 quos

101 2973 175 3024 aute
193 2960 261 3025 illos
278 2963 431 3046 percensui
450 2962 566 3048 prodire
585 2974 755 3049 coeperunt.
800 2960 950 3028 Valentini
971 2985 1058 3050 porro
1076 2963 1197 3050 patrium
1220 2983 1254 3026 ac

102 3064 228 3149 stirpem
249 3063 379 3149 plerique
397 3064 543 3129 nesciunt.
588 3063 659 3129 Nou
678 3064 755 3130 enim
772 3066 867 3130 locum
884 3067 995 3152 ipsum,
1020 3067 1096 3130 uode
1115 3065 1253 3129 oriundus

102 3175 204 3247 esset,
237 3167 411 3252 scriptorum
438 3167 512 3231 ullus
537 3166 695 3252 expressit.
742 3165 853 3233 Verum
881 3170 916 3232 ad
940 3189 995 3232 nos
1019 3169 1166 3232 auditione
1192 3167 1254 3230 sola

101 3268 250 3354 quaedam
266 3267 330 3334 eius
345 3269 389 3334 rei
407 3271 482 3334 lama
503 3271 652 3357 pervcnit3
684 3291 770 3355 quam
788 3272 901 3357 quidem
922 3271 1182 3358 praetereundam,
1205 3291 1254 3354 pa-

101 3371 251 3456 triamque
266 3373 384 3435 omnino
402 3372 637 3437 dissimulandam
653 3395 711 3438 non
732 3372 870 3454 arbitrer,
896 3373 1010 3437 tametsi
1024 3372 1133 3436 veritas
1150 3373 1178 3434 in
1195 3393 1255 3434 am·

99 3473 196 3557 bigoo
215 3473 310 3558 posita
329 3473 456 3538 videtur.
494 3471 561 3538 Nos
577 3477 710 3562 quicquid
728 3477 892 3563 accepimus
908 3497 942 3539 ea
959 3478 993 3540 de
1010 3497 1043 3539 rc
1059 3476 1253 3561 proferemus.

100 3571 184 3638 Sunt
208 3575 257 3659 qui
275 3572 470 3639 Plrreboniten
493 3576 572 3640 illum
597 3579 704 3641 iaciant
726 3601 765 3643 ex
784 3578 913 3665 Aegypti
934 3579 1054 3662 quadam
1078 3599 1148 3658 ora,
1179 3578 1254 3641 uode

97 3678 316 3742 Alexandriam
332 3677 479 3763 proiectus
496 3679 550 3758 sit,
573 3679 669 3764 ibique
688 3675 869 3744 Graecorum
886 3681 996 3744 artibus
1019 3681 1180 3744 institutus.
1226 3682 1255 3742 A

98 3780 211 3864 quibus
230 3789 259 3842 et
276 3777 435 3844 Hesiodiae
453 3777 646 3864 'theogoniae
661 3803 694 3845 ac
711 3778 808 3846 XXX
824 3783 937 3848 illorum
955 3783 1088 3860 deorum,
1112 3803 1184 3865 quos
1200 3780 1253 3844 ibi·

98 3883 170 3944 dem
187 3881 238 3945 ille
257 3882 422 3962 recensuit,
446 3883 642 3967 aegentilium
659 3883 820 3949 fabularum
845 3885 875 3948 in
893 3885 989 3950 animo
1012 3905 1066 3948 suo
1089 3883 1252 3970 exemplum

135 4071 200 4121 Gar.
216 4071 248 4119 u.
265 4095 299 4108 -
325 4067 347 4122 l.
365 4065 394 4123 eri
408 4069 446 4138 τῷ
463 4071 514 4120 cod.
525 4072 580 4121 Van.
731 4071 755 4126 7.
772 4070 795 4126 cl
809 4075 852 4126 δεῖ
863 4074 913 4122 cod.
924 4075 979 4122 t'en.
996 4063 1049 4137 ἤδη
1063 4073 1148 4134 rettqor
1162 4073 1224 4120 ttbrt.

131 4141 160 4190 't-
180 4135 291 4203 xersem
305 4135 348 4190 καὶ
361 4134 421 4197 τοὺς
431 4140 481 4188 cod.
495 4141 548 4189 Vere.
570 4134 664 4206 Kq'ptr-
730 4139 756 4193 8.
774 4137 820 4206 τήν
835 4133 923 4205 ἀληθῆ
937 4142 987 4190 cod.
1003 4141 1075 4189 Vetto.
1105 4141 1167 4190 Ottm
1184 4144 1254 4200 pruo-

95 4207 144 4288 ἔξω
157 4201 206 4258 τὸν
222 4203 268 4258 recl
278 4201 408 4272 bicipitibus
421 4204 466 4259 καὶ
482 4203 542 4266 τοὺς
556 4209 608 4258 cod.
617 4209 664 4258 Vu-
698 4209 752 4291 tqom
767 4209 925 4290 qepooeudum
947 4205 972 4260 dr
985 4201 1135 4275 α’μφιλέκτῳ
1153 4197 1206 4272 ἤδη
1224 4203 1252 4260 τό

94 4281 161 4395 mil.
183 4335 326 4422 duepuiqncn
342 4343 461 4394 sedl'en.
491 4355 495 4362 ·
697 4273 964 4406 “ibibiciietdiprtnc

129 4407 157 4461 4.
178 4425 228 4461 τινι
242 4407 327 4473 dudem
341 4410 392 4463 reis
405 4412 456 4462 eod.
475 4413 529 4462 len.
733 4411 771 4462 10.
789 4409 964 4480 uappotstrqr
977 4413 1196 4474 comiqttt’etoetur.
1216 4413 1252 4474 Cf.

106 4479 158 4566 ΓΞ).
180 4471 331 4546 ίνενηχήσιι
339 4473 415 4544 φήμη
431 4495 469 4540 τις
480 4475 602 4546 ἐλήλυθεν
610 4481 662 4531 cod.
699 4481 823 4531 Getetertua
845 4482 878 4529 nd
898 4481 959 4530 ttcct.
983 4481 1023 4531 (ἓν.
1041 4481 1144 4532 tionum.
1164 4486 1219 4530 tom.
1236 4482 1255 4530 l.

93 4549 157 4666 nbi.
176 4607 268 4666 τούτου
283 4609 360 4666 τόπον
377 4616 429 4665 cod
446 4617 501 4668 Vm.
694 4545 860 4682 pibbinus
876 4617 926 4667 cod
943 4618 996 4668 ten.

981 4701 1052 4771 20*
