3006 4990
296 325 433 379 runcum
451 326 527 380 cuv.
545 325 714 379 manasses
731 325 793 377 mn.
807 327 826 377 1.
844 326 924 379 ron.
939 327 958 376 r.
1146 315 1204 378 113

67 468 120 511 rum
141 468 194 533 per
211 465 282 511 sese
299 444 455 510 veritatem
474 445 591 532 penitus
609 444 791 531 approbavit.
835 441 945 509 Postea
965 465 1023 508 non
1045 437 1114 510 betti
1132 446 1206 510 duu-

66 560 136 613 trxat
153 548 300 633 imagine,
331 549 382 612 sed
408 548 506 633 reipsa
527 569 592 611 cum
615 549 677 612 suis
703 547 834 633 epulatus
861 549 979 610 eosdem
1003 547 1146 626 instituit,
1170 568 1205 612 nc

66 651 183 714 coeleste
201 671 324 734 regnum
348 671 412 712 cunr
432 649 556 714 veritate
579 649 718 714 nunciare
736 649 851 726 docuit,
874 657 933 711 turn
957 671 1022 712 cum
1045 651 1204 712 maximnm

67 753 124 815 illud
142 753 290 836 longeque
312 751 499 836 praecipuum
521 773 658 815 arcannm
681 749 827 834 discipulis
846 750 970 834 aperuit.
1016 756 1135 826 bonta,
1160 751 1206 814 in·

66 855 126 937 quit,
146 876 241 916 ornnes
256 865 366 934 gentes.
413 852 478 917 Hoc
494 863 558 917 est:
581 852 630 916 Ab
644 852 828 937 improbitate
845 851 909 915 illas
925 853 961 916 ad
977 852 1142 932 veritatem,
1166 851 1203 916 ab
1215 859 1301 957 Ην

67 957 142 1020 sectis
158 955 251 1020 variis
266 956 302 1018 ad
317 955 446 1018 eiusdem
462 955 605 1038 dogmatis
622 954 854 1017 communionem
870 952 1023 1018 traducite.
1054 960 1205 1036 Baptizato
1242 943 1250 968 ’

65 1079 104 1118 cus
120 1063 148 1120 in
163 1062 276 1120 nemrim
290 1062 394 1137 putrui,
419 1069 447 1118 et
454 1059 528 1138 filt‘r',
553 1068 583 1117 et
596 1061 714 1137 spiritus
729 1059 838 1130 sauctt'‚·
864 1054 997 1118 nimirum
1012 1053 1041 1118 in
1061 1056 1206 1122 dominica

68 1158 195 1222 trinitatis
220 1159 432 1244 appellatione,
457 1158 533 1243 quod
557 1159 649 1242 ipsum
675 1168 893 1220 sacrosanctum
915 1167 961 1219 est
977 1177 1011 1218 ac
1030 1157 1143 1241 regium
1164 1158 1206 1221 si·

66 1281 160 1342 guuuq
186 1281 244 1344 quo
262 1259 310 1322 vel
333 1259 396 1344 ipso
420 1260 538 1324 nomine
558 1258 739 1341 signiticaret
755 1258 826 1321 nihil
844 1279 909 1321 esse
925 1258 961 1322 ab
979 1258 1089 1322 unitate
1109 1259 1206 1322 diver-

67 1379 128 1425 sum.
177 1357 253 1426 Cum
270 1361 348 1426 enim
365 1361 507 1446 baptizari
528 1360 660 1424 homiues
678 1361 760 1423 iubet
773 1365 802 1422 in
820 1365 930 1422 conche
941 1364 1045 1440 putrui,
1071 1360 1153 1424 lirme
1170 1381 1206 1424 ac

66 1464 167 1528 stabilis
188 1473 234 1527 est
249 1461 362 1548 gloriae
384 1462 574 1549 praedicatio.
620 1458 706 1543 Quod
730 1481 802 1526 vero
824 1459 940 1524 additur
959 1467 988 1524 in
1007 1466 1117 1524 nomme
1128 1463 1203 1544 filei,

67 1565 130 1628 nulla
152 1586 190 1629 re
209 1564 285 1628 bunc
304 1586 321 1627 a
342 1575 465 1650 paterna
487 1563 630 1648 dignitate
653 1564 779 1626 delicere
801 1562 955 1648 appellatio
980 1563 1043 1647 ipsa
1064 1561 1204 1626 declarat.

65 1661 213 1730 Postremo
231 1667 268 1730 iis
289 1665 319 1730 in
340 1666 457 1746 verbis,
481 1670 510 1728 lu
526 1671 636 1728 nemim
650 1669 768 1746 spuitur
782 1671 891 1740 suucu',
916 1664 994 1728 nulla
1017 1673 1064 1728 est
1084 1663 1207 1728 coniun-

67 1767 159 1832 ctionis
184 1767 309 1847 divisio,
338 1767 466 1832 varietas
490 1766 586 1849 nulla,
616 1767 668 1830 sed
694 1766 780 1831 unius
802 1765 964 1833 divinitatis
986 1765 1068 1829 velut
1090 1765 1205 1849 signum

66 1879 271 1962 repraesentat.

137 1968 277 2054 [lenique
302 1969 403 2034 eodem
433 1991 497 2034 cunr
525 1991 650 2056 corpore
672 1979 703 2033 et
724 1970 820 2034 anima
846 1979 1000 2053 menteque
1022 1969 1058 2034 ad
1082 1990 1206 2055 superos
1225 1981 1342 2051 captv.

67 2084 178 2138 erectus
197 2083 261 2149 est,
285 2073 419 2136 omuibus
437 2072 495 2135 illis
516 2072 544 2134 in
568 2093 654 2136 unum
673 2071 804 2134 conllatis
827 2081 913 2155 atque
930 2072 960 2134 in
979 2072 1099 2134 eandem
1121 2071 1207 2156 spiri·

68 2173 160 2237 tualern
183 2193 339 2257 personam
354 2174 615 2254 concurrentibus,
639 2174 802 2257 divinisque
819 2172 949 2236 redditis.
995 2170 1068 2236 lude
1083 2195 1153 2237 mox
1176 2183 1208 2237 ut

67 2273 95 2334 ed
112 2274 203 2358 patris
220 2276 355 2338 dextram
375 2275 525 2354 consedit,
549 2295 710 2361 praecones
729 2275 757 2338 in
776 2274 944 2338 universum
962 2274 1061 2338 orbem
1085 2273 1205 2353 dimisit,

67 2369 208 2440 Simonem
228 2373 368 2455 Petrum,
392 2387 421 2440 et
437 2377 587 2440 Andream
609 2375 674 2442 eius
698 2377 834 2453 lratrem,
858 2373 995 2439 Iacobum
1019 2387 1048 2438 et
1066 2372 1207 2440 loannem

67 2471 208 2541 Zebedaei
225 2477 319 2554 lilios,
343 2499 416 2562 quos
436 2477 504 2542 olim
521 2478 687 2562 delegerat,
710 2475 872 2562 Philippum
891 2489 921 2540 et
936 2474 1206 2556 Bartholomaeum,

66 2571 254 2656 blattbaenm,
282 2577 438 2658 Thomam,
463 2592 492 2642 et
506 2577 620 2657 ludam,
644 2601 679 2642 ac
696 2577 905 2656 Thaddaeum,
929 2599 964 2640 ac
980 2575 1130 2642 Simonem
1149 2575 1209 2642 Ze-

67 2677 150 2744 luteu.
186 2677 264 2744 Nam
285 2677 442 2744 lscariotes
459 2676 545 2745 ludas
562 2681 618 2744 etsi
635 2681 775 2748 hactenus
791 2681 826 2743 ad
840 2677 903 2744 Xll
918 2680 1082 2765 adscriptus
1098 2681 1207 2760 luerat,

67 2791 248 2866 posteaquam
267 2781 444 2866 proditorem
459 2803 497 2846 sc
521 2783 605 2860 lecit,
629 2781 665 2846 ab
687 2804 772 2846 sacro
797 2781 995 2867 apostolorum
1019 2803 1141 2848 numero
1163 2791 1210 2846 est

66 2893 236 2967 expunctus.
270 2880 394 2946 Praeter
408 2883 461 2946 hos
474 2880 597 2946 LXXll
613 2884 686 2948 alios
702 2884 737 2947 ad
754 2885 874 2947 eandem
893 2883 1071 2946 functionem
1088 2883 1207 2967 allegat,

66 2984 198 3066 equibus
212 2981 270 3047 Vll
287 2983 326 3048 illi
343 2987 426 3048 luere
440 2986 488 3069 qui
505 2984 540 3048 ad
558 2983 708 3048 viduarum
724 2985 894 3068 obsequium
911 2984 1015 3049 delecti
1030 2995 1115 3048 sunt:
1141 2981 1210 3048 Ste·
1222 2997 1270 3041 acu
1282 2997 1304 3052 ⁸.
1316 2997 1337 3041 ⁶·

67 3083 184 3165 phanau,
208 3083 369 3170 Philippus,
392 3083 573 3166 Prochorus,
595 3083 742 3164 Nicanor,
766 3084 888 3165 Timon,
911 3083 1085 3164 Parmenas,
1109 3097 1139 3150 et
1154 3083 1211 3150 Ni-

68 3185 173 3266 colans,
199 3197 230 3249 et
245 3197 313 3250 ante
333 3187 386 3250 bos
401 3185 556 3267 Matthias,
580 3188 628 3272 qui
649 3187 713 3251 loco
729 3184 818 3251 ludae
836 3187 914 3250 iuter
928 3187 1076 3272 apostolos
1093 3197 1211 3273 coopta-

69 3295 107 3350 tus
124 3299 181 3352 est.
227 3289 275 3352 Ad
295 3299 432 3374 septenos
451 3288 517 3353 illus
534 3309 570 3352 ae
587 3285 760 3366 Matthiam,
783 3285 917 3352 Marcum
939 3289 1076 3373 insuper,
1100 3299 1131 3353 et
1148 3285 1211 3354 Lu-

68 3407 136 3470 cam,
159 3387 288 3468 lustum,
310 3387 493 3469 llarnabam,
516 3390 669 3475 Apellem,
692 3389 828 3470 Rullum,
850 3388 995 3473 Nigrum,
1018 3410 1052 3453 ac
1068 3390 1209 3474 reliquos,

70 3490 105 3552 uti
121 3493 268 3569 diximus,
292 3487 417 3554 Lxxtt
441 3491 558 3556 adiecit.
604 3489 719 3575 Quibus
743 3513 807 3556 cnm
829 3491 915 3554 etiam
938 3502 1071 3554 sanctum
1088 3489 1212 3556 Paulum

68 3605 165 3678 suapte
186 3595 223 3656 de
250 3593 333 3658 coelo
358 3613 432 3656 voce
458 3592 547 3657 missa
569 3594 730 3677 apostolum
755 3593 942 3674 gentiumne
968 3612 1160 3677 praeconem,
1183 3601 1214 3656 et

69 3694 242 3776 apostolicae
260 3693 409 3759 doctrinae
425 3704 689 3757 consummatorem
705 3692 851 3764 instituit.
873 3691 931 3776 Qui
948 3693 1062 3777 quidem
1081 3703 1212 3758 sanctum

68 3790 196 3876 Lucam,
219 3806 252 3859 ut
267 3805 448 3874 memorant,
472 3816 560 3859 nuum
578 3815 594 3857 c
610 3791 734 3857 Lxxtt
752 3794 915 3878 discipulis,
937 3795 985 3877 qui
1001 3793 1098 3858 varias
1114 3795 1143 3857 in
1166 3815 1214 3856 re-

68 3894 166 3977 giones
196 3896 328 3981 dissipati
354 3897 487 3976 lucrant,
518 3896 654 3976 reduxit,
684 3915 809 3978 eumque
835 3896 971 3958 comitem
997 3907 1028 3958 et
1052 3895 1212 3958 adiutorem

68 3997 212 4082 evangelii
235 3997 370 4062 simulet
392 3998 555 4083 apostolum
577 3997 718 4062 adhibuit.
763 3994 828 4061 Hoc
850 3996 936 4060 modo
958 4007 1048 4060 lotum
1069 3997 1214 4081 evangelii

69 4099 214 4182 negotium
237 4100 273 4163 ad
296 4099 324 4162 id
348 4119 440 4182 nsque
463 4100 601 4185 temporis
624 4102 789 4162 conlectum
812 4109 868 4162 est.

148 4202 249 4285 Atque
270 4201 411 4264 hacteuus
436 4201 471 4264 de
487 4197 534 4264 Xl
551 4200 659 4278 sectis,
684 4201 776 4284 deque
795 4221 830 4264 eo
854 4201 929 4284 quod
947 4199 1050 4264 ordine
1073 4219 1216 4263 consecu-

68 4309 125 4366 tum
149 4312 214 4380 est,
239 4312 270 4366 et
295 4321 311 4365 a
331 4321 379 4364 me
396 4323 449 4387 pro
468 4300 574 4365 virium
596 4311 683 4387 captu
706 4299 806 4385 paucis
827 4303 1021 4386 explicatum,
1045 4302 1217 4386 evurrgclica

100 4469 160 4521 Car.
174 4471 219 4521 lv.
235 4499 270 4511 -
305 4471 327 4522 l.
345 4465 487 4540 Πρὸχωρος
502 4471 554 4524 mu
567 4472 627 4523 hlas-
694 4469 718 4522 2.
737 4463 773 4530 ὥς
790 4472 840 4521 cod.
856 4471 931 4522 leuet.

67 4537 113 4600 du.
130 4545 152 4588 ct
168 4539 224 4590 edit.
236 4541 313 4602 prluc

118 4617 212 4676 corpu
225 4617 359 4664 flammi.
373 4619 402 4664 ll.
998 4629 1016 4690 8
