2994 5024
360 351 494 402 rnuuau
511 351 574 402 ure.
588 351 608 401 ι.
626 351 707 404 rou.
720 351 763 402 ιιι.
781 349 880 403 unua.
892 351 973 405 xurt.
1181 341 1243 407 589

83 466 192 530 tietum
216 479 245 530 ct
266 468 434 551 quidusdam
456 469 632 534 dictionibus
654 471 775 556 iusuper
796 473 900 536 additis
919 471 1123 557 interpolatum
1144 474 1242 538 inerit.

83 567 178 652 Quod
195 591 252 633 noa
269 573 430 634 communis
447 571 579 636 utilitatis
593 574 703 655 gratia,
728 573 779 637 sed
795 578 828 637 ad
846 595 950 638 vocrrm
968 575 1243 658 periculosissimam

82 671 249 734 novitatem
273 673 481 752 affectandam,
506 675 617 738 fumosa
639 676 687 740 ilia
710 675 794 738 belua
818 678 915 740 iacere
938 676 1074 740 instituit.

174 772 257 838 Haec
274 787 370 838 autem
388 777 485 840 omnia
498 797 538 840 ex
554 798 591 840 eo
606 798 691 861 quem
705 779 998 843 commemoravimus
1012 774 1136 863 apostoii
1153 799 1242 844 erau-

79 874 215 960 geiiiquc
236 873 336 940 Lucae
358 877 450 958 libro,
483 900 539 962 quo
561 879 586 942 is
609 879 716 958 utitur,
746 900 908 966 excerpere
931 901 965 942 ae
987 880 1114 964 seligere
1131 881 1243 946 studui-

80 997 166 1040 mus.
199 975 239 1042 Ut
254 981 425 1064 quicumque
442 982 583 1044 adversus
599 982 675 1046 iiiius
690 1003 821 1045 errorem
837 983 985 1067 disputare
1000 983 1109 1046 suerint
1123 1005 1243 1067 aggres-

80 1081 124 1158 si,
151 1080 230 1164 prius
245 1083 410 1166 iutciiigaut
423 1085 563 1166 quaedam
580 1085 615 1147 ab
631 1105 666 1148 eo
679 1096 854 1148 commutata
869 1085 1027 1163 vocabula,
1051 1105 1086 1148 ae
1101 1107 1153 1170 per
1167 1089 1243 1150 irau-

80 1183 154 1244 dem
172 1203 207 1246 ac
223 1184 360 1247 malitium
375 1184 498 1249 inserta.
545 1185 630 1270 Quae
648 1208 720 1250 sero
738 1187 800 1251 suis
817 1187 889 1250 locis
908 1186 1025 1250 minime
1042 1187 1241 1271 reperiuntur,

79 1283 218 1348 eiusdem
234 1297 302 1350 sunt
316 1288 433 1350 audacia
450 1288 609 1352 subtracta.
655 1287 737 1353 Haec
755 1289 830 1353 enim
848 1290 933 1352 honio
949 1289 1081 1375 stupidus
1096 1289 1159 1353 sola
1175 1309 1240 1353 esse

78 1385 228 1450 iudicavit
249 1391 455 1454 comrncutitiis
478 1391 534 1454 tttis
556 1392 618 1456 suis
641 1392 825 1477 opinionibus
848 1391 1007 1454 contraria.

174 1488 296 1556 Tertius
314 1513 386 1555 vcro
404 1503 556 1578 praetcrea
571 1505 724 1580 susceptus
741 1516 758 1558 a
774 1493 858 1558 nobis
875 1505 921 1558 cst
936 1494 1034 1572 iabnr,
1059 1505 1090 1558 ut
1104 1495 1134 1556 in
1154 1515 1239 1556 unam

80 1592 291 1657 corrierremus
313 1596 408 1657 oramia
432 1596 587 1679 dequibus
610 1617 675 1660 cum
695 1597 772 1660 inter
795 1617 848 1660 uos
867 1607 954 1680 atquc
973 1595 1052 1658 ilium
1070 1597 1238 1675 conveniat,

79 1715 120 1758 ea
146 1705 242 1758 tamen
265 1708 332 1760 sutrt
350 1696 492 1760 eiusmodi
516 1708 547 1759 ut
566 1697 742 1788 salvatorem
762 1711 893 1762 nostrum
914 1708 1059 1782 assumpta
1083 1717 1171 1761 cartre
1189 1717 1240 1760 rc-

80 1797 168 1860 uisse
183 1797 336 1862 manifeste
351 1799 534 1882 significent:
560 1809 619 1862 tum
635 1821 709 1882 quae
724 1801 834 1864 veteris
848 1799 974 1885 novique
991 1799 1156 1864 testamenti
1171 1821 1241 1863 con-

79 1899 254 1962 sensionem
271 1903 445 1980 ostendunt,
470 1913 520 1964 aut
536 1901 688 1987 ipsiusmet
703 1903 748 1964 dei
762 1902 811 1965 liiii
825 1903 1058 1981 confessionem,
1083 1923 1139 1986 qua
1156 1903 1240 1966 deum

80 2022 154 2064 esse
172 2001 246 2065 cneii
262 2013 416 2088 terraeque
433 2003 631 2083 conditorem,
656 2015 685 2068 et
701 2003 729 2067 iu
746 2005 1029 2089 iegeprophetisque
1043 2004 1183 2084 locutum,
1207 2026 1240 2068 uc

80 2100 212 2186 denique
233 2116 344 2189 patrem
367 2127 436 2169 esse
457 2127 540 2170 suum
564 2109 697 2170 affirmat.
745 2105 790 2170 Dc
809 2106 863 2168 hoc
880 2105 968 2189 igitur
984 2117 1157 2188 argumento
1175 2107 1240 2170 bre-

80 2224 153 2268 vem
176 2205 254 2268 iiiam
275 2209 513 2272 commentarium
538 2209 618 2273 rclut
640 2208 753 2272 scholia
771 2209 911 2293 quaedam
931 2207 1163 2286 elaboravimus,
1196 2219 1240 2271 to-

82 2321 206 2394 tumque
229 2311 304 2374 istud
322 2331 393 2395 opus
416 2309 611 2374 eMarciouis
627 2310 708 2374 timis
730 2311 765 2374 ad
784 2310 903 2375 verbum
920 2320 1092 2395 excerptum
1116 2309 1160 2373 sic
1177 2320 1240 2373 tau·

82 2432 174 2497 quam
193 2411 311 2476 maioris
327 2412 449 2476 alicuius
467 2413 561 2478 scium
578 2435 613 2476 ac
631 2414 846 2477 tundamentum
866 2411 1080 2498 praemisimus.
1126 2409 1185 2477 Sed
1204 2433 1240 2475 ue

82 2514 109 2577 si
126 2513 194 2597 quid
209 2513 239 2576 in
253 2535 290 2577 co
305 2525 349 2578 est
367 2517 402 2578 ad
415 2515 632 2598 iuteliigeudum
649 2515 761 2579 difficile
776 2516 945 2599 quibusdam
960 2513 1145 2598 ignorantiae
1160 2525 1241 2576 tene·

82 2613 147 2678 bris
169 2615 309 2680 lectorum
328 2617 452 2680 obducet
468 2617 599 2696 animos,
631 2617 724 2702 placet
744 2617 880 2702 deinceps
897 2615 1012 2700 singula
1034 2637 1051 2680 a
1072 2637 1118 2680 me
1135 2637 1240 2701 propo·

81 2718 143 2782 sita
161 2719 280 2803 suisque
298 2719 389 2783 titulis
406 2720 545 2806 inscripta
563 2720 672 2803 capita,
697 2720 836 2806 primum,
860 2719 1035 2795 secundum,
1068 2739 1102 2782 ac
1122 2717 1238 2782 tertium

81 2819 262 2907 explicando
277 2832 421 2902 truciore,
446 2843 621 2906 causamque
638 2824 840 2886 demonstrare
859 2833 977 2907 propter
992 2841 1077 2906 quam
1092 2840 1239 2904 unaquae-

82 2943 143 3008 que
159 2923 271 2987 deiccte
289 2945 348 2989 vox
364 2936 409 2989 est
426 2937 455 2990 et
470 2925 506 2988 ab
521 2925 571 2989 iiio
588 2935 706 2988 mutata.
753 2923 830 2988 Hine
844 2923 933 3008 igitur
947 2923 1111 3009 disputandi
1126 2921 1238 2986 initium

82 3026 201 3088 faciam.

234 3213 399 3264 SCHOLiON
421 3217 464 3266 EX
487 3215 679 3268 evuuuuuto
698 3216 767 3278 Quo
785 3214 936 3266 multorom
957 3214 1092 3266 uTtTtttt.

173 3331 185 3395 Ι
190 3379 198 3394 .
231 3338 322 3408 Vade,
348 3339 461 3396 ostende
475 3347 502 3396 te
515 3339 672 3409 secerdoti,
696 3346 726 3395 et
738 3337 813 3419 offer
822 3355 878 3415 pre
889 3337 1059 3414 purgatione
1074 3343 1138 3407 mm,
1163 3337 1238 3394 secut
1250 3346 1303 3392 uuo
1312 3348 1333 3401 a,
1349 3349 1378 3392 tt.

78 3440 229 3518 proecepit
248 3440 376 3516 Moyses,
403 3442 494 3498 nteit
514 3441 699 3500 testiinonium
720 3439 772 3498 icoc
793 3438 879 3498 codri.

171 3639 321 3705 Reirrtatie
340 3640 362 3704 i.
397 3639 534 3706 Potuitne
553 3644 704 3720 dominus,
729 3642 754 3706 si
774 3653 876 3706 corrtra
892 3644 985 3726 legem
1005 3641 1136 3724 legisque
1152 3641 1236 3702 deum

82 3765 168 3809 suam
186 3743 322 3821 haberet,
346 3754 378 3807 ut
393 3745 521 3824 asseris,
555 3757 750 3831 comparatam
767 3745 944 3822 doctrinam,
977 3743 1086 3807 curatis
1105 3763 1168 3806 asc
1187 3742 1238 3804 ho·

83 3845 229 3924 minibus,
253 3846 343 3910 veluti
359 3847 476 3930 leproso
495 3848 578 3925 iruic,
605 3847 766 3910 istiusmodi
787 3848 951 3910 mandatum
969 3847 1078 3910 edere?
1122 3848 1197 3906 Vnde
1210 3856 1238 3906 et

82 3953 199 4013 ostende
216 3961 242 4010 te
257 3953 400 4010 sacerdoti
419 3949 481 4030 (ubi
504 3972 569 4013 cum
586 3952 769 4014 sacerdotem
789 3958 1014 4024 commemorat,
1046 3947 1119 4029 tegis
1138 3967 1238 4010 sacer·

82 4053 194 4116 dotium
219 4072 276 4114 uon
298 4051 452 4133 abrogat),
483 4065 512 4113 ct
531 4055 606 4137 offer
618 4075 674 4134 pro
689 4057 860 4134 purgaturae
878 4063 938 4112 mc.
985 4051 1031 4112 Ac
1048 4049 1118 4111 iicet
1134 4069 1236 4114 vocem

81 4155 180 4230 iilum,
211 4175 326 4226 muner,
361 4153 496 4232 inducas,
529 4175 568 4216 ex
587 4154 726 4218 offerendi
747 4153 837 4217 verbo
856 4151 1042 4216 nihilomiuus
1065 4161 1181 4214 constet
1202 4152 1237 4213 de

81 4311 132 4360 eiua
142 4309 235 4370 prodit:
247 4307 323 4358 Porro
333 4306 413 4356 sciant
425 4323 518 4366 eructes,
531 4307 571 4374 qui
582 4307 644 4356 eius·
678 4309 718 4357 iii:
734 4307 802 4358 Haec
817 4305 883 4356 enim
896 4305 950 4355 oola
962 4304 1060 4372 putavit
1070 4301 1182 4354 bestialis
1196 4301 1238 4352 itte

82 4377 142 4426 dem
162 4374 241 4426 errori
259 4374 429 4426 contradicere
448 4374 549 4436 volunt,
577 4374 644 4442 quod
678 4375 802 4426 contrarie
816 4391 877 4424 cese.
906 4375 932 4422 in
947 4373 995 4423 hoc
1008 4372 1093 4440 itaque
1108 4369 1237 4422 contrudi-

82 4451 134 4496 cett.
678 4459 760 4494 cemus
777 4442 898 4493 condictae
916 4441 1024 4491 eiusdem
1039 4439 1170 4491 versutiae.
1206 4439 1238 4488 Et

116 4511 159 4564 47.
175 4509 220 4564 atui
232 4514 374 4574 pandectem
385 4515 414 4563 de
423 4527 473 4563 meo
485 4513 577 4562 addidi.
598 4515 643 4562 De·
677 4511 754 4562 tertio
763 4517 823 4572 cett,
837 4513 899 4561 trade
911 4511 1007 4574 difficile
1021 4515 1053 4560 est
1062 4512 1170 4560 diuinare
1181 4509 1239 4572 quid

81 4583 201 4634 dumetae
210 4583 235 4630 tn
245 4583 350 4632 omnibus
361 4583 432 4634 titrr's.
457 4583 645 4632 connecterem·
676 4583 815 4632 mutandum
829 4581 1015 4642 reponendumue
1030 4581 1070 4630 itte
1086 4581 1206 4630 consuent
