2986 4996
264 315 406 367 Pthdllll
423 315 499 366 ADV.
518 313 687 366 HAERESRS
704 313 767 366 Lib.
786 315 804 364 l.
822 315 894 366 Tum.
912 313 931 364 l.
1135 303 1175 364 55

75 451 125 512 qnae
140 432 162 493 in
181 432 230 496 alio
248 435 314 497 loeo
333 432 435 498 eodem
452 433 490 496 nb
506 431 639 518 apostolo
657 428 809 496 dinuntnrr
844 433 961 495 Debitor
977 453 1039 494 anm
1058 437 1173 496 Graecia
1186 439 1250 482 Μ
1264 437 1326 490 bli-

74 533 220 608 admistis,
242 537 416 616 sapientibus
435 547 466 597 et
480 535 684 615 marboentt'bna.
730 530 771 597 Ut
791 545 821 597 et
839 529 963 598 ludaeos
979 533 1127 616 sapientes
1146 545 1174 598 et

73 631 201 717 insipientes
216 657 280 700 esse
295 635 421 720 Scythas
436 637 617 700 ostenderet.
663 632 777 717 Quibus
793 634 939 712 omnibns,
961 634 1014 715 sit,
1038 655 1093 719 ego
1110 651 1174 700 snm

74 733 162 798 debitor.
200 735 288 821 igitur
308 738 344 802 ab
367 736 418 801 illo
438 736 575 822 deinceps
593 747 724 822 tempore
747 736 778 800 in
797 733 996 800 israelitarum
1014 757 1109 821 genos
1129 735 1175 802 lu·

73 834 172 900 iscoram
189 859 290 903 nomen
314 840 370 902 ism
393 849 452 902 tum
474 837 624 902 nDevide
643 838 822 903 mansionum
843 848 905 916 est,
937 849 968 902 et
984 847 1107 924 unoque
1125 859 1175 902 oo·

73 950 188 1016 monento
205 951 261 1004 tam
277 938 474 1004 lsrnilitarum
491 957 577 1024 qnam
594 937 767 1004 ludaeorum
786 939 881 1003 omnis
898 939 1035 1023 illigeris
1052 961 1088 1004 eo
1104 941 1175 1004 insi·

72 1037 124 1116 quite
136 1054 258 1125 perpetuo
274 1052 338 1120 est,
360 1039 535 1120 nllavidis,
558 1041 688 1125 inquam,
712 1042 834 1126 eiusque
850 1040 898 1104 lilii
916 1038 1083 1106 Salomonis
1102 1053 1174 1106 tem·

73 1139 153 1217 poribus
170 1152 198 1204 et
214 1140 297 1208 boins
314 1143 434 1228 insuper
449 1142 499 1206 tilii
515 1141 679 1221 Romami,
712 1145 761 1228 qui
780 1153 845 1229 post
862 1139 1050 1208 Salomonem
1067 1141 1174 1208 lliero-

71 1239 155 1322 samis
168 1246 305 1328 regnavit.
351 1243 461 1308 Verum
480 1265 517 1309 oe
532 1245 650 1308 omnino
668 1266 742 1328 quae
759 1247 794 1309 ad
812 1243 985 1310 ludaeorum
1001 1244 1173 1328 religionem

71 1341 157 1406 edicat
168 1348 400 1430 praetermittam,
420 1345 555 1430 nullaque
569 1365 609 1410 ex
625 1357 708 1431 parte
721 1347 838 1411 illorum
852 1345 1004 1432 opinionon
1021 1344 1172 1430 attingam,

70 1461 129 1520 panca
147 1445 177 1508 de
197 1449 292 1514 multis
314 1439 500 1533 complectar.
544 1445 651 1532 Neque
670 1447 747 1512 enirn
768 1449 902 1534 cuiqnam
921 1449 983 1512 iere
1002 1445 1174 1514 ludaeorum

71 1541 185 1624 religiones
198 1550 315 1632 ignotae
329 1560 406 1615 sunt.
452 1547 580 1634 ldeoqne
596 1550 624 1612 in
640 1570 677 1614 eo
693 1559 865 1634 argumento
881 1551 1032 1614 tristando
1049 1569 1108 1614 oon
1123 1551 1175 1614 ad·

69 1645 147 1708 ndns
166 1652 308 1736 exquisite
331 1648 528 1730 ve'rsabirnnr,
562 1652 615 1714 sed
636 1651 768 1716 emultis
786 1669 879 1737 panon
896 1651 1068 1732 libabimus,
1100 1671 1174 1736 quse

70 1751 194 1815 scenam
215 1753 436 1842 pprstringenda
458 1753 606 1818 videntur.

124 1947 209 2038 ltaqoe
227 1952 326 2020 ludaei
344 1955 393 2039 qni
407 1954 443 2020 ab
461 1953 608 2020 Abreamo
625 1965 682 2020 taor
700 1958 818 2040 generis
836 1979 922 2041 qnam
939 1957 1091 2042 religionis
1108 1979 1174 2022 sno·
1193 1972 1252 2040 cup.
1265 1975 1307 2022 rtt.

67 2051 188 2118 amionem
213 2066 406 2142 acceperunt,
438 2059 599 2122 abeodem
626 2059 857 2123 circumcisionis
882 2059 968 2124 ritum
992 2061 1070 2124 nacti
1093 2071 1172 2140 anot,

67 2169 122 2230 qnam
139 2155 182 2221 ille
199 2159 437 2224 undecentesimo
458 2159 563 2224 aetatis
585 2179 662 2224 anuo
681 2159 820 2225 diviuitas
840 2160 980 2224 adbibere
997 2163 1094 2226 iussus
1116 2173 1173 2241 est,

66 2251 89 2310 rl
103 2273 152 2319 ean
171 2279 301 2324 caussam
324 2281 408 2342 qnam
431 2272 518 2326 antea
536 2261 754 2346 proposuimus,
788 2283 824 2326 ne
845 2262 959 2326 scilicet
980 2262 1044 2326 eins
1066 2264 1174 2347 posteri

65 2349 83 2412 in
97 2355 171 2422 aliena
192 2363 313 2446 regione
336 2374 549 2426 commorantes
572 2363 617 2426 dei
642 2383 747 2426 nomen
770 2364 807 2426 ab
829 2379 896 2428 sese
918 2365 1093 2444 reiicerent,
1117 2367 1175 2429 inro

65 2455 115 2516 relat
132 2462 249 2526 inustum
269 2463 411 2547 quoddam
433 2465 548 2547 signnm
568 2464 684 2549 corpori
707 2485 760 2528 sno
779 2465 1018 2544 circumferrent,
1051 2487 1109 2550 qno
1128 2469 1173 2532 vel

64 2563 236 2628 consuefieri
261 2565 308 2628 rel
331 2565 465 2648 redargui
489 2576 626 2649 possent,
660 2565 686 2629 si
711 2568 778 2650 qnid
800 2567 1003 2648 admitterent,
1034 2579 1121 2651 atquc
1143 2579 1176 2634 nt

63 2659 145 2724 canino
171 2676 291 2749 paterna
322 2664 353 2729 in
382 2666 525 2750 religione
555 2664 746 2752 institutoque
777 2669 981 2753 persisterent.
1034 2670 1174 2734 Abraami

62 2755 133 2824 lists
150 2767 221 2831 lilios
243 2765 364 2832 lsaacna
386 2777 491 2831 octavo
513 2788 599 2852 qnam
624 2779 709 2834 natus
736 2781 801 2834 arat
827 2770 873 2834 die
901 2791 942 2834 ex
969 2769 1017 2834 dei
1037 2771 1174 2836 mandale

63 2857 209 2932 ‘idomenus
230 2878 287 2932 est.
332 2867 398 2932 Nec
418 2869 533 2933 dubium
554 2880 601 2934 cst
619 2871 687 2954 qnin
706 2881 765 2934 tum
784 2872 883 2935 divino
900 2882 1057 2957 praecepto
1073 2873 1112 2935 sit
1131 2873 1174 2934 in·

62 2959 130 3028 dnn
145 2969 338 3049 circumcisio,
360 2991 415 3034 nec
429 2971 516 3036 aliter
533 2983 629 3036 tamen
646 2994 731 3057 qnam
749 2975 785 3037 nd
803 2975 964 3037 futurarum
981 2993 1078 3036 rernm
1096 2973 1174 3038 seri·

63 3069 121 3128 ibn
133 3072 207 3136 reiut
223 3071 352 3156 imagine
367 3073 488 3156 quedam
505 3075 748 3154 adumbrandemq
779 3075 807 3137 id
824 3075 899 3158 qnod
918 3084 1020 3160 postea
1038 3095 1092 3139 ano
1107 3074 1172 3138 looo

62 3161 281 3238 demonstrabitur.
319 3171 518 3257 Quamobrem
532 3175 697 3240 oirnumoisi
712 3175 849 3261 deinceps
865 3175 1004 3240 Abrsami
1019 3193 1173 3240 successo·

62 3282 92 3326 νει
103 3291 187 3338 omues
203 3297 241 3340 se
257 3277 368 3362 posteri
383 3279 517 3354 luerunt,
549 3297 640 3362 penes
656 3297 729 3360 qnos
744 3277 860 3340 sincere
877 3276 980 3360 religio
997 3296 1032 3340 nc
1049 3277 1096 3341 dei
1111 3275 1172 3342 cnl-

62 3373 89 3428 ln
104 3377 209 3441 metir.
255 3375 346 3462 ldque
368 3399 432 3442 oum
456 3379 492 3442 ub
511 3379 659 3443 Abisama
682 3388 834 3463 sosptem,
865 3389 924 3442 tum
946 3378 1113 3462 singillatim
1136 3378 1172 3444 ab

63 3461 144 3556 mam,
171 3477 299 3558 lacobo,
331 3480 472 3564 lruinsqno
488 3480 606 3559 liberis,
636 3475 883 3560 miliacenses,
906 3478 1015 3545 Iudaea
1030 3501 1065 3544 nc
1080 3477 1172 3544 Phili·

60 3579 113 3636 rusa
123 3584 275 3661 qnondam,
299 3603 375 3646 rrunc
388 3579 556 3646 Palaestina
572 3583 660 3660 diota,
679 3582 800 3667 regione
815 3593 1005 3667 propagatum
1020 3591 1077 3646 est.
1112 3577 1172 3646 Sed

61 3675 112 3738 ‘lin
124 3681 256 3769 Aegypto
280 3705 338 3747 riou
357 3684 452 3748 minus
471 3693 689 3768 perseveratum
710 3693 767 3748 est.
811 3681 858 3746 Eo
872 3684 1016 3768 siqnidem
1032 3681 1167 3762 lacobus,
1182 3709 1238 3754 a..
1252 3713 1284 3756 a,

60 3775 88 3850 lri
99 3791 122 3841 et
132 3779 250 3849 israelis
264 3805 427 3868 cognomen
442 3783 553 3863 babuit,
578 3804 636 3849 une
649 3805 714 3848 oum
728 3781 774 3848 xt
789 3784 855 3848 liliis
870 3787 1018 3870 proiectus
1035 3795 1081 3848 est
1093 3804 1171 3848 anno

60 3881 130 3945 ditis
143 3882 278 3950 CXXX.
321 3885 398 3950 Nam
415 3884 558 3970 loseplrna
575 3905 650 3950 unus
664 3907 682 3950 e
696 3885 855 3950 liberorum
867 3885 945 3950 illins
961 3905 1083 3950 numero
1098 3885 1170 3950 iarn·

60 3975 129 4046 dudm
144 3987 171 4050 iu
188 3990 328 4074 Aegypto
346 3987 496 4072 imperium
513 3987 750 4066 administrabat,
780 4007 817 4052 eo
835 4005 852 4052 n
870 3987 1007 4053 iratribus
1023 4007 1077 4072 per
1094 3985 1171 4050 insi-

59 4075 106 4144 ὅθι
119 4087 281 4155 distractus.
314 4087 374 4154 Set
392 4089 488 4154 divina
506 4090 701 4174 providentia,
718 4110 792 4174 qnae
807 4089 994 4152 sacratissimo
1008 4089 1073 4152 viro
1086 4109 1170 4173 prae-

59 4189 182 4284 tenderat
196 4193 320 4276 eiusque
335 4190 493 4254 commodis
507 4192 635 4266 favebat,
659 4200 844 4277 comparatas
857 4192 999 4253 adversus
1014 4189 1168 4274 loseplrum

57 4285 139 4354 insidiae
154 4293 352 4358 admirabilem
370 4291 401 4356 in
420 4292 586 4356 felicitatem
602 4293 758 4355 convertit.
803 4293 919 4375 Atque,
944 4301 976 4353 nt
990 4291 1085 4353 dicere
1101 4311 1170 4354 coe·

59 4401 138 4468 naq,
158 4391 283 4459 laoobns
300 4395 421 4478 eiusque
438 4395 521 4458 liberi
538 4417 601 4457 oum
618 4393 759 4457 uxoribus
775 4416 810 4456 ac
826 4393 980 4479 nepotibus
995 4393 1030 4456 ad
1047 4389 1170 4456 LXXV

57 4486 119 4567 “tili
131 4495 158 4558 in
174 4497 344 4582 Aegyptum
363 4496 540 4580 migraruntq
565 4505 595 4558 nt
610 4493 639 4557 in
659 4495 751 4581 primo
767 4492 958 4559 Pentateuobi
974 4493 1097 4560 Moseici
1118 4517 1169 4556 vo-
