3018 4994
289 349 350 412 390
711 353 832 408 εκκοτι
849 353 1018 407 κοινκκκιι

289 481 383 544 έκεῖνο
402 474 478 562 πρός
494 480 597 554 τούτο,
620 474 765 560 ἑκατέρων
779 470 853 538 κατά
869 471 904 538 τοί
919 474 1047 558 τέρματα
1063 469 1195 555 άλλήλοις
1210 471 1434 540 έπικοινωνούν·

288 607 354 646 των.
399 580 460 644 Καί
481 581 513 644 έκ
535 575 642 653 παντός
660 574 749 662 λόγου
764 573 954 665 διελεγχθηση
978 577 1007 652 ἐξ
1027 576 1190 658 έπισπορύς
1208 579 1350 659 δαίμονος
1369 577 1436 659 ἔχων

289 680 344 766 τὴν
357 687 409 764 τῆς
423 679 536 763 πλάνης
556 703 610 746 σου
632 680 790 762 κόσμησιν,
812 676 931 744 πάντων
953 680 1083 744 ἐλεεινῶν
1104 676 1284 744 έλεεινότατε.

252 795 268 850 ’.
362 781 429 848 Ἵνα
445 783 477 848 δέ
492 781 532 866 μή
546 785 774 868 παραλείφωμαί
789 809 817 846 τι
831 788 892 846 τοῖν
908 779 990 866 παρά
1006 801 1060 847 τισι
1076 781 1237 867 γινομένων
1251 807 1282 846 τε
1295 783 1347 846 καί
1360 788 1434 866 λεγο-

288 888 399 971 μένων,
426 883 483 950 κάν
499 909 528 950 τε
547 886 579 951 έν
596 881 702 973 ἑκάστη
720 885 821 950 πολλοὶ
838 880 893 948 τίεν
911 887 942 948 οἱ
956 885 1086 969 έξαρχοι,
1115 884 1165 948 καί
1185 880 1344 967 αὐχοῦντες
1359 885 1436 968 ἕτερα

289 987 358 1054 ἄνθ’
380 989 485 1075 ἑτέροιο
506 985 580 1074 ύπίρ
600 983 671 1062 τούς
689 983 786 1050 αύτοῖν
803 984 999 1062 διδασκάλους
1015 994 1263 1068 μνθοποιεῖσθαι,
1291 988 1335 1052 ἔτι
1355 989 1434 1051 ιέπι·

290 1099 367 1176 μενοῖ
380 1087 587 1175 ύφηγούμενος
600 1086 670 1164 τούς
684 1090 715 1154 έν
730 1085 805 1178 αύτῇ
820 1096 857 1178 τῇ
872 1089 980 1174 αἱρέσει
992 1085 1090 1166 ὄντας,
1106 1089 1188 1173 έτερα
1203 1088 1235 1153 δέ
1246 1086 1330 1175 παρά
1349 1086 1435 1152 2ταύ-

290 1221 343 1277 την
358 1195 509 1279 λέγοντας,
536 1194 614 1275 φημί
631 1191 662 1255 δέ
678 1193 744 1277 περί
759 1187 959 1273 Ἐπιμένους,
990 1191 1062 1256 3καλ
1077 1188 1243 1276 Ἰσιδάρου,
1274 1193 1308 1257 έκ
1324 1189 1434 1278 προφά-

291 1318 364 1373 σεως
382 1301 604 1381 Παραιυετικοῖν
619 1295 758 1377 ῥημάτων
774 1292 879 1359 ἔαυτόν
893 1295 935 1359 έτι
950 1296 991 1370 είς
1008 1290 1213 1378 περισσότερον
1229 1291 1332 1378 βυθόν
1346 1303 1435 1359 ταλοι·

290 1403 404 1486 πωρίας
425 1395 656 1483 καταγαγόντος,
686 1393 802 1479 τόληθῆ
819 1397 872 1478 μὲν
890 1388 946 1462 σύν
963 1392 1022 1460 άπό
1041 1393 1278 1481 Καρποκράτους
1293 1403 1349 1462 τού
1365 1401 1435 1462 ι’δίου

291 1500 402 1588 πατρός
414 1499 489 1566 κατά
503 1498 598 1584 σάρκα
613 1497 768 1582 εἰληφότος
782 1495 834 1574 τάς
847 1495 1021 1584 προφάσεις,
1035 1499 1223 1580 συνημμένου
1238 1499 1271 1564 δὲ
1284 1507 1321 1590 τῇ
1336 1502 1436 1584 αίρίσει

290 1611 343 1670 τοῦ
359 1603 575 1688 προειρημένου
594 1600 782 1680 Σεκούνδου,
804 1603 855 1666 καί
873 1597 964 1666 αύτοῡ
977 1607 1036 1666 τοῖν
1051 1604 1279 1667 Σεκουνδιανοῖν
1293 1599 1434 1686 ύπάρχον·

290 1732 349 1782 τος.
396 1703 495 1788 Πολλή
510 1703 565 1791 γάρ
581 1703 705 1770 έκάστου
721 1711 779 1769 τοῖν
792 1703 1021 1786 πεπλανημένων
1035 1701 1110 1789 πρός
1121 1701 1173 1768 τόν
1186 1704 1287 1796 ἕτερον
1299 1701 1435 1787 διαφορά,

291 1810 341 1875 καί
355 1805 556 1894 συρφετώδης,
575 1803 616 1882 οίς
628 1809 730 1886 εἰπεῖν,
748 1809 905 1889 πολυμιξία
916 1809 1107 1886 κενοφωνίας.
1153 1799 1250 1882 Οὗτος
1262 1805 1322 1893 γάρ
1335 1805 1353 1873 ό
1364 1804 1435 1871 Ἐπι-

293 1909 406 1994 φάνης,
438 1906 479 1986 ούς
500 1912 592 1992 έφην,
621 1907 686 1986 νίός
709 1906 750 1974 οίν
769 1906 1021 1994 Καρποκράτους,
1050 1907 1160 1994 μητρός
1180 1909 1212 1973 δέ
1228 1905 1437 1996 Ἀλεξανδρείας

291 2011 369 2078 ούτω
387 2013 585 2096 καλουμένης,
607 2011 737 2090 τούτοις,
760 2007 801 2086 τός
818 2019 974 2097 προεῖπον,
995 2010 1186 2091 συνάπτεται,
1209 2009 1268 2076 άπό
1290 2018 1435 2093 Κεφαλλη

292 2118 355 2190 νέας
375 2114 428 2198 μέν
449 2113 482 2180 τό
503 2113 580 2201 πρός
598 2112 734 2200 4πατρός
754 2115 838 2199 γένος
860 2111 916 2192 σίν,
947 2115 1193 2195 έπταιιαιδεκαέτη
1209 2111 1323 2196 βιούσας
1337 2111 1436 2200 χρόνον

292 2224 405 2283 θάττον
418 2214 468 2282 τόν
482 2221 549 2300 βίον
562 2219 763 2302 κατέστρεψε,
775 2223 829 2282 τοῦ
842 2219 947 2302 κυρίου
962 2215 1058 2303 όίςπερ
1072 2213 1210 2292 άκόνθας
1223 2213 1294 2292 τούς
1309 2214 1437 2297 φαύλους

188 2322 190 2328 ’
276 2317 548 2398 ,αιἰπαλλάσσοντος,Ι
562 2317 693 2404 κρεῖττόν
707 2346 735 2384 τι
750 2322 818 2405 περί
831 2327 883 2403 τῆς
897 2321 1074 2402 οἰκουμένης
1088 2325 1302 2402 προνοοῦντος·
1324 2316 1394 2402 μετά
1409 2317 1434 2381 δ’

189 2435 199 2460 ’
292 2421 346 2505 τίγν
362 2418 455 2488 αύτοῦ
471 2419 604 2505 τελευτάν
620 2425 652 2486 οί
662 2419 739 2508 πρός
754 2419 847 2489 αύτού
861 2423 1076 2506 πεπλανημένοι
1090 2428 1144 2505 τῆς
1157 2417 1208 2486 ἄπ’
1224 2418 1318 2486 αύτού
1333 2427 1438 2506 πληγῆς

293 2521 348 2591 ούκ
370 2521 539 2608 α’πέσχοντο.
575 2521 625 2588 Ἐν
648 2523 759 2614 ίΣάμρι
781 2525 836 2611 γάρ
860 2521 901 2601 τίς
921 2523 995 2601 θεός
1015 2527 1056 2590 ίτι
1077 2526 1129 2590 καί
1150 2527 1192 2600 εἰς
1208 2527 1297 2611 δεῦρο
1317 2531 1436 2608 τιμᾶται

172 2661 222 2706 m.
236 2649 280 2692 ιιι.
299 2628 423 2710 Τέμενος
438 2625 493 2714 γάρ
513 2623 591 2715 αύτῷ
611 2625 780 2712 ἱδρύσαντες
802 2629 834 2692 ολ
850 2625 1002 2714 έπεχοίριοι
1020 2631 1130 2702 θυσίας
1151 2629 1202 2691 καί
1220 2625 1335 2703 τελετάς
1352 2629 1435 2693 έπιτε-

291 2736 374 2795 λοιῖσι
395 2727 470 2794 κατά
491 2733 662 2812 νεομηνίαν,
692 2728 812 2812 βωμούς
833 2729 865 2794 δέ
887 2726 966 2818 αύτρῖ
985 2731 1124 2812 έστησαν,
1154 2730 1205 2794 ιιαλ
1225 2736 1381 2795 Μουσεῖον
1400 2730 1437 2802 είς

293 2828 388 2914 όνομα
409 2829 502 2897 αύτού
523 2834 720 2917 περίπτυστον
742 2829 952 2914 άνεστήσαντο,
982 2827 1015 2896 τό
1034 2829 1073 2914 δὴ
1089 2828 1274 2912 Ἐπιφάνους
1289 2839 1437 2897 Μουσεῖον

292 2932 479 3017 καλούμενον.
526 2933 640 3000 Θύουσι
660 2931 716 3020 γάρ
739 2931 818 3022 αύτῷ
840 2937 872 3000 οί
892 2939 1078 3016 Κεφαλλῆνες
1103 2936 1145 3010 είς
1165 2935 1310 3016 τοσαύτην
1331 2935 1437 3012 πλάνην

293 3036 477 3120 ἐληλακότες,
507 3038 558 3100 καί
579 3037 758 3116 σπένδουσι,“
779 3038 829 3100 καλ
851 3038 882 3101 έν
900 3044 941 3125 τῷ
961 3037 1108 3124 ίδρυμένφ
1129 3032 1222 3100 αύτού
1240 3035 1354 3118 τεμένει
1373 3033 1437 3099 εύω-

294 3121 423 3224 χούνται,
440 3138 554 3222 ύμνους
571 3145 624 3204 6τε
638 3135 718 3226 αύτῷ
731 3137 846 3227 ᾅδουσι.
893 3135 939 3205 Δι’
953 3134 1121 3223 ύπερβολῆν
1136 3138 1168 3202 δὲ
1181 3143 1235 3220 τῆς
1249 3139 1365 3204 έκείνου
1376 3163 1437 3201 παι·

294 3247 373 3318 δείας
394 3245 549 3328 ἐγκυκλίου
570 3266 601 3306 τε
622 3243 673 3306 καί
691 3247 886 3326 Πλατωνικῆς
908 3239 928 3325 ἦ
948 3248 1029 3306 πᾶσα
1049 3249 1112 3316 τοῖς
1130 3241 1355 3325 προειρημένοις
1368 3237 1437 3304 ιιατιί

293 3371 323 3412 τε
337 3343 391 3428 τήν
407 3348 521 3430 αἳρεσιν
536 3345 586 3408 καί
602 3341 675 3408 κατά
691 3343 745 3427 τὴν
758 3346 858 3430 ἑτέραν
874 3342 998 3426 πλάνην,
1019 3344 1092 3429 λέγω
1107 3339 1161 3424 την
1175 3345 1217 3418 είς
1232 3345 1437 3426 είδιολομανίαν

294 3445 365 3522 τούς
379 3449 554 3531 ἐπιχωρίους
568 3447 729 3530 τρέψασαν,
744 3447 861 3532 γέγονεν
875 3443 925 3512 ἄπ’
941 3444 1034 3512 αύτοῦ
1051 3441 1156 3528 άπάτη.
1193 3449 1355 3511 Συνείπετο
1367 3451 1437 3530 γοῦν

295 3541 381 3626 οὗτος
398 3546 416 3616 ό
431 3546 596 3632 Ἐπιφάνης
613 3545 786 3638 Σεκούνδρι,
817 3550 944 3626 καὶτοῖς
962 3546 1036 3631 ἄμφ’
1053 3543 1152 3613 αύτόν.
1201 3544 1262 3630 Τόν
1278 3547 1335 3634 γάρ
1350 3542 1437 3612 αύτοῦ

294 3653 424 3736 ίοβολίαν
441 3648 622 3734 όπεμάξατο,
643 3653 716 3737 λέγω
733 3648 788 3735 τὴν
804 3657 857 3734 τῆς
875 3649 1059 3736 έρπετύδους
1075 3656 1198 3736 φθορᾶς
1215 3653 1435 3736 περιττολογίαν.

160 3857 227 3927 xcv.
245 3858 276 3916 δ’·
364 3853 513 3943 Ἰσίδωρον
526 3857 558 3922 δέ
570 3855 734 3938 φάσκουσιν
747 3859 779 3924 έν
795 3857 986 3943 Παραινέσεσι
999 3862 1054 3940 τῆς
1066 3853 1158 3922 αύτοῦ
1170 3862 1338 3942 μοχθηρίας
1350 3857 1437 3921 σίτιον

294 3966 477 4045 γεγενῆσθαι.
522 3961 564 4024 Εἰ
578 3958 610 4022 δὲ
624 3960 676 4024 καί
690 3955 780 4035 αύτός
793 3957 829 4024 τά
845 3963 894 4025 ίσα
909 3965 1030 4045 φρονεῖν
1044 3960 1096 4024 καί
1110 3961 1140 4036 έξ
1155 3955 1255 4024 αότοῖν
1270 3955 1437 4042 όρμάμενος

294 4063 463 4147 ἐτύγχανεν,
493 4059 514 4144 ἢ
531 4063 563 4128 ἐκ
580 4059 753 4143 φιλοσόφων
771 4060 879 4144 μαθοίν
897 4059 1103 4148 παραινετικός
1116 4086 1161 4137 τις
1176 4061 1227 4125 καί
1244 4057 1335 4138 αύτός
1348 4057 1435 4142 ύπῖγρ

293 4188 358 4246 χεν,
388 4162 424 4230 ού
443 4165 523 4230 πάνυ
543 4171 646 4245 σοφοῖς
662 4165 729 4247 περί
748 4170 800 4228 τοῦ
815 4162 966 4251 Ἰσιδιόρου
983 4170 1092 4250 γνοῖναι
1108 4160 1313 4246 ἠδυνήθημεν.
1355 4159 1437 4242 Πλὴν

330 4319 387 4368 Cn.
405 4321 447 4368 ΠΙ.
463 4347 495 4358 -
515 4319 536 4370 1.
554 4319 662 4387 ίπιμενῶ
679 4325 788 4384 rescripsi
800 4337 853 4373 cum
919 4321 944 4372 2.
961 4319 1056 4388 ταύτην
1072 4323 1166 4384 τφοιαί
1182 4335 1227 4383 μτο
1246 4317 1353 4384 τούτων,
1379 4317 1437 4383 φοοδ

293 4389 397 4440 Ριιοσίο.
433 4389 506 4450 Vulgo
521 4385 642 4454 έπιμέιων
659 4395 730 4440 extat.
765 4389 853 4440 Adhuc
886 4393 939 4440 λίοτί
956 4393 1046 4440 habent.

294 4453 459 4523 perseverabo
475 4455 642 4516 immutando
659 4461 768 4509 τοπνετλίλ
783 4462 852 4508 etiam
919 4458 943 4508 ³.
963 4460 1037 4521 λὐλρο
1053 4452 1208 4524 Ἔτειφάνους
1223 4456 1267 4508 τοῦ
1284 4450 1420 4522 'Imm

296 4525 430 4574 Carnarius.
447 4519 728 4592 λωπούφηγεῖσδαιιιλ
739 4525 851 4586 suadere,
919 4523 943 4577 4.
965 4521 1061 4590 μητρός
1079 4528 1181 4576 crebius
1203 4525 1311 4588 δμῖτίίιρ.
1330 4525 1375 4575 SS.
1391 4525 1434 4574 Ρα-

294 4589 400 4652 ιίοετιτ,
421 4589 549 4641 instruere,
885 4591 1112 4657 mamam„
1125 4593 1435 4645 mmmmm
