3008 4996
381 345 515 397 raason
533 347 595 398 nro.
609 349 630 398 r.
647 345 728 398 uon.
742 347 773 397 n.
790 345 888 397 naun.
902 317 990 396 xxii.
1202 335 1257 398 lot

109 464 212 542 limus,
237 463 375 544 contulit,
400 465 593 548 comitemque
611 462 697 541 lecit,
721 463 825 528 iubens
840 463 961 547 insuper
975 473 1006 526 ut
1023 462 1156 547 quicquid
1175 463 1265 528 nollet

111 577 238 652 optaret.
284 563 336 628 llle
355 567 425 630 nihil
444 565 519 630 alind
538 565 593 628 nisi
614 566 668 628 hoc
690 586 776 628 unum
796 565 915 630 maximi
932 565 1063 628 beneficii
1081 565 1147 628 loco
1163 576 1263 650 postn-

110 669 199 746 larit,
231 667 285 729 sihi
310 677 341 730 ut
363 667 394 731 in
413 665 585 732 ludaeorum
606 665 687 751 pagis
704 665 839 730 omnibus
856 675 886 728 et
903 665 1014 750 oppidis
1031 667 1260 731 extruendaruor

110 770 137 831 in
163 766 275 834 Christi
298 768 437 832 honorem
462 769 653 832 ecclesiarum
678 779 809 854 potestas
832 766 1016 851 imperatoris
1044 768 1140 831 edicto
1166 769 1260 832 lieret.

110 868 226 952 Quibus
241 871 270 933 in
284 869 357 933 locis
372 892 458 934 nemo
473 890 597 954 unqnarn
613 869 754 934 ecclesias
768 869 922 932 aedificare
937 878 1083 952 potuerat,
1107 869 1180 952 quod
1198 870 1261 934 nul·

110 973 155 1034 los
172 972 250 1034 inter
266 992 318 1034 eos
335 992 429 1056 aeque
445 971 579 1054 gentilis,
604 990 698 1054 neque
716 967 938 1047 Samaritanus,
962 990 1056 1053 nequo
1076 966 1261 1034 Christianus

110 1073 266 1136 habitaret.
312 1070 548 1156 Praesertimqne
563 1070 735 1149 Tiberiade,
760 1069 988 1150 Diocaesareae,
1013 1093 1087 1154 quac
1101 1081 1131 1134 et
1147 1071 1262 1157 Sophu-

111 1175 164 1235 rim
184 1174 306 1253 dicitnr,
328 1172 487 1251 Nazaren,
512 1170 746 1258 Capharnanmi,
777 1171 826 1235 ubi
846 1172 1000 1255 diligenter
1018 1171 1072 1235 hoc
1089 1174 1260 1252 observant,

111 1295 198 1336 trenno
221 1285 252 1338 ut
272 1275 368 1358 gentis
389 1274 510 1338 alterius
531 1273 707 1338 domicilium
730 1274 788 1336 illio
811 1273 925 1338 habeat.

197 1375 239 1439 At
257 1373 399 1461 Iosephus
416 1377 544 1461 acceptis
562 1397 626 1439 cunr
645 1396 678 1438 ea
697 1385 840 1460 potestate
858 1395 892 1436 ac
910 1375 1047 1458 dignitate
1062 1375 1155 1439 literis
1171 1373 1261 1440 Tibe·
1279 1393 1406 1462 eapxn.

112 1477 221 1540 riadem
241 1477 390 1562 perrexit,
421 1497 535 1560 unoque
553 1488 582 1539 et
599 1477 756 1562 diplomata
772 1496 871 1540 secum
890 1476 999 1554 attulit,
1030 1477 1134 1560 quibus
1151 1478 1262 1560 impon-

112 1598 192 1640 sase
212 1580 285 1641 lisoo
300 1590 434 1664 caperet,
457 1600 521 1642 cum
541 1577 673 1662 privatim
692 1577 754 1662 ipsc
770 1576 912 1662 stipendia
931 1597 969 1639 ex
985 1578 1086 1640 eodem
1101 1579 1259 1664 occiperet.

113 1679 207 1761 igitur
229 1677 388 1743 Tiberiade
411 1679 564 1744 ecclesiam
587 1679 743 1742 aedilicare
764 1679 869 1764 coepit.
915 1677 989 1758 Erat
1011 1680 1039 1743 in
1064 1681 1165 1744 eadem
1189 1681 1261 1745 urhe

112 1781 251 1866 templum
265 1780 370 1865 ingens
386 1781 454 1844 olim
469 1791 648 1860 extructum,
672 1781 747 1864 qnod
762 1781 948 1859 Adriauium,
973 1781 1028 1844 nisi
1046 1781 1140 1859 lallor,
1164 1783 1262 1868 appel-

112 1881 223 1945 labant.
268 1879 353 1965 Quod
371 1903 436 1946 cum
453 1883 653 1967 imperfectum
668 1881 809 1945 hactenus
827 1882 999 1961 mansisset,
1023 1883 1157 1967 oppidani
1171 1884 1263 1969 publi-

112 2005 164 2048 cas
190 1984 218 2047 io
240 1983 360 2048 balneas
380 1995 558 2048 commutare
580 1983 745 2048 studebant.
791 1980 856 2045 lloe
879 1981 1019 2067 losephos
1043 1995 1145 2048 nactus
1172 1987 1207 2049 ad
1232 1986 1260 2050 id

112 2086 189 2170 quod
205 2086 302 2149 neimo
316 2094 492 2169 conceperat
507 2086 727 2148 accommodare
741 2084 877 2148 instituit.
911 2083 951 2148 Et
968 2095 999 2148 nt
1013 2089 1153 2169 quadrato
1169 2087 1262 2172 lapide

113 2197 285 2270 quaternum
304 2188 465 2251 cubitorum
483 2197 591 2251 certam
612 2189 646 2248 ad
665 2185 844 2249 altitudinem
862 2198 990 2250 erectum
1009 2187 1179 2265 invenerat,
1210 2210 1262 2251 ve·

113 2289 169 2352 teri
184 2299 349 2352 structurae
367 2311 471 2353 novam
490 2288 633 2352 ecciesiae
650 2287 753 2350 molem
771 2287 920 2372 imponere
936 2287 1048 2352 statuit.
1094 2289 1140 2352 Ad
1158 2290 1186 2352 id
1203 2290 1261 2352 cal-

113 2411 147 2452 ce
166 2389 234 2454 vira
253 2411 325 2475 opos
343 2400 422 2471 crat,
452 2391 620 2476 reliquaque
639 2388 717 2452 omni
735 2389 869 2452 materia.
914 2385 1008 2474 lgitur
1025 2389 1156 2453 caminos
1174 2402 1262 2455 extra

115 2491 216 2554 urbem
237 2489 302 2554 fieri
320 2513 378 2555 non
395 2513 504 2576 paucos
523 2492 661 2575 imperat,
690 2501 828 2574 soptooos
843 2489 979 2570 circiter,
1009 2511 1081 2574 quos
1097 2493 1183 2577 vulgo
1202 2495 1262 2558 lor·

114 2611 204 2655 naces
221 2593 382 2656 nominant.
427 2591 489 2658 Sub
509 2592 579 2655 haec
598 2589 698 2655 ludaei
718 2591 753 2654 ad
773 2591 905 2654 audenda
922 2590 1067 2675 quaelibet
1084 2593 1206 2677 proiecti
1225 2596 1260 2660 ad

114 2693 222 2758 usitata
240 2694 361 2777 cigenti
377 2695 521 2758 maleficia
537 2691 719 2776 confugiunt.
764 2689 882 2755 Etenim
898 2692 1020 2776 magicis
1033 2695 1210 2760 carminibus
1227 2718 1263 2760 ao

114 2795 280 2880 praestigiis
293 2794 350 2858 rim
366 2795 442 2879 ignis
458 2796 596 2880 impedire
613 2792 723 2878 egregii
739 2793 869 2856 homines
883 2795 1015 2878 aggressi
1031 2807 1117 2876 sont,
1136 2798 1261 2861 sednon

114 2907 255 2983 perpetuo
271 2906 437 2981 potnerunt.
483 2898 524 2960 At
538 2895 621 2959 initio
635 2906 729 2958 tamon
746 2893 880 2958 cessabat
895 2896 987 2979 ignis,
1012 2896 1138 2981 nihilque
1154 2919 1262 2983 coque-

112 3001 180 3078 bat,
198 3009 334 3063 ,naturae
354 3019 425 3063 snae
447 2999 528 3062 velut
549 2998 642 3060 officio
663 2998 829 3060 destitutus.
876 2996 953 3061 Tum
980 2996 1027 3082 qui
1051 3000 1261 3084 suppeditando

110 3101 174 3185 igni
191 3099 313 3185 pabulo,
336 3099 470 3183 virgultis
485 3099 598 3164 scilicet
613 3120 647 3161 ac
663 3099 820 3178 fructibus,
845 3109 929 3162 erant
943 3099 1084 3184 oppositi,
1107 3121 1173 3164 com
1190 3101 1261 3165 nihil

111 3224 145 3266 se
164 3201 310 3288 prolicere
329 3201 611 3280 animadverterent,
643 3222 703 3264 rem
720 3201 754 3263 ad
774 3198 927 3285 losephum
945 3203 1090 3265 deiernnt.
1134 3199 1262 3288 Popugit

111 3326 148 3368 ea
174 3325 224 3368 res
249 3303 409 3382 hominem,
440 3303 595 3387 statimque
617 3302 737 3367 coelesti
762 3301 789 3365 io
812 3302 959 3366 dominnm
977 3304 1081 3368 ardore
1100 3325 1260 3368 succensus

111 3417 200 3470 extra
217 3405 318 3468 urbem
334 3406 468 3482 advolat,
492 3426 594 3488 aquam
611 3406 752 3489 postulat:
777 3405 897 3468 affertur
915 3405 945 3467 in
960 3425 1055 3470 aeneo
1071 3425 1160 3484 raso,
1184 3407 1259 3490 qnod

110 3527 287 3592 campsacen
303 3507 402 3590 vulgo,
426 3507 485 3570 illic
499 3507 649 3570 cacohiom
666 3517 782 3570 nocant.
819 3504 865 3568 Eo
879 3527 976 3569 coram
993 3507 1126 3570 omnibus
1139 3518 1260 3592 accepto

109 3615 195 3687 (nam
213 3609 250 3671 ad
269 3608 323 3671 hoc
339 3608 535 3692 spectaculum
554 3605 725 3672 ludaeorum
744 3607 826 3672 turba
843 3619 1038 3685 convenerat,
1061 3619 1093 3671 nt
1112 3608 1154 3672 rei
1172 3629 1262 3672 oven·

110 3721 193 3788 tum,
217 3730 253 3771 ac
271 3710 337 3794 quid
355 3714 470 3772 tandem
489 3706 631 3795 losephos
648 3720 750 3794 ageret
763 3710 912 3790 viderent)
929 3708 1025 3772 crucis
1041 3711 1155 3792 signum
1172 3732 1261 3796 sopor

109 3812 181 3876 illud
199 3811 288 3894 digito
307 3811 401 3887 ducit,
424 3832 458 3874 ac
475 3807 542 3876 lesu
560 3831 664 3875 noman
682 3811 823 3876 invocans
840 3831 945 3894 magna
964 3833 1038 3874 vooe
1054 3811 1097 3874 sie
1116 3813 1260 3896 loquitur:

108 3917 145 3976 In
161 3917 273 3974 nomme
286 3918 350 3974 lere
366 3915 530 3987 illocarent,
554 3935 633 3995 qoem
650 3917 706 3974 mei
716 3919 828 3994 pora'tcr
842 3925 926 3994 atque
944 3917 1042 3976 dorum
1058 3919 1188 3988 orantium,
1212 3919 1265 3996 qui

108 4019 158 4076 Ιιίο
172 4019 298 4088 micat,
317 4019 436 4076 morbres
452 4019 481 4076 in
495 4037 605 4077 ornem
622 4027 751 4094 egerunt,
767 4018 836 4076 haec
848 4036 921 4096 equo
938 4021 991 4076 vim
1008 4017 1107 4076 dolato
1120 4019 1159 4076 ad
1170 4020 1263 4096 mogi·

108 4139 161 4178 reo
178 4128 257 4178 artes
276 4119 467 4199 molestamque
484 4123 575 4179 ommia
591 4120 806 4196 restrirgucndn,
836 4137 907 4197 quoe
922 4121 974 4178 uu·
987 4128 1200 4196 compererunt,
1224 4120 1263 4178 ub

144 4267 171 4317 2.
190 4271 232 4318 Sic
245 4270 297 4318 cod.
311 4271 408 4331 lthedr'p.
421 4275 442 4318 ct
455 4271 531 4320 aditos
543 4273 600 4320 tiber
611 4276 671 4320 uter·
703 4271 754 4321 cod
769 4283 812 4318 ms.
830 4271 905 4319 acido
921 4273 987 4319 cutus
1003 4284 1076 4331 quom
1091 4273 1117 4319 ln
1132 4283 1209 4332 mora.
1225 4273 1264 4319 arri

106 4349 164 4400 qne.
196 4337 254 4386 (lod.
267 4338 340 4387 Vatia.
356 4339 422 4385 habet
433 4329 488 4402 ἤδη
501 4334 672 4402 τττρτττὶτους
703 4339 950 4400 coemptortrtrstotnr
962 4339 1121 4388 cstSchottos.
1144 4333 1265 4407 dulgente

109 4403 172 4469 (ric)
185 4400 271 4461 libone
286 4399 590 4468 cascautensium
605 4395 672 4470 adpo,
705 4406 741 4454 ed.
755 4407 831 4468 prtnc.
864 4398 1002 4470 ἀπέσχοντο
1017 4406 1069 4455 cod.
1083 4407 1179 4469 ttmdtp.

108 4469 163 4529 duc
180 4463 264 4552 ilpunc
279 4486 344 4528 τινος
359 4463 580 4538 ἄνεγηγτρμὲνους.
740 4471 763 4522 l.
785 4469 830 4525 acal
845 4467 873 4524 ri
890 4475 942 4522 cod.
959 4475 1031 4524 t'ctic.

143 4541 171 4590 ὅ.
191 4537 322 4606 scalprum
337 4539 374 4588 cd.
388 4541 477 4602 Pctoo,
494 4541 523 4590 dr
537 4543 674 4592 aeumlao
