2994 5024
340 343 473 396 euuann
494 343 554 394 um.
571 339 589 392 t.
606 337 687 394 rou.
704 341 745 390 nt.
764 339 862 390 utun.
877 339 959 390 xun.
1163 323 1224 389 577

158 459 258 526 xttt.
290 462 337 526 Ad
361 461 432 526 heau
453 462 596 544 integrum
615 461 737 524 abscidit
757 460 879 522 duorum
900 459 1021 521 fitiorum
1042 457 1220 544 parabolam,
1236 471 1291 568 ¹s¹1¹⁰·
1304 473 1337 529 as,

69 566 138 629 eius
162 565 298 628 uidetiuet
319 563 367 649 quui
389 564 529 628 bonorum
553 573 663 648 partem
686 563 862 639 abstulerat,
887 571 916 623 et
938 561 1070 625 atterius.
1276 535 1324 580 'V'

159 665 276 730 XLiii.
310 671 372 728 Lea
392 680 421 728 et
437 668 592 748 prophetae
613 687 699 748 usque
719 669 919 739 adtamen,
951 675 980 726 et
1000 669 1088 726 amnis
1106 668 1134 727 in
1151 668 1224 726 iilud
1236 675 1332 734 cnuto,
1343 678 1374 722 ts.

71 776 129 832 urin
144 773 231 853 saeit.

159 869 276 936 XLIV.
309 869 354 934 De
376 870 465 933 divite
487 882 517 934 et
535 868 653 934 Lazaro
670 871 819 948 mendico,
852 870 1089 954 quemadmodum
1112 870 1340 935 dominatuum

72 985 123 1038 est
145 974 181 1038 ab
205 973 318 1057 surgetis
340 973 369 1036 in
392 973 487 1036 sinum
511 972 663 1037 Abraami.

161 1074 263 1140 XLV.
296 1079 381 1138 Nune
402 1099 467 1137 uera
488 1079 534 1136 die
555 1079 718 1138 consolatur
738 1080 879 1137 Lazarus.
1238 1089 1296 1134 tota.
1309 1090 1341 1136 ts

162 1175 278 1242 XLVI.
309 1183 392 1240 Dr'ait
405 1179 542 1253 Atinam,
567 1181 678 1240 liabent
690 1183 813 1258 Moysen
828 1191 858 1240 et
865 1163 1026 1260 prophetas,
1052 1183 1127 1258 ipsas
1142 1183 1223 1240 audi·
1236 1191 1294 1236 totu.
1308 1192 1342 1237 aa.

71 1295 144 1343 ant.-
166 1286 385 1362 puandoqnidern
407 1303 495 1362 neque
515 1285 543 1342 si
561 1286 624 1362 puis
646 1301 663 1342 a
684 1286 802 1342 mortuis
822 1285 1014 1342 resurrexerit
1033 1285 1159 1343 audient.

162 1380 295 1446 XLVII.
328 1381 454 1448 Sustulit
482 1383 555 1445 ista:
588 1388 695 1457 Dicite,
727 1387 856 1464 quonium
880 1387 1089 1445 serus'inutiiea
1111 1396 1380 1459 suenrus3cau.1t,1o.

72 1490 155 1568 quoi
174 1487 317 1548 deduinares
335 1489 448 1568 faeere,
464 1488 599 1568 flerimus.

162 1584 309 1652 XLViH.
343 1585 467 1670 Quando
485 1599 676 1650 ouoinraruut
692 1588 811 1672 leprosi.
857 1585 925 1670 Quia
945 1589 973 1650 iu
993 1589 1057 1650 nco
1074 1588 1161 1650 muita
1181 1609 1227 1650 re·
1240 1601 1297 1647 totu
1310 1603 1342 1648 aa.

74 1691 191 1768 senuit,
215 1700 300 1772 utque
319 1691 358 1752 ita
375 1689 507 1774 scripsit:
539 1693 577 1752 Et
592 1696 668 1752 mett
680 1711 726 1752 eos
741 1695 852 1764 debens,
877 1694 1018 1752 Ostendrte
1036 1712 1083 1752 uos
1097 1695 1228 1753 sacerdo·

75 1797 172 1856 tibus:
204 1791 389 1878 saproatiis
407 1792 619 1872 atiasubtesin
651 1792 895 1874 itnoouuipieus:
927 1797 1018 1855 Multi
1030 1805 1114 1855 erant
1128 1797 1235 1874 leprosi

75 1904 108 1958 in
126 1897 223 1958 diebus
241 1899 352 1957 tiliraei
363 1897 532 1976 prophetae,
557 1908 585 1956 et
605 1917 682 1958 nemo
698 1907 815 1956 curatus
835 1907 879 1956 est
895 1901 954 1958 nisi
970 1899 1106 1958 Naaman
1125 1900 1227 1976 Sprus.

166 2098 285 2164 XLiX.
313 2105 429 2162 Venient
444 2105 518 2174 dees,
543 2104 653 2181 quanda
667 2103 860 2162 desiderabitis
875 2105 968 2162 vuilere
983 2123 1066 2162 unum
1080 2125 1117 2164 en
1132 2103 1346 2163 diuturnum.

66 2208 141 2287 fitit
161 2207 289 2266 iunianis.

169 2303 206 2369 L.
238 2310 321 2367 amu
334 2309 506 2386 etquidem,
525 2309 666 2385 Magister
679 2305 763 2379 bone,
788 2309 856 2386 quid
865 2309 975 2386 seruiens
990 2310 1074 2367 uitam
1090 2316 1230 2366 aeternum
1245 2319 1300 2377 cap.
1309 2321 1341 2376 ιε,
1354 2320 1385 2365 lu.

74 2410 253 2492 possedebat
294 2410 390 2468 Nolite
406 2429 448 2468 ane
463 2411 557 2468 dooere
573 2409 689 2469 banurn:
717 2411 793 2470 Uaus
810 2420 852 2469 est
868 2409 964 2470 doratio.
1012 2408 1130 2470 Adiecit
1149 2429 1232 2486 vero,

78 2515 179 2574 Pater.
225 2507 285 2573 Sed
302 2519 398 2594 etpro
415 2529 450 2572 uo
467 2511 542 2593 quod
560 2521 622 2588 est,
653 2513 788 2570 Mandata
805 2515 895 2582 nosti,
929 2509 1047 2593 scripsit
1061 2509 1127 2590 itte,
1151 2505 1235 2574 dian·

80 2619 152 2677 duta
174 2616 247 2674 noui.

171 2711 225 2778 Ll.
255 2717 369 2776 Factum
391 2727 483 2776 autern
504 2726 548 2776 est
567 2737 628 2775 eun
646 2719 884 2796 approprinquare!
898 2717 1025 2787 Iericho,
1058 2735 1158 2776 eaeeus
1175 2717 1233 2776 etu-
1246 2726 1303 2773 ttau
1317 2728 1348 2776 ta.

81 2819 196 2891 modat,
226 2821 291 2878 Iesu
302 2820 369 2897 filii
387 2820 494 2890 Dauid,
527 2821 748 2878 misereremei!
791 2820 831 2877 Et
848 2837 908 2876 erum
928 2827 1045 2877 curatus
1063 2827 1149 2891 esset,
1182 2821 1233 2892 ait,
1312 2821 1316 2829 '

81 2923 171 2982 Fides
192 2930 241 2980 tua
263 2931 290 2980 te
310 2922 418 2980 saluum
432 2921 517 3001 serit.

174 3017 242 3083 Lii.
273 3017 422 3084 Mutiinvit
440 3021 516 3084 istae
548 3027 709 3103 desumptis
726 3025 868 3083 duodecim
885 3027 942 3096 ait,
974 3027 1049 3084 Eece
1064 3026 1350 3084 ammirantium.

83 3125 320 3203 Hierosolymam,
344 3135 374 3185 et
384 3126 649 3185 consummabuntur
663 3129 754 3186 amnia
769 3146 842 3205 qnae
855 3130 961 3205 sarepta
977 3137 1044 3186 sunt
1051 3147 1106 3204 per
1116 3127 1239 3206 propie-

84 3241 133 3290 tua
148 3229 185 3288 de
192 3229 261 3307 filia
276 3227 411 3288 tonna.-
437 3231 575 3301 trudetnr,
595 3231 747 3301 secaretur,
773 3239 800 3288 et
815 3232 897 3288 tertia
912 3231 957 3288 dee
972 3239 1112 3307 resurget.
1157 3225 1239 3290 idaea

85 3329 188 3394 omnia
211 3328 338 3391 sustulit.

175 3427 258 3494 Lill.
290 3426 445 3514 Expuuait
463 3442 492 3496 et
510 3441 595 3516 caput
612 3429 678 3494 ittud
697 3431 732 3494 de
750 3431 851 3508 asino,
885 3430 1052 3518 Bethphoge
1071 3442 1101 3494 et
1118 3429 1189 3494 urbe
1206 3452 1240 3493 au
1254 3446 1302 3504 cup
1315 3447 1391 3502 tuan

86 3533 216 3618 tempto:
241 3535 375 3610 (tuendum
389 3539 524 3615 seriptum
538 3546 596 3608 est,
621 3539 726 3596 Domus
742 3555 801 3596 anea
818 3537 914 3596 domus
931 3539 1067 3596 orationis
1083 3536 1238 3608 uocabitur,
1254 3548 1312 3594 tutu.
1322 3551 1354 3596 ts.

83 3649 115 3699 et
127 3637 234 3720 soritr's
255 3655 314 3694 earn
335 3639 493 3714 speluncam
515 3640 666 3698 latronum.

178 3733 263 3800 LIV.
294 3740 334 3798 Et
355 3742 534 3818 quaesierunt
555 3743 789 3802 insumentum
810 3745 838 3802 in
861 3743 955 3814 etium,
980 3753 1008 3800 et
1030 3746 1192 3801 tzinuerunt.
1260 3755 1394 3813 captum.

178 3939 247 4008 LV.
280 3939 351 4006 item
369 3941 449 4006 iiium
467 3943 581 4008 induxit
597 3944 690 4008 ioaum
714 3965 770 4028 quta
793 3944 827 4007 de
848 3945 907 4007 vite
926 3945 974 4008 itta
992 3945 1087 4028 agitur
1104 3945 1241 4029 agricoiis
1255 3959 1311 4004 totu.
1325 3962 1345 4007 s.

85 4053 200 4116 iocata.
247 4045 343 4129 Atque
363 4045 416 4108 hoa
432 4045 567 4130 iusuper:
593 4051 668 4126 Quid
680 4058 723 4108 eat
737 4051 843 4126 igitur,
868 4051 999 4127 Lapidem
1015 4069 1094 4127 quem
1110 4049 1243 4129 reproba·
1256 4061 1313 4106 tntu.
1325 4065 1356 4110 tr.

86 4161 197 4215 verunt
214 4150 417 4227 aedificantes?

179 4247 264 4314 LVI.
298 4247 415 4312 dietavit
430 4248 517 4313 ittut:
543 4255 614 4329 (tudo
630 4273 695 4312 uero
712 4257 819 4312 mortui
829 4263 1000 4332 resurgunt,
1026 4257 1140 4334 Moyses
1154 4265 1244 4314 asten·
1259 4269 1315 4317 tute.
1327 4273 1360 4318 ai.

96 4403 167 4489 οἩ.
187 4407 293 4486 tutettepa
308 4400 451 4470 παραβολήν
468 4419 521 4455 aum
539 4406 661 4457 Gmnarto.
692 4407 804 4456 Petoviue
821 4408 996 4458 rescribendum
1015 4412 1136 4472 proposuit
1156 4403 1188 4462 ed
1204 4407 1249 4460 τοῦ

87 4476 382 4611 αμπὲελιῒῖινιιοινῌιεηωοῑ.
396 4551 424 4596 tt.
1007 4567 1046 4628 37
