<?xml version="1.0" encoding="UTF-8"?>
<!DOCTYPE html PUBLIC "-//W3C//DTD XHTML 1.0 Transitional//EN"
    "http://www.w3.org/TR/xhtml1/DTD/xhtml1-transitional.dtd">
<html xmlns="http://www.w3.org/1999/xhtml" xml:lang="en" lang="en">
 <head>
  <title>
</title>
<meta http-equiv="Content-Type" content="text/html;charset=utf-8" />
  <meta name='ocr-system' content='tesseract 3.04.00' />
  <meta name='ocr-capabilities' content='ocr_page ocr_carea ocr_par ocr_line ocrx_word'/>
</head>
<body>
  <div class='ocr_page' id='page_1' title='image "./corporishaerese03oehlgoog_0276.png"; bbox 0 0 3008 4996; ppageno 0'>
   <div class='ocr_carea' id='block_1_1' title="bbox 368 264 1253 328">
    <p class='ocr_par' dir='ltr' id='par_1_1' title="bbox 368 264 1253 328">
     <span class='ocr_line' id='line_1_1' title="bbox 368 264 1253 328; baseline 0 -2"><span class='ocrx_word' id='word_1_1' title='bbox 368 273 505 328; x_wconf 75' lang='lat' dir='ltr'><strong>Pderlllf</strong></span> <span class='ocrx_word' id='word_1_2' title='bbox 523 275 586 326; x_wconf 77' lang='lat' dir='ltr'><strong>LfB.</strong></span> <span class='ocrx_word' id='word_1_3' title='bbox 599 275 619 325; x_wconf 92' lang='lat' dir='ltr'><strong>f.</strong></span> <span class='ocrx_word' id='word_1_4' title='bbox 637 275 716 327; x_wconf 74' lang='grc' dir='ltr'><strong>ΤΟΜ.</strong></span> <span class='ocrx_word' id='word_1_5' title='bbox 729 275 762 326; x_wconf 89' lang='lat' dir='ltr'><strong>ll.</strong></span> <span class='ocrx_word' id='word_1_6' title='bbox 779 273 878 328; x_wconf 72' lang='lat' dir='ltr'><strong>naun.</strong></span> <span class='ocrx_word' id='word_1_7' title='bbox 894 276 984 328; x_wconf 83' lang='lat' dir='ltr'><strong>XXX.</strong></span> <span class='ocrx_word' id='word_1_8' title='bbox 1192 264 1253 328; x_wconf 74' lang='lat'><strong>259</strong></span> 
     </span>
    </p>
   </div>
   <div class='ocr_carea' id='block_1_2' title="bbox 95 390 1381 886">
    <p class='ocr_par' dir='ltr' id='par_1_2' title="bbox 95 390 1381 886">
     <span class='ocr_line' id='line_1_2' title="bbox 96 390 1251 480; baseline 0.003 -22"><span class='ocrx_word' id='word_1_9' title='bbox 96 395 134 458; x_wconf 84' lang='lat' dir='ltr'><strong>im</strong></span> <span class='ocrx_word' id='word_1_10' title='bbox 158 392 303 480; x_wconf 80' lang='lat' dir='ltr'><strong>insopitus</strong></span> <span class='ocrx_word' id='word_1_11' title='bbox 325 394 490 464; x_wconf 87' lang='lat' dir='ltr'><strong>inveterata</strong></span> <span class='ocrx_word' id='word_1_12' title='bbox 513 391 672 478; x_wconf 79' lang='lat' dir='ltr'><strong>pertiuooia</strong></span> <span class='ocrx_word' id='word_1_13' title='bbox 691 391 879 458; x_wconf 72' lang='lat' dir='ltr'><strong>obduruerat.</strong></span> <span class='ocrx_word' id='word_1_14' title='bbox 925 390 985 461; x_wconf 86' lang='lat' dir='ltr'><strong>Sed</strong></span> <span class='ocrx_word' id='word_1_15' title='bbox 1005 394 1251 462; x_wconf 79' lang='lat' dir='ltr'><strong>clementissimus</strong></span> 
     </span>
     <span class='ocr_line' id='line_1_3' title="bbox 96 495 1249 582; baseline 0.002 -23"><span class='ocrx_word' id='word_1_16' title='bbox 96 497 249 575; x_wconf 85' lang='lat' dir='ltr'><strong>dominns,</strong></span> <span class='ocrx_word' id='word_1_17' title='bbox 282 497 330 582; x_wconf 93' lang='lat' dir='ltr'><strong>qni</strong></span> <span class='ocrx_word' id='word_1_18' title='bbox 348 518 416 560; x_wconf 85' lang='lat' dir='ltr'><strong>sese</strong></span> <span class='ocrx_word' id='word_1_19' title='bbox 434 495 618 580; x_wconf 76' lang='lat' dir='ltr'><strong>diligentibus</strong></span> <span class='ocrx_word' id='word_1_20' title='bbox 637 495 785 580; x_wconf 78' lang='lat' dir='ltr'><strong>praeclara</strong></span> <span class='ocrx_word' id='word_1_21' title='bbox 803 497 944 580; x_wconf 87' lang='lat' dir='ltr'><strong>quaedam</strong></span> <span class='ocrx_word' id='word_1_22' title='bbox 961 495 1048 560; x_wconf 77' lang='lat' dir='ltr'><strong>offert</strong></span> <span class='ocrx_word' id='word_1_23' title='bbox 1066 517 1249 581; x_wconf 88' lang='lat' dir='ltr'><strong>consequen·</strong></span> 
     </span>
     <span class='ocr_line' id='line_1_4' title="bbox 95 596 1250 682; baseline 0.002 -22"><span class='ocrx_word' id='word_1_24' title='bbox 95 599 148 660; x_wconf 87' lang='lat' dir='ltr'><strong>dac</strong></span> <span class='ocrx_word' id='word_1_25' title='bbox 168 597 272 662; x_wconf 89' lang='lat' dir='ltr'><strong>salotis</strong></span> <span class='ocrx_word' id='word_1_26' title='bbox 290 596 454 682; x_wconf 85' lang='lat' dir='ltr'><strong>praesidia,</strong></span> <span class='ocrx_word' id='word_1_27' title='bbox 478 599 580 660; x_wconf 86' lang='lat' dir='ltr'><strong>eadem</strong></span> <span class='ocrx_word' id='word_1_28' title='bbox 597 596 655 660; x_wconf 89' lang='lat' dir='ltr'><strong>illis</strong></span> <span class='ocrx_word' id='word_1_29' title='bbox 671 597 799 682; x_wconf 84' lang='lat' dir='ltr'><strong>impertit</strong></span> <span class='ocrx_word' id='word_1_30' title='bbox 816 619 889 682; x_wconf 90' lang='lat' dir='ltr'><strong>quos</strong></span> <span class='ocrx_word' id='word_1_31' title='bbox 906 608 1045 662; x_wconf 74' lang='lat' dir='ltr'><strong>aeternae</strong></span> <span class='ocrx_word' id='word_1_32' title='bbox 1061 599 1140 662; x_wconf 83' lang='lat' dir='ltr'><strong>vitae</strong></span> <span class='ocrx_word' id='word_1_33' title='bbox 1159 599 1250 664; x_wconf 88' lang='lat' dir='ltr'><strong>felici·</strong></span> 
     </span>
     <span class='ocr_line' id='line_1_5' title="bbox 96 699 480 782; baseline 0 -20"><span class='ocrx_word' id='word_1_34' title='bbox 96 708 155 763; x_wconf 89' lang='lat' dir='ltr'><strong>tate</strong></span> <span class='ocrx_word' id='word_1_35' title='bbox 180 699 296 782; x_wconf 82' lang='lat' dir='ltr'><strong>dignari</strong></span> <span class='ocrx_word' id='word_1_36' title='bbox 318 699 480 764; x_wconf 85' lang='lat' dir='ltr'><strong>constitnit.</strong></span> 
     </span>
     <span class='ocr_line' id='line_1_6' title="bbox 181 797 1381 886; baseline 0.003 -22"><span class='ocrx_word' id='word_1_37' title='bbox 181 798 243 864; x_wconf 87' lang='lat' dir='ltr'><strong>Per</strong></span> <span class='ocrx_word' id='word_1_38' title='bbox 255 800 330 864; x_wconf 90' lang='lat' dir='ltr'><strong>idem</strong></span> <span class='ocrx_word' id='word_1_39' title='bbox 344 812 457 886; x_wconf 77' lang='lat' dir='ltr'><strong>tempos</strong></span> <span class='ocrx_word' id='word_1_40' title='bbox 472 822 537 864; x_wconf 88' lang='lat' dir='ltr'><strong>oum</strong></span> <span class='ocrx_word' id='word_1_41' title='bbox 551 799 608 863; x_wconf 87' lang='lat' dir='ltr'><strong>iam</strong></span> <span class='ocrx_word' id='word_1_42' title='bbox 624 799 786 886; x_wconf 83' lang='lat' dir='ltr'><strong>patriarcha</strong></span> <span class='ocrx_word' id='word_1_43' title='bbox 804 797 890 864; x_wconf 87' lang='lat' dir='ltr'><strong>ludas</strong></span> <span class='ocrx_word' id='word_1_44' title='bbox 904 800 960 883; x_wconf 85' lang='lat' dir='ltr'><strong>(ita</strong></span> <span class='ocrx_word' id='word_1_45' title='bbox 973 800 1050 864; x_wconf 84' lang='lat' dir='ltr'><strong>eninr</strong></span> <span class='ocrx_word' id='word_1_46' title='bbox 1067 803 1142 866; x_wconf 88' lang='lat' dir='ltr'><strong>forto</strong></span> <span class='ocrx_word' id='word_1_47' title='bbox 1157 823 1248 868; x_wconf 85' lang='lat' dir='ltr'><strong>voca·</strong></span> <span class='ocrx_word' id='word_1_48' title='bbox 1264 805 1324 874; x_wconf 81' lang='lat' dir='ltr'><strong>cop.</strong></span> <span class='ocrx_word' id='word_1_49' title='bbox 1334 807 1381 858; x_wconf 78' lang='lat' dir='ltr'><strong>Xi-</strong></span> 
     </span>
    </p>
   </div>
   <div class='ocr_carea' id='block_1_3' title="bbox 65 899 1248 4129">
    <p class='ocr_par' dir='ltr' id='par_1_3' title="bbox 65 899 1248 4129">
     <span class='ocr_line' id='line_1_7' title="bbox 94 899 1248 991; baseline 0.002 -26"><span class='ocrx_word' id='word_1_50' title='bbox 94 901 194 985; x_wconf 84' lang='lat' dir='ltr'><strong>batur)</strong></span> <span class='ocrx_word' id='word_1_51' title='bbox 211 905 246 968; x_wconf 88' lang='lat' dir='ltr'><strong>ad</strong></span> <span class='ocrx_word' id='word_1_52' title='bbox 265 902 413 966; x_wconf 82' lang='lat' dir='ltr'><strong>robustam</strong></span> <span class='ocrx_word' id='word_1_53' title='bbox 429 913 553 965; x_wconf 88' lang='lat' dir='ltr'><strong>aetatem</strong></span> <span class='ocrx_word' id='word_1_54' title='bbox 567 903 762 986; x_wconf 81' lang='lat' dir='ltr'><strong>pervenisset,</strong></span> <span class='ocrx_word' id='word_1_55' title='bbox 786 899 942 989; x_wconf 82' lang='lat' dir='ltr'><strong>losephunn</strong></span> <span class='ocrx_word' id='word_1_56' title='bbox 958 903 1080 988; x_wconf 85' lang='lat' dir='ltr'><strong>praemii</strong></span> <span class='ocrx_word' id='word_1_57' title='bbox 1097 905 1161 967; x_wconf 90' lang='lat' dir='ltr'><strong>looo</strong></span> <span class='ocrx_word' id='word_1_58' title='bbox 1177 926 1248 991; x_wconf 82' lang='lat' dir='ltr'><strong>apo·</strong></span> 
     </span>
     <span class='ocr_line' id='line_1_8' title="bbox 93 1003 1246 1088; baseline 0.005 -22"><span class='ocrx_word' id='word_1_59' title='bbox 93 1005 215 1067; x_wconf 87' lang='lat' dir='ltr'><strong>stolatns</strong></span> <span class='ocrx_word' id='word_1_60' title='bbox 231 1003 395 1088; x_wconf 87' lang='lat' dir='ltr'><strong>(diguitatis</strong></span> <span class='ocrx_word' id='word_1_61' title='bbox 413 1003 442 1066; x_wconf 93' lang='lat' dir='ltr'><strong>id</strong></span> <span class='ocrx_word' id='word_1_62' title='bbox 458 1023 565 1066; x_wconf 82' lang='lat' dir='ltr'><strong>nomen</strong></span> <span class='ocrx_word' id='word_1_63' title='bbox 580 1007 638 1083; x_wconf 86' lang='lat' dir='ltr'><strong>est)</strong></span> <span class='ocrx_word' id='word_1_64' title='bbox 652 1004 810 1068; x_wconf 87' lang='lat' dir='ltr'><strong>honoreac</strong></span> <span class='ocrx_word' id='word_1_65' title='bbox 825 1005 984 1068; x_wconf 87' lang='lat' dir='ltr'><strong>commodis</strong></span> <span class='ocrx_word' id='word_1_66' title='bbox 999 1015 1138 1069; x_wconf 80' lang='lat' dir='ltr'><strong>exornat.</strong></span> <span class='ocrx_word' id='word_1_67' title='bbox 1173 1003 1246 1072; x_wconf 87' lang='lat' dir='ltr'><strong>lode</strong></span> 
     </span>
     <span class='ocr_line' id='line_1_9' title="bbox 84 1102 1246 1191; baseline 0.005 -27"><span class='ocrx_word' id='word_1_68' title='bbox 84 1127 156 1170; x_wconf 49' lang='lat' dir='ltr'><strong>¹curn</strong></span> <span class='ocrx_word' id='word_1_69' title='bbox 172 1106 266 1173; x_wconf 85' lang='lat' dir='ltr'><strong>literis</strong></span> <span class='ocrx_word' id='word_1_70' title='bbox 283 1107 312 1170; x_wconf 91' lang='lat' dir='ltr'><strong>in</strong></span> <span class='ocrx_word' id='word_1_71' title='bbox 329 1102 463 1170; x_wconf 75' lang='lat' dir='ltr'><strong>Ciliciam</strong></span> <span class='ocrx_word' id='word_1_72' title='bbox 480 1105 684 1189; x_wconf 79' lang='lat' dir='ltr'><strong>proficiscitur.</strong></span> <span class='ocrx_word' id='word_1_73' title='bbox 730 1103 798 1189; x_wconf 80' lang='lat' dir='ltr'><strong>Quo</strong></span> <span class='ocrx_word' id='word_1_74' title='bbox 816 1127 881 1170; x_wconf 89' lang='lat' dir='ltr'><strong>enm</strong></span> <span class='ocrx_word' id='word_1_75' title='bbox 896 1106 1089 1184; x_wconf 83' lang='lat' dir='ltr'><strong>accessisset,</strong></span> <span class='ocrx_word' id='word_1_76' title='bbox 1114 1127 1246 1191; x_wconf 82' lang='lat' dir='ltr'><strong>oooqno·</strong></span> 
     </span>
     <span class='ocr_line' id='line_1_10' title="bbox 92 1203 1242 1294; baseline 0.003 -24"><span class='ocrx_word' id='word_1_77' title='bbox 92 1229 146 1291; x_wconf 93' lang='lat' dir='ltr'><strong>qne</strong></span> <span class='ocrx_word' id='word_1_78' title='bbox 163 1229 203 1271; x_wconf 85' lang='lat' dir='ltr'><strong>ex</strong></span> <span class='ocrx_word' id='word_1_79' title='bbox 218 1207 322 1294; x_wconf 79' lang='lat' dir='ltr'><strong>oppido</strong></span> <span class='ocrx_word' id='word_1_80' title='bbox 338 1209 522 1271; x_wconf 78' lang='lat' dir='ltr'><strong>decumanae</strong></span> <span class='ocrx_word' id='word_1_81' title='bbox 537 1205 679 1292; x_wconf 84' lang='lat' dir='ltr'><strong>primitias</strong></span> <span class='ocrx_word' id='word_1_82' title='bbox 694 1228 711 1270; x_wconf 91' lang='lat' dir='ltr'><strong>a</strong></span> <span class='ocrx_word' id='word_1_83' title='bbox 727 1206 952 1291; x_wconf 83' lang='lat' dir='ltr'><strong>provincialibus</strong></span> <span class='ocrx_word' id='word_1_84' title='bbox 966 1203 1081 1271; x_wconf 89' lang='lat' dir='ltr'><strong>ludaeis</strong></span> <span class='ocrx_word' id='word_1_85' title='bbox 1093 1207 1242 1292; x_wconf 79' lang='lat' dir='ltr'><strong>exigebat.</strong></span> 
     </span>
     <span class='ocr_line' id='line_1_11' title="bbox 91 1306 1242 1391; baseline 0.002 -19"><span class='ocrx_word' id='word_1_86' title='bbox 91 1309 137 1372; x_wconf 79' lang='lat' dir='ltr'><strong>llo</strong></span> <span class='ocrx_word' id='word_1_87' title='bbox 155 1319 214 1372; x_wconf 89' lang='lat' dir='ltr'><strong>tnru</strong></span> <span class='ocrx_word' id='word_1_88' title='bbox 233 1331 304 1374; x_wconf 90' lang='lat' dir='ltr'><strong>casn</strong></span> <span class='ocrx_word' id='word_1_89' title='bbox 321 1309 444 1391; x_wconf 88' lang='lat' dir='ltr'><strong>contigit</strong></span> <span class='ocrx_word' id='word_1_90' title='bbox 460 1319 491 1371; x_wconf 94' lang='lat' dir='ltr'><strong>nt</strong></span> <span class='ocrx_word' id='word_1_91' title='bbox 507 1307 608 1371; x_wconf 86' lang='lat' dir='ltr'><strong>nescio</strong></span> <span class='ocrx_word' id='word_1_92' title='bbox 626 1329 680 1391; x_wconf 91' lang='lat' dir='ltr'><strong>qna</strong></span> <span class='ocrx_word' id='word_1_93' title='bbox 699 1307 727 1371; x_wconf 87' lang='lat' dir='ltr'><strong>io</strong></span> <span class='ocrx_word' id='word_1_94' title='bbox 744 1309 815 1371; x_wconf 90' lang='lat' dir='ltr'><strong>orbe</strong></span> <span class='ocrx_word' id='word_1_95' title='bbox 833 1309 863 1371; x_wconf 92' lang='lat' dir='ltr'><strong>in</strong></span> <span class='ocrx_word' id='word_1_96' title='bbox 880 1306 977 1372; x_wconf 78' lang='lat' dir='ltr'><strong>vicina</strong></span> <span class='ocrx_word' id='word_1_97' title='bbox 993 1307 1138 1373; x_wconf 88' lang='lat' dir='ltr'><strong>euolesiae</strong></span> <span class='ocrx_word' id='word_1_98' title='bbox 1157 1311 1242 1374; x_wconf 90' lang='lat' dir='ltr'><strong>domo</strong></span> 
     </span>
     <span class='ocr_line' id='line_1_12' title="bbox 92 1407 1242 1494; baseline 0.003 -22"><span class='ocrx_word' id='word_1_99' title='bbox 92 1411 304 1474; x_wconf 77' lang='lat' dir='ltr'><strong>diversaretur.</strong></span> <span class='ocrx_word' id='word_1_100' title='bbox 351 1407 468 1474; x_wconf 80' lang='lat' dir='ltr'><strong>Exinde</strong></span> <span class='ocrx_word' id='word_1_101' title='bbox 486 1419 636 1475; x_wconf 88' lang='lat' dir='ltr'><strong>eontracta</strong></span> <span class='ocrx_word' id='word_1_102' title='bbox 658 1430 723 1472; x_wconf 89' lang='lat' dir='ltr'><strong>cnm</strong></span> <span class='ocrx_word' id='word_1_103' title='bbox 741 1410 877 1494; x_wconf 84' lang='lat' dir='ltr'><strong>episcopo</strong></span> <span class='ocrx_word' id='word_1_104' title='bbox 897 1409 1091 1474; x_wconf 72' lang='lat' dir='ltr'><strong>familiaritate</strong></span> <span class='ocrx_word' id='word_1_105' title='bbox 1113 1409 1186 1474; x_wconf 89' lang='lat' dir='ltr'><strong>olam</strong></span> <span class='ocrx_word' id='word_1_106' title='bbox 1205 1411 1242 1478; x_wconf 82' lang='lat' dir='ltr'><strong>alt</strong></span> 
     </span>
     <span class='ocr_line' id='line_1_13' title="bbox 91 1509 1242 1597; baseline 0.003 -23"><span class='ocrx_word' id='word_1_107' title='bbox 91 1531 125 1575; x_wconf 87' lang='lat' dir='ltr'><strong>eo</strong></span> <span class='ocrx_word' id='word_1_108' title='bbox 142 1513 365 1596; x_wconf 80' lang='lat' dir='ltr'><strong>euangeliorum</strong></span> <span class='ocrx_word' id='word_1_109' title='bbox 380 1511 483 1575; x_wconf 86' lang='lat' dir='ltr'><strong>librom</strong></span> <span class='ocrx_word' id='word_1_110' title='bbox 499 1512 636 1596; x_wconf 82' lang='lat' dir='ltr'><strong>postolat,</strong></span> <span class='ocrx_word' id='word_1_111' title='bbox 659 1533 694 1574; x_wconf 88' lang='lat' dir='ltr'><strong>ao</strong></span> <span class='ocrx_word' id='word_1_112' title='bbox 709 1511 790 1595; x_wconf 89' lang='lat' dir='ltr'><strong>legit.</strong></span> <span class='ocrx_word' id='word_1_113' title='bbox 835 1509 875 1575; x_wconf 86' lang='lat' dir='ltr'><strong>Et</strong></span> <span class='ocrx_word' id='word_1_114' title='bbox 889 1510 1024 1596; x_wconf 87' lang='lat' dir='ltr'><strong>qnoniam</strong></span> <span class='ocrx_word' id='word_1_115' title='bbox 1039 1533 1092 1597; x_wconf 85' lang='lat' dir='ltr'><strong>pro</strong></span> <span class='ocrx_word' id='word_1_116' title='bbox 1104 1532 1140 1575; x_wconf 90' lang='lat' dir='ltr'><strong>ea</strong></span> <span class='ocrx_word' id='word_1_117' title='bbox 1156 1535 1242 1597; x_wconf 90' lang='lat' dir='ltr'><strong>qnam</strong></span> 
     </span>
     <span class='ocr_line' id='line_1_14' title="bbox 90 1610 1239 1700; baseline 0.003 -24"><span class='ocrx_word' id='word_1_118' title='bbox 90 1614 214 1696; x_wconf 78' lang='lat' dir='ltr'><strong>gerebat</strong></span> <span class='ocrx_word' id='word_1_119' title='bbox 231 1613 355 1700; x_wconf 85' lang='lat' dir='ltr'><strong>apostoli</strong></span> <span class='ocrx_word' id='word_1_120' title='bbox 375 1612 524 1676; x_wconf 89' lang='lat' dir='ltr'><strong>functione</strong></span> <span class='ocrx_word' id='word_1_121' title='bbox 542 1612 598 1692; x_wconf 92' lang='lat' dir='ltr'><strong>(ita</strong></span> <span class='ocrx_word' id='word_1_122' title='bbox 614 1610 690 1674; x_wconf 88' lang='lat' dir='ltr'><strong>euim</strong></span> <span class='ocrx_word' id='word_1_123' title='bbox 707 1622 739 1675; x_wconf 92' lang='lat' dir='ltr'><strong>nt</strong></span> <span class='ocrx_word' id='word_1_124' title='bbox 756 1612 882 1677; x_wconf 85' lang='lat' dir='ltr'><strong>diximus</strong></span> <span class='ocrx_word' id='word_1_125' title='bbox 899 1635 934 1677; x_wconf 89' lang='lat' dir='ltr'><strong>ea</strong></span> <span class='ocrx_word' id='word_1_126' title='bbox 949 1612 1074 1697; x_wconf 84' lang='lat' dir='ltr'><strong>dignitas</strong></span> <span class='ocrx_word' id='word_1_127' title='bbox 1090 1622 1239 1696; x_wconf 84' lang='lat' dir='ltr'><strong>vorator),</strong></span> 
     </span>
     <span class='ocr_line' id='line_1_15' title="bbox 89 1713 1241 1801; baseline 0.002 -23"><span class='ocrx_word' id='word_1_128' title='bbox 89 1735 230 1780; x_wconf 86' lang='lat' dir='ltr'><strong>summam</strong></span> <span class='ocrx_word' id='word_1_129' title='bbox 251 1736 322 1801; x_wconf 88' lang='lat' dir='ltr'><strong>prae</strong></span> <span class='ocrx_word' id='word_1_130' title='bbox 339 1736 373 1779; x_wconf 88' lang='lat' dir='ltr'><strong>se</strong></span> <span class='ocrx_word' id='word_1_131' title='bbox 391 1715 566 1800; x_wconf 84' lang='lat' dir='ltr'><strong>gravitatem</strong></span> <span class='ocrx_word' id='word_1_132' title='bbox 586 1722 673 1798; x_wconf 90' lang='lat' dir='ltr'><strong>atque</strong></span> <span class='ocrx_word' id='word_1_133' title='bbox 690 1713 719 1776; x_wconf 93' lang='lat' dir='ltr'><strong>io</strong></span> <span class='ocrx_word' id='word_1_134' title='bbox 740 1714 940 1778; x_wconf 85' lang='lat' dir='ltr'><strong>constituenda</strong></span> <span class='ocrx_word' id='word_1_135' title='bbox 959 1714 1110 1799; x_wconf 83' lang='lat' dir='ltr'><strong>disciplina</strong></span> <span class='ocrx_word' id='word_1_136' title='bbox 1128 1717 1241 1780; x_wconf 84' lang='lat' dir='ltr'><strong>seneri-</strong></span> 
     </span>
     <span class='ocr_line' id='line_1_16' title="bbox 87 1814 1240 1901; baseline 0.003 -22"><span class='ocrx_word' id='word_1_137' title='bbox 87 1826 177 1880; x_wconf 90' lang='lat' dir='ltr'><strong>tatem</strong></span> <span class='ocrx_word' id='word_1_138' title='bbox 197 1817 325 1895; x_wconf 77' lang='lat' dir='ltr'><strong>ferebat,</strong></span> <span class='ocrx_word' id='word_1_139' title='bbox 345 1815 391 1880; x_wconf 91' lang='lat' dir='ltr'><strong>coi</strong></span> <span class='ocrx_word' id='word_1_140' title='bbox 408 1815 451 1880; x_wconf 90' lang='lat' dir='ltr'><strong>rei</strong></span> <span class='ocrx_word' id='word_1_141' title='bbox 466 1817 658 1901; x_wconf 84' lang='lat' dir='ltr'><strong>praestandae</strong></span> <span class='ocrx_word' id='word_1_142' title='bbox 675 1817 770 1880; x_wconf 90' lang='lat' dir='ltr'><strong>fuerat</strong></span> <span class='ocrx_word' id='word_1_143' title='bbox 786 1815 908 1891; x_wconf 87' lang='lat' dir='ltr'><strong>eleetos,</strong></span> <span class='ocrx_word' id='word_1_144' title='bbox 932 1836 967 1879; x_wconf 89' lang='lat' dir='ltr'><strong>ao</strong></span> <span class='ocrx_word' id='word_1_145' title='bbox 982 1814 1136 1900; x_wconf 89' lang='lat' dir='ltr'><strong>plerosque</strong></span> <span class='ocrx_word' id='word_1_146' title='bbox 1151 1837 1240 1901; x_wconf 82' lang='lat' dir='ltr'><strong>syna·</strong></span> 
     </span>
     <span class='ocr_line' id='line_1_17' title="bbox 86 1917 1239 2004; baseline 0.002 -24"><span class='ocrx_word' id='word_1_147' title='bbox 86 1919 171 2004; x_wconf 85' lang='lat' dir='ltr'><strong>gogis</strong></span> <span class='ocrx_word' id='word_1_148' title='bbox 191 1921 356 2002; x_wconf 75' lang='lat' dir='ltr'><strong>praefectos</strong></span> <span class='ocrx_word' id='word_1_149' title='bbox 374 1927 404 1980; x_wconf 86' lang='lat' dir='ltr'><strong>et</strong></span> <span class='ocrx_word' id='word_1_150' title='bbox 421 1919 588 1980; x_wconf 74' lang='lat' dir='ltr'><strong>sacerdotes</strong></span> <span class='ocrx_word' id='word_1_151' title='bbox 611 1938 645 1980; x_wconf 89' lang='lat' dir='ltr'><strong>ac</strong></span> <span class='ocrx_word' id='word_1_152' title='bbox 664 1917 852 2002; x_wconf 83' lang='lat' dir='ltr'><strong>presbyteros</strong></span> <span class='ocrx_word' id='word_1_153' title='bbox 875 1927 904 1980; x_wconf 93' lang='lat' dir='ltr'><strong>et</strong></span> <span class='ocrx_word' id='word_1_154' title='bbox 924 1917 1073 1994; x_wconf 77' lang='lat' dir='ltr'><strong>suauitas,</strong></span> <span class='ocrx_word' id='word_1_155' title='bbox 1104 1939 1161 2001; x_wconf 91' lang='lat' dir='ltr'><strong>qno</strong></span> <span class='ocrx_word' id='word_1_156' title='bbox 1186 1940 1239 1982; x_wconf 89' lang='lat' dir='ltr'><strong>oo-</strong></span> 
     </span>
     <span class='ocr_line' id='line_1_18' title="bbox 86 2015 1238 2104; baseline 0.002 -22"><span class='ocrx_word' id='word_1_157' title='bbox 86 2021 165 2083; x_wconf 88' lang='lat' dir='ltr'><strong>mioe</strong></span> <span class='ocrx_word' id='word_1_158' title='bbox 181 2020 323 2083; x_wconf 86' lang='lat' dir='ltr'><strong>diaconos</strong></span> <span class='ocrx_word' id='word_1_159' title='bbox 338 2029 390 2082; x_wconf 93' lang='lat' dir='ltr'><strong>ant</strong></span> <span class='ocrx_word' id='word_1_160' title='bbox 407 2018 556 2082; x_wconf 86' lang='lat' dir='ltr'><strong>ministros</strong></span> <span class='ocrx_word' id='word_1_161' title='bbox 572 2019 728 2104; x_wconf 81' lang='lat' dir='ltr'><strong>appellant,</strong></span> <span class='ocrx_word' id='word_1_162' title='bbox 753 2019 885 2081; x_wconf 85' lang='lat' dir='ltr'><strong>homines</strong></span> <span class='ocrx_word' id='word_1_163' title='bbox 897 2015 1045 2102; x_wconf 87' lang='lat' dir='ltr'><strong>improbos</strong></span> <span class='ocrx_word' id='word_1_164' title='bbox 1061 2017 1090 2084; x_wconf 92' lang='lat' dir='ltr'><strong>in</strong></span> <span class='ocrx_word' id='word_1_165' title='bbox 1107 2021 1238 2084; x_wconf 87' lang='lat' dir='ltr'><strong>ordinem</strong></span> 
     </span>
     <span class='ocr_line' id='line_1_19' title="bbox 86 2118 1241 2206; baseline 0.002 -22"><span class='ocrx_word' id='word_1_166' title='bbox 86 2122 243 2204; x_wconf 77' lang='lat' dir='ltr'><strong>redegerat</strong></span> <span class='ocrx_word' id='word_1_167' title='bbox 258 2142 293 2182; x_wconf 90' lang='lat' dir='ltr'><strong>ac</strong></span> <span class='ocrx_word' id='word_1_168' title='bbox 313 2120 453 2204; x_wconf 80' lang='lat' dir='ltr'><strong>dignitate</strong></span> <span class='ocrx_word' id='word_1_169' title='bbox 473 2119 619 2204; x_wconf 84' lang='lat' dir='ltr'><strong>privarat,</strong></span> <span class='ocrx_word' id='word_1_170' title='bbox 644 2121 798 2184; x_wconf 88' lang='lat' dir='ltr'><strong>multorum</strong></span> <span class='ocrx_word' id='word_1_171' title='bbox 817 2118 846 2182; x_wconf 94' lang='lat' dir='ltr'><strong>in</strong></span> <span class='ocrx_word' id='word_1_172' title='bbox 863 2141 896 2182; x_wconf 89' lang='lat' dir='ltr'><strong>se</strong></span> <span class='ocrx_word' id='word_1_173' title='bbox 912 2121 1058 2182; x_wconf 85' lang='lat' dir='ltr'><strong>convertit</strong></span> <span class='ocrx_word' id='word_1_174' title='bbox 1075 2121 1159 2200; x_wconf 69' lang='lat' dir='ltr'><strong>odiaq</strong></span> <span class='ocrx_word' id='word_1_175' title='bbox 1189 2123 1241 2206; x_wconf 88' lang='lat' dir='ltr'><strong>qni</strong></span> 
     </span>
     <span class='ocr_line' id='line_1_20' title="bbox 84 2220 1239 2306; baseline 0.004 -22"><span class='ocrx_word' id='word_1_176' title='bbox 84 2232 115 2284; x_wconf 91' lang='lat' dir='ltr'><strong>ut</strong></span> <span class='ocrx_word' id='word_1_177' title='bbox 130 2243 198 2286; x_wconf 86' lang='lat' dir='ltr'><strong>anor</strong></span> <span class='ocrx_word' id='word_1_178' title='bbox 216 2224 440 2299; x_wconf 84' lang='lat' dir='ltr'><strong>ulciscerentur,</strong></span> <span class='ocrx_word' id='word_1_179' title='bbox 463 2220 608 2284; x_wconf 85' lang='lat' dir='ltr'><strong>curiosius</strong></span> <span class='ocrx_word' id='word_1_180' title='bbox 623 2221 791 2306; x_wconf 79' lang='lat' dir='ltr'><strong>explorare,</strong></span> <span class='ocrx_word' id='word_1_181' title='bbox 816 2231 846 2283; x_wconf 93' lang='lat' dir='ltr'><strong>et</strong></span> <span class='ocrx_word' id='word_1_182' title='bbox 861 2241 934 2304; x_wconf 86' lang='lat' dir='ltr'><strong>qnae</strong></span> <span class='ocrx_word' id='word_1_183' title='bbox 948 2221 985 2284; x_wconf 93' lang='lat' dir='ltr'><strong>ab</strong></span> <span class='ocrx_word' id='word_1_184' title='bbox 1000 2220 1050 2284; x_wconf 91' lang='lat' dir='ltr'><strong>illo</strong></span> <span class='ocrx_word' id='word_1_185' title='bbox 1063 2235 1239 2305; x_wconf 81' lang='lat' dir='ltr'><strong>gererentur</strong></span> 
     </span>
     <span class='ocr_line' id='line_1_21' title="bbox 84 2319 1238 2407; baseline 0.005 -23"><span class='ocrx_word' id='word_1_186' title='bbox 84 2321 235 2407; x_wconf 87' lang='lat' dir='ltr'><strong>inquirere</strong></span> <span class='ocrx_word' id='word_1_187' title='bbox 257 2343 442 2407; x_wconf 83' lang='lat' dir='ltr'><strong>summopere</strong></span> <span class='ocrx_word' id='word_1_188' title='bbox 464 2321 628 2406; x_wconf 87' lang='lat' dir='ltr'><strong>cupiebant.</strong></span> <span class='ocrx_word' id='word_1_189' title='bbox 674 2319 721 2387; x_wconf 82' lang='grc'><strong>06</strong></span> <span class='ocrx_word' id='word_1_190' title='bbox 744 2343 795 2384; x_wconf 90' lang='lat' dir='ltr'><strong>eas</strong></span> <span class='ocrx_word' id='word_1_191' title='bbox 816 2323 906 2406; x_wconf 89' lang='lat' dir='ltr'><strong>igitur</strong></span> <span class='ocrx_word' id='word_1_192' title='bbox 929 2343 1048 2386; x_wconf 85' lang='lat' dir='ltr'><strong>caussas</strong></span> <span class='ocrx_word' id='word_1_193' title='bbox 1069 2324 1238 2390; x_wconf 85' lang='lat' dir='ltr'><strong>acutissimo</strong></span> 
     </span>
     <span class='ocr_line' id='line_1_22' title="bbox 83 2422 1238 2512; baseline 0.004 -25"><span class='ocrx_word' id='word_1_194' title='bbox 83 2426 201 2487; x_wconf 86' lang='lat' dir='ltr'><strong>taudem</strong></span> <span class='ocrx_word' id='word_1_195' title='bbox 220 2424 333 2488; x_wconf 88' lang='lat' dir='ltr'><strong>odorati</strong></span> <span class='ocrx_word' id='word_1_196' title='bbox 350 2423 564 2507; x_wconf 81' lang='lat' dir='ltr'><strong>exinproviso</strong></span> <span class='ocrx_word' id='word_1_197' title='bbox 581 2422 717 2508; x_wconf 85' lang='lat' dir='ltr'><strong>impetum</strong></span> <span class='ocrx_word' id='word_1_198' title='bbox 734 2423 764 2487; x_wconf 93' lang='lat' dir='ltr'><strong>in</strong></span> <span class='ocrx_word' id='word_1_199' title='bbox 778 2423 867 2487; x_wconf 87' lang='lat' dir='ltr'><strong>aedes</strong></span> <span class='ocrx_word' id='word_1_200' title='bbox 884 2423 1004 2502; x_wconf 90' lang='lat' dir='ltr'><strong>faciunt,</strong></span> <span class='ocrx_word' id='word_1_201' title='bbox 1027 2437 1114 2508; x_wconf 90' lang='lat' dir='ltr'><strong>atque</strong></span> <span class='ocrx_word' id='word_1_202' title='bbox 1130 2426 1159 2489; x_wconf 92' lang='lat' dir='ltr'><strong>iu</strong></span> <span class='ocrx_word' id='word_1_203' title='bbox 1174 2429 1238 2512; x_wconf 81' lang='lat' dir='ltr'><strong>ipsa</strong></span> 
     </span>
     <span class='ocr_line' id='line_1_23' title="bbox 84 2521 1238 2611; baseline 0 -24"><span class='ocrx_word' id='word_1_204' title='bbox 84 2525 307 2609; x_wconf 85' lang='lat' dir='ltr'><strong>evangeliorum</strong></span> <span class='ocrx_word' id='word_1_205' title='bbox 329 2525 456 2588; x_wconf 87' lang='lat' dir='ltr'><strong>lectione</strong></span> <span class='ocrx_word' id='word_1_206' title='bbox 478 2521 631 2609; x_wconf 83' lang='lat' dir='ltr'><strong>losephnm</strong></span> <span class='ocrx_word' id='word_1_207' title='bbox 651 2525 837 2611; x_wconf 83' lang='lat' dir='ltr'><strong>opprimunt..</strong></span> <span class='ocrx_word' id='word_1_208' title='bbox 871 2523 928 2588; x_wconf 82' lang='lat' dir='ltr'><strong>llio</strong></span> <span class='ocrx_word' id='word_1_209' title='bbox 950 2524 1024 2589; x_wconf 85' lang='lat' dir='ltr'><strong>libro</strong></span> <span class='ocrx_word' id='word_1_210' title='bbox 1047 2527 1081 2590; x_wconf 88' lang='lat' dir='ltr'><strong>do</strong></span> <span class='ocrx_word' id='word_1_211' title='bbox 1103 2526 1238 2592; x_wconf 65' lang='lat' dir='ltr'><strong>manibus,</strong></span> 
     </span>
     <span class='ocr_line' id='line_1_24' title="bbox 82 2625 1237 2712; baseline 0.004 -23"><span class='ocrx_word' id='word_1_212' title='bbox 82 2641 188 2712; x_wconf 80' lang='lat' dir='ltr'><strong>erepto</strong></span> <span class='ocrx_word' id='word_1_213' title='bbox 204 2627 350 2690; x_wconf 86' lang='lat' dir='ltr'><strong>hominem</strong></span> <span class='ocrx_word' id='word_1_214' title='bbox 366 2625 544 2710; x_wconf 83' lang='lat' dir='ltr'><strong>corripiunt,</strong></span> <span class='ocrx_word' id='word_1_215' title='bbox 575 2637 605 2690; x_wconf 91' lang='lat' dir='ltr'><strong>et</strong></span> <span class='ocrx_word' id='word_1_216' title='bbox 621 2628 655 2689; x_wconf 95' lang='lat' dir='ltr'><strong>ad</strong></span> <span class='ocrx_word' id='word_1_217' title='bbox 674 2638 782 2692; x_wconf 87' lang='lat' dir='ltr'><strong>terram</strong></span> <span class='ocrx_word' id='word_1_218' title='bbox 798 2627 911 2690; x_wconf 89' lang='lat' dir='ltr'><strong>allisum</strong></span> <span class='ocrx_word' id='word_1_219' title='bbox 931 2627 1143 2709; x_wconf 81' lang='lat' dir='ltr'><strong>vociferantes,</strong></span> <span class='ocrx_word' id='word_1_220' title='bbox 1174 2651 1237 2694; x_wconf 83' lang='lat' dir='ltr'><strong>nna·</strong></span> 
     </span>
     <span class='ocr_line' id='line_1_25' title="bbox 81 2725 1237 2815; baseline 0.003 -25"><span class='ocrx_word' id='word_1_221' title='bbox 81 2729 233 2814; x_wconf 73' lang='lat' dir='ltr'><strong>nimisque</strong></span> <span class='ocrx_word' id='word_1_222' title='bbox 256 2725 441 2797; x_wconf 87' lang='lat' dir='ltr'><strong>contumeliis</strong></span> <span class='ocrx_word' id='word_1_223' title='bbox 464 2738 609 2790; x_wconf 82' lang='lat' dir='ltr'><strong>vexantes</strong></span> <span class='ocrx_word' id='word_1_224' title='bbox 631 2728 660 2790; x_wconf 93' lang='lat' dir='ltr'><strong>in</strong></span> <span class='ocrx_word' id='word_1_225' title='bbox 685 2749 863 2814; x_wconf 80' lang='lat' dir='ltr'><strong>synagogam</strong></span> <span class='ocrx_word' id='word_1_226' title='bbox 888 2727 1053 2810; x_wconf 84' lang='lat' dir='ltr'><strong>altdnonnt,</strong></span> <span class='ocrx_word' id='word_1_227' title='bbox 1085 2729 1237 2815; x_wconf 83' lang='lat' dir='ltr'><strong>virgisque</strong></span> 
     </span>
     <span class='ocr_line' id='line_1_26' title="bbox 77 2827 1233 2917; baseline 0.003 -25"><span class='ocrx_word' id='word_1_228' title='bbox 77 2833 218 2894; x_wconf 89' lang='lat' dir='ltr'><strong>caedunt.</strong></span> <span class='ocrx_word' id='word_1_229' title='bbox 253 2827 382 2892; x_wconf 81' lang='lat' dir='ltr'><strong>Priorum</strong></span> <span class='ocrx_word' id='word_1_230' title='bbox 397 2829 451 2892; x_wconf 89' lang='lat' dir='ltr'><strong>lroo</strong></span> <span class='ocrx_word' id='word_1_231' title='bbox 467 2829 503 2891; x_wconf 87' lang='lat' dir='ltr'><strong>ab</strong></span> <span class='ocrx_word' id='word_1_232' title='bbox 517 2829 566 2892; x_wconf 94' lang='lat' dir='ltr'><strong>illo</strong></span> <span class='ocrx_word' id='word_1_233' title='bbox 582 2829 739 2912; x_wconf 88' lang='lat' dir='ltr'><strong>legitimum</strong></span> <span class='ocrx_word' id='word_1_234' title='bbox 754 2840 900 2894; x_wconf 82' lang='lat' dir='ltr'><strong>certamen</strong></span> <span class='ocrx_word' id='word_1_235' title='bbox 916 2851 968 2914; x_wconf 82' lang='lat' dir='ltr'><strong>pro</strong></span> <span class='ocrx_word' id='word_1_236' title='bbox 985 2829 1039 2894; x_wconf 88' lang='lat' dir='ltr'><strong>fide</strong></span> <span class='ocrx_word' id='word_1_237' title='bbox 1053 2841 1233 2917; x_wconf 83' lang='lat' dir='ltr'><strong>susceptum.</strong></span> 
     </span>
     <span class='ocr_line' id='line_1_27' title="bbox 76 2927 1231 3017; baseline 0.004 -25"><span class='ocrx_word' id='word_1_238' title='bbox 76 2931 126 2994; x_wconf 77' lang='lat' dir='ltr'><strong>An</strong></span> <span class='ocrx_word' id='word_1_239' title='bbox 142 2932 217 2994; x_wconf 78' lang='lat' dir='ltr'><strong>liaeo</strong></span> <span class='ocrx_word' id='word_1_240' title='bbox 234 2930 363 2994; x_wconf 87' lang='lat' dir='ltr'><strong>accurrit</strong></span> <span class='ocrx_word' id='word_1_241' title='bbox 378 2927 458 2993; x_wconf 86' lang='lat' dir='ltr'><strong>orbis</strong></span> <span class='ocrx_word' id='word_1_242' title='bbox 473 2929 641 3014; x_wconf 83' lang='lat' dir='ltr'><strong>episcopos,</strong></span> <span class='ocrx_word' id='word_1_243' title='bbox 665 2951 789 3014; x_wconf 85' lang='lat' dir='ltr'><strong>eumque</strong></span> <span class='ocrx_word' id='word_1_244' title='bbox 801 2951 840 2994; x_wconf 82' lang='lat' dir='ltr'><strong>ex</strong></span> <span class='ocrx_word' id='word_1_245' title='bbox 855 2931 968 2994; x_wconf 89' lang='lat' dir='ltr'><strong>illorum</strong></span> <span class='ocrx_word' id='word_1_246' title='bbox 983 2930 1116 2994; x_wconf 86' lang='lat' dir='ltr'><strong>manibus</strong></span> <span class='ocrx_word' id='word_1_247' title='bbox 1133 2931 1231 3017; x_wconf 88' lang='lat' dir='ltr'><strong>eripit.</strong></span> 
     </span>
     <span class='ocr_line' id='line_1_28' title="bbox 76 3030 1231 3117; baseline 0.002 -22"><span class='ocrx_word' id='word_1_248' title='bbox 76 3031 166 3096; x_wconf 76' lang='lat' dir='ltr'><strong>Alias</strong></span> <span class='ocrx_word' id='word_1_249' title='bbox 185 3030 291 3095; x_wconf 87' lang='lat' dir='ltr'><strong>deinde</strong></span> <span class='ocrx_word' id='word_1_250' title='bbox 309 3053 374 3094; x_wconf 88' lang='lat' dir='ltr'><strong>cnm</strong></span> <span class='ocrx_word' id='word_1_251' title='bbox 394 3031 451 3095; x_wconf 89' lang='lat' dir='ltr'><strong>iter</strong></span> <span class='ocrx_word' id='word_1_252' title='bbox 466 3041 600 3114; x_wconf 88' lang='lat' dir='ltr'><strong>agentem</strong></span> <span class='ocrx_word' id='word_1_253' title='bbox 619 3031 826 3108; x_wconf 86' lang='lat' dir='ltr'><strong>offendissent,</strong></span> <span class='ocrx_word' id='word_1_254' title='bbox 850 3031 893 3094; x_wconf 91' lang='lat' dir='ltr'><strong>sio</strong></span> <span class='ocrx_word' id='word_1_255' title='bbox 910 3031 986 3095; x_wconf 90' lang='lat' dir='ltr'><strong>eoim</strong></span> <span class='ocrx_word' id='word_1_256' title='bbox 1003 3033 1064 3117; x_wconf 79' lang='lat' dir='ltr'><strong>ipse</strong></span> <span class='ocrx_word' id='word_1_257' title='bbox 1082 3033 1231 3113; x_wconf 81' lang='lat' dir='ltr'><strong>narrabat,</strong></span> 
     </span>
     <span class='ocr_line' id='line_1_29' title="bbox 76 3129 1232 3219; baseline 0.004 -25"><span class='ocrx_word' id='word_1_258' title='bbox 76 3131 105 3196; x_wconf 91' lang='lat' dir='ltr'><strong>iu</strong></span> <span class='ocrx_word' id='word_1_259' title='bbox 124 3129 264 3219; x_wconf 79' lang='lat' dir='ltr'><strong>Cydnum</strong></span> <span class='ocrx_word' id='word_1_260' title='bbox 288 3132 444 3210; x_wconf 84' lang='lat' dir='ltr'><strong>abiiciunt,</strong></span> <span class='ocrx_word' id='word_1_261' title='bbox 479 3141 564 3215; x_wconf 87' lang='lat' dir='ltr'><strong>atque</strong></span> <span class='ocrx_word' id='word_1_262' title='bbox 586 3129 666 3195; x_wconf 85' lang='lat' dir='ltr'><strong>illum</strong></span> <span class='ocrx_word' id='word_1_263' title='bbox 682 3131 788 3217; x_wconf 84' lang='lat' dir='ltr'><strong>impetn</strong></span> <span class='ocrx_word' id='word_1_264' title='bbox 807 3133 932 3198; x_wconf 85' lang='lat' dir='ltr'><strong>fluminis</strong></span> <span class='ocrx_word' id='word_1_265' title='bbox 951 3132 1098 3218; x_wconf 84' lang='lat' dir='ltr'><strong>abreptum</strong></span> <span class='ocrx_word' id='word_1_266' title='bbox 1120 3155 1156 3198; x_wconf 90' lang='lat' dir='ltr'><strong>au</strong></span> <span class='ocrx_word' id='word_1_267' title='bbox 1178 3133 1232 3198; x_wconf 82' lang='lat' dir='ltr'><strong>snb</strong></span> 
     </span>
     <span class='ocr_line' id='line_1_30' title="bbox 74 3231 1232 3318; baseline 0.004 -23"><span class='ocrx_word' id='word_1_268' title='bbox 74 3254 170 3318; x_wconf 89' lang='lat' dir='ltr'><strong>aquas</strong></span> <span class='ocrx_word' id='word_1_269' title='bbox 189 3236 354 3298; x_wconf 81' lang='lat' dir='ltr'><strong>demersum</strong></span> <span class='ocrx_word' id='word_1_270' title='bbox 371 3231 492 3318; x_wconf 85' lang='lat' dir='ltr'><strong>periisse</strong></span> <span class='ocrx_word' id='word_1_271' title='bbox 510 3231 564 3296; x_wconf 92' lang='lat' dir='ltr'><strong>rati</strong></span> <span class='ocrx_word' id='word_1_272' title='bbox 584 3253 760 3318; x_wconf 82' lang='lat' dir='ltr'><strong>magnopere</strong></span> <span class='ocrx_word' id='word_1_273' title='bbox 775 3235 869 3318; x_wconf 89' lang='lat' dir='ltr'><strong>gavisi</strong></span> <span class='ocrx_word' id='word_1_274' title='bbox 887 3244 967 3298; x_wconf 90' lang='lat' dir='ltr'><strong>snut.</strong></span> <span class='ocrx_word' id='word_1_275' title='bbox 1011 3233 1071 3300; x_wconf 78' lang='lat' dir='ltr'><strong>sen</strong></span> <span class='ocrx_word' id='word_1_276' title='bbox 1090 3233 1115 3298; x_wconf 92' lang='lat' dir='ltr'><strong>is</strong></span> <span class='ocrx_word' id='word_1_277' title='bbox 1128 3255 1232 3300; x_wconf 87' lang='lat' dir='ltr'><strong>serva·</strong></span> 
     </span>
     <span class='ocr_line' id='line_1_31' title="bbox 76 3333 1231 3421; baseline 0.003 -25"><span class='ocrx_word' id='word_1_278' title='bbox 76 3345 124 3400; x_wconf 90' lang='lat' dir='ltr'><strong>tus</strong></span> <span class='ocrx_word' id='word_1_279' title='bbox 148 3347 251 3421; x_wconf 80' lang='lat' dir='ltr'><strong>postea</strong></span> <span class='ocrx_word' id='word_1_280' title='bbox 274 3335 394 3400; x_wconf 89' lang='lat' dir='ltr'><strong>coelesti</strong></span> <span class='ocrx_word' id='word_1_281' title='bbox 417 3333 563 3397; x_wconf 88' lang='lat' dir='ltr'><strong>lavatione</strong></span> <span class='ocrx_word' id='word_1_282' title='bbox 579 3333 714 3416; x_wconf 84' lang='lat' dir='ltr'><strong>dignatos</strong></span> <span class='ocrx_word' id='word_1_283' title='bbox 732 3345 788 3398; x_wconf 89' lang='lat' dir='ltr'><strong>ast.</strong></span> <span class='ocrx_word' id='word_1_284' title='bbox 834 3333 910 3398; x_wconf 88' lang='lat' dir='ltr'><strong>llino</strong></span> <span class='ocrx_word' id='word_1_285' title='bbox 928 3334 964 3398; x_wconf 88' lang='lat' dir='ltr'><strong>ad</strong></span> <span class='ocrx_word' id='word_1_286' title='bbox 981 3335 1147 3400; x_wconf 89' lang='lat' dir='ltr'><strong>comitatum</strong></span> <span class='ocrx_word' id='word_1_287' title='bbox 1163 3358 1231 3421; x_wconf 84' lang='lat' dir='ltr'><strong>pro·</strong></span> 
     </span>
     <span class='ocr_line' id='line_1_32' title="bbox 73 3432 1230 3522; baseline 0.003 -24"><span class='ocrx_word' id='word_1_288' title='bbox 73 3439 174 3502; x_wconf 82' lang='lat' dir='ltr'><strong>fectus</strong></span> <span class='ocrx_word' id='word_1_289' title='bbox 192 3439 226 3501; x_wconf 90' lang='lat' dir='ltr'><strong>ad</strong></span> <span class='ocrx_word' id='word_1_290' title='bbox 248 3432 434 3501; x_wconf 89' lang='lat' dir='ltr'><strong>Constantini</strong></span> <span class='ocrx_word' id='word_1_291' title='bbox 451 3434 635 3517; x_wconf 84' lang='lat' dir='ltr'><strong>imperatoris</strong></span> <span class='ocrx_word' id='word_1_292' title='bbox 649 3435 804 3498; x_wconf 83' lang='lat' dir='ltr'><strong>amicitiam</strong></span> <span class='ocrx_word' id='word_1_293' title='bbox 819 3435 969 3520; x_wconf 79' lang='lat' dir='ltr'><strong>pervenit,</strong></span> <span class='ocrx_word' id='word_1_294' title='bbox 992 3437 1078 3522; x_wconf 89' lang='lat' dir='ltr'><strong>eique</strong></span> <span class='ocrx_word' id='word_1_295' title='bbox 1096 3437 1230 3522; x_wconf 90' lang='lat' dir='ltr'><strong>quicquid</strong></span> 
     </span>
     <span class='ocr_line' id='line_1_33' title="bbox 70 3533 1229 3622; baseline 0 -20"><span class='ocrx_word' id='word_1_296' title='bbox 70 3537 127 3602; x_wconf 81' lang='lat' dir='ltr'><strong>sihi</strong></span> <span class='ocrx_word' id='word_1_297' title='bbox 146 3537 298 3602; x_wconf 83' lang='lat' dir='ltr'><strong>acciderat</strong></span> <span class='ocrx_word' id='word_1_298' title='bbox 316 3536 470 3621; x_wconf 83' lang='lat' dir='ltr'><strong>exposuit,</strong></span> <span class='ocrx_word' id='word_1_299' title='bbox 501 3535 661 3620; x_wconf 85' lang='lat' dir='ltr'><strong>prinoipem</strong></span> <span class='ocrx_word' id='word_1_300' title='bbox 681 3557 714 3598; x_wconf 92' lang='lat' dir='ltr'><strong>se</strong></span> <span class='ocrx_word' id='word_1_301' title='bbox 732 3533 857 3602; x_wconf 88' lang='lat' dir='ltr'><strong>ludaeos</strong></span> <span class='ocrx_word' id='word_1_302' title='bbox 875 3537 952 3602; x_wconf 90' lang='lat' dir='ltr'><strong>inter</strong></span> <span class='ocrx_word' id='word_1_303' title='bbox 966 3537 1116 3622; x_wconf 89' lang='lat' dir='ltr'><strong>dignitatis</strong></span> <span class='ocrx_word' id='word_1_304' title='bbox 1134 3539 1229 3604; x_wconf 87' lang='lat' dir='ltr'><strong>locum</strong></span> 
     </span>
     <span class='ocr_line' id='line_1_34' title="bbox 70 3635 1227 3721; baseline 0.003 -21"><span class='ocrx_word' id='word_1_305' title='bbox 70 3637 232 3717; x_wconf 72' lang='lat' dir='ltr'><strong>habuisse,</strong></span> <span class='ocrx_word' id='word_1_306' title='bbox 256 3639 308 3702; x_wconf 85' lang='lat' dir='ltr'><strong>sed</strong></span> <span class='ocrx_word' id='word_1_307' title='bbox 326 3639 387 3700; x_wconf 87' lang='lat' dir='ltr'><strong>visa</strong></span> <span class='ocrx_word' id='word_1_308' title='bbox 403 3636 458 3700; x_wconf 77' lang='lat' dir='ltr'><strong>silui</strong></span> <span class='ocrx_word' id='word_1_309' title='bbox 476 3637 637 3721; x_wconf 80' lang='lat' dir='ltr'><strong>frequentia</strong></span> <span class='ocrx_word' id='word_1_310' title='bbox 656 3635 794 3702; x_wconf 81' lang='lat' dir='ltr'><strong>divinitas</strong></span> <span class='ocrx_word' id='word_1_311' title='bbox 809 3639 916 3717; x_wconf 87' lang='lat' dir='ltr'><strong>oblata,</strong></span> <span class='ocrx_word' id='word_1_312' title='bbox 940 3638 1082 3703; x_wconf 89' lang='lat' dir='ltr'><strong>invitante</strong></span> <span class='ocrx_word' id='word_1_313' title='bbox 1098 3639 1227 3720; x_wconf 83' lang='lat' dir='ltr'><strong>domino,</strong></span> 
     </span>
     <span class='ocr_line' id='line_1_35' title="bbox 68 3738 1227 3825; baseline 0.001 -21"><span class='ocrx_word' id='word_1_314' title='bbox 68 3753 101 3804; x_wconf 90' lang='lat' dir='ltr'><strong>nt</strong></span> <span class='ocrx_word' id='word_1_315' title='bbox 122 3743 163 3805; x_wconf 88' lang='lat' dir='ltr'><strong>ad</strong></span> <span class='ocrx_word' id='word_1_316' title='bbox 183 3741 248 3806; x_wconf 90' lang='lat' dir='ltr'><strong>fidei</strong></span> <span class='ocrx_word' id='word_1_317' title='bbox 266 3738 500 3825; x_wconf 87' lang='lat' dir='ltr'><strong>cognitionisque</strong></span> <span class='ocrx_word' id='word_1_318' title='bbox 518 3760 588 3803; x_wconf 85' lang='lat' dir='ltr'><strong>snae</strong></span> <span class='ocrx_word' id='word_1_319' title='bbox 606 3739 818 3804; x_wconf 86' lang='lat' dir='ltr'><strong>sarnotissimaro</strong></span> <span class='ocrx_word' id='word_1_320' title='bbox 839 3753 948 3806; x_wconf 87' lang='lat' dir='ltr'><strong>sortem</strong></span> <span class='ocrx_word' id='word_1_321' title='bbox 966 3763 1002 3803; x_wconf 86' lang='lat' dir='ltr'><strong>ao</strong></span> <span class='ocrx_word' id='word_1_322' title='bbox 1018 3741 1139 3804; x_wconf 89' lang='lat' dir='ltr'><strong>salntem</strong></span> <span class='ocrx_word' id='word_1_323' title='bbox 1159 3762 1227 3808; x_wconf 87' lang='lat' dir='ltr'><strong>sese</strong></span> 
     </span>
     <span class='ocr_line' id='line_1_36' title="bbox 69 3837 1227 3925; baseline 0.003 -23"><span class='ocrx_word' id='word_1_324' title='bbox 69 3843 264 3908; x_wconf 66' lang='lat' dir='ltr'><strong>transferret.</strong></span> <span class='ocrx_word' id='word_1_325' title='bbox 309 3841 351 3906; x_wconf 78' lang='lat' dir='ltr'><strong>At</strong></span> <span class='ocrx_word' id='word_1_326' title='bbox 373 3838 498 3924; x_wconf 84' lang='lat' dir='ltr'><strong>optimus</strong></span> <span class='ocrx_word' id='word_1_327' title='bbox 516 3839 692 3925; x_wconf 82' lang='lat' dir='ltr'><strong>imperator,</strong></span> <span class='ocrx_word' id='word_1_328' title='bbox 720 3837 893 3924; x_wconf 78' lang='lat' dir='ltr'><strong>Christique</strong></span> <span class='ocrx_word' id='word_1_329' title='bbox 915 3862 1019 3904; x_wconf 82' lang='lat' dir='ltr'><strong>revera</strong></span> <span class='ocrx_word' id='word_1_330' title='bbox 1042 3862 1164 3920; x_wconf 88' lang='lat' dir='ltr'><strong>servos,</strong></span> <span class='ocrx_word' id='word_1_331' title='bbox 1196 3853 1227 3905; x_wconf 89' lang='lat' dir='ltr'><strong>et</strong></span> 
     </span>
     <span class='ocr_line' id='line_1_37' title="bbox 65 3937 1227 4028; baseline 0 -22"><span class='ocrx_word' id='word_1_332' title='bbox 65 3945 174 4008; x_wconf 86' lang='lat' dir='ltr'><strong>divino</strong></span> <span class='ocrx_word' id='word_1_333' title='bbox 198 3944 319 4027; x_wconf 88' lang='lat' dir='ltr'><strong>qoodaro</strong></span> <span class='ocrx_word' id='word_1_334' title='bbox 343 3943 421 4006; x_wconf 90' lang='lat' dir='ltr'><strong>iuter</strong></span> <span class='ocrx_word' id='word_1_335' title='bbox 444 3941 590 4026; x_wconf 79' lang='lat' dir='ltr'><strong>principes</strong></span> <span class='ocrx_word' id='word_1_336' title='bbox 615 3943 720 4005; x_wconf 86' lang='lat' dir='ltr'><strong>ardore</strong></span> <span class='ocrx_word' id='word_1_337' title='bbox 741 3955 806 4028; x_wconf 84' lang='lat' dir='ltr'><strong>post</strong></span> <span class='ocrx_word' id='word_1_338' title='bbox 826 3937 985 4020; x_wconf 84' lang='lat' dir='ltr'><strong>Davidem,</strong></span> <span class='ocrx_word' id='word_1_339' title='bbox 1018 3941 1177 4006; x_wconf 82' lang='lat' dir='ltr'><strong>Ezechiam</strong></span> <span class='ocrx_word' id='word_1_340' title='bbox 1196 3955 1227 4008; x_wconf 91' lang='lat' dir='ltr'><strong>et</strong></span> 
     </span>
     <span class='ocr_line' id='line_1_38' title="bbox 66 4041 1227 4129; baseline 0.001 -22"><span class='ocrx_word' id='word_1_341' title='bbox 66 4041 181 4110; x_wconf 85' lang='lat' dir='ltr'><strong>losiaur</strong></span> <span class='ocrx_word' id='word_1_342' title='bbox 200 4055 356 4123; x_wconf 88' lang='lat' dir='ltr'><strong>aestuans,</strong></span> <span class='ocrx_word' id='word_1_343' title='bbox 380 4043 435 4107; x_wconf 90' lang='lat' dir='ltr'><strong>hoc</strong></span> <span class='ocrx_word' id='word_1_344' title='bbox 451 4042 492 4107; x_wconf 92' lang='lat' dir='ltr'><strong>illi</strong></span> <span class='ocrx_word' id='word_1_345' title='bbox 508 4043 656 4127; x_wconf 89' lang='lat' dir='ltr'><strong>dignitatis</strong></span> <span class='ocrx_word' id='word_1_346' title='bbox 672 4045 848 4128; x_wconf 81' lang='lat' dir='ltr'><strong>praemium,</strong></span> <span class='ocrx_word' id='word_1_347' title='bbox 872 4046 946 4128; x_wconf 94' lang='lat' dir='ltr'><strong>qnod</strong></span> <span class='ocrx_word' id='word_1_348' title='bbox 964 4045 1227 4129; x_wconf 87' lang='lat' dir='ltr'><strong>pauloanteretn·</strong></span> 
     </span>
    </p>
   </div>
   <div class='ocr_carea' id='block_1_4' title="bbox 62 4257 1227 4398">
    <p class='ocr_par' dir='ltr' id='par_1_4' title="bbox 62 4257 1227 4398">
     <span class='ocr_line' id='line_1_39' title="bbox 95 4257 1227 4344; baseline 0.007 -33"><span class='ocrx_word' id='word_1_349' title='bbox 95 4264 123 4318; x_wconf 76' lang='grc'><strong>3.</strong></span> <span class='ocrx_word' id='word_1_350' title='bbox 146 4267 329 4343; x_wconf 58' lang='grc' dir='ltr'><strong>σῃαιωεο</strong></span> <span class='ocrx_word' id='word_1_351' title='bbox 314 4273 401 4344; x_wconf 64' lang='lat' dir='ltr'><strong>ceper</strong></span> <span class='ocrx_word' id='word_1_352' title='bbox 374 4262 496 4330; x_wconf 76' lang='lat' dir='ltr'><strong>eclogem</strong></span> <span class='ocrx_word' id='word_1_353' title='bbox 513 4263 563 4314; x_wconf 81' lang='lat' dir='ltr'><strong>troo</strong></span> <span class='ocrx_word' id='word_1_354' title='bbox 580 4279 636 4313; x_wconf 84' lang='lat' dir='ltr'><strong>cur-</strong></span> <span class='ocrx_word' id='word_1_355' title='bbox 703 4257 846 4330; x_wconf 80' lang='lat' dir='ltr'><strong>5.o&#39;q›uprro</strong></span> <span class='ocrx_word' id='word_1_356' title='bbox 830 4262 974 4330; x_wconf 68' lang='lat' dir='ltr'><strong>animarat</strong></span> <span class='ocrx_word' id='word_1_357' title='bbox 990 4267 1063 4316; x_wconf 75' lang='lat' dir='ltr'><strong>tote.</strong></span> <span class='ocrx_word' id='word_1_358' title='bbox 1083 4259 1227 4331; x_wconf 64' lang='lat' dir='ltr'><strong>u‘uoordnru</strong></span> 
     </span>
     <span class='ocr_line' id='line_1_40' title="bbox 62 4330 1008 4398; baseline -0.002 -14"><span class='ocrx_word' id='word_1_359' title='bbox 62 4343 152 4384; x_wconf 80' lang='lat' dir='ltr'><strong>tameo</strong></span> <span class='ocrx_word' id='word_1_360' title='bbox 134 4332 254 4398; x_wconf 84' lang='lat' dir='ltr'><strong>rrripmu</strong></span> <span class='ocrx_word' id='word_1_361' title='bbox 256 4330 476 4398; x_wconf 82' lang='lat' dir='ltr'><strong>uripsr&#39;rricotgir.</strong></span> <span class='ocrx_word' id='word_1_362' title='bbox 669 4331 1008 4394; x_wconf 37' lang='lat' dir='ltr'><strong>muttonrreonffnneon.</strong></span> 
     </span>
    </p>
   </div>
   <div class='ocr_carea' id='block_1_5' title="bbox 59 4395 1060 4616">
    <p class='ocr_par' dir='ltr' id='par_1_5' title="bbox 59 4395 1060 4616">
     <span class='ocr_line' id='line_1_41' title="bbox 94 4395 1060 4466; baseline 0 -14"><span class='ocrx_word' id='word_1_363' title='bbox 94 4399 474 4459; x_wconf 64' lang='lat' dir='ltr'><strong>torneamentum</strong></span> <span class='ocrx_word' id='word_1_364' title='bbox 499 4401 536 4451; x_wconf 83' lang='lat' dir='ltr'><strong>ed</strong></span> <span class='ocrx_word' id='word_1_365' title='bbox 554 4401 636 4451; x_wconf 75' lang='lat' dir='ltr'><strong>enoc.</strong></span> <span class='ocrx_word' id='word_1_366' title='bbox 702 4395 827 4466; x_wconf 44' lang='lat' dir='ltr'><strong>timonio</strong></span> <span class='ocrx_word' id='word_1_367' title='bbox 829 4398 1060 4453; x_wconf 68' lang='lat' dir='ltr'><strong>immemoratio.</strong></span> 
     </span>
     <span class='ocr_line' id='line_1_42' title="bbox 59 4466 593 4537; baseline -0.009 -15"><span class='ocrx_word' id='word_1_368' title='bbox 59 4468 147 4537; x_wconf 75' lang='grc' dir='ltr'><strong>χαμαὶ</strong></span> <span class='ocrx_word' id='word_1_369' title='bbox 167 4466 209 4526; x_wconf 73' lang='lat' dir='ltr'><strong>ete</strong></span> <span class='ocrx_word' id='word_1_370' title='bbox 225 4469 279 4518; x_wconf 83' lang='lat' dir='ltr'><strong>cod.</strong></span> <span class='ocrx_word' id='word_1_371' title='bbox 293 4467 392 4530; x_wconf 69' lang='grc' dir='ltr'><strong>Μία</strong></span> <span class='ocrx_word' id='word_1_372' title='bbox 409 4469 500 4518; x_wconf 70' lang='lat' dir='ltr'><strong>uror.</strong></span> <span class='ocrx_word' id='word_1_373' title='bbox 517 4469 593 4530; x_wconf 74' lang='lat' dir='ltr'><strong>ortuo.</strong></span> 
     </span>
     <span class='ocr_line' id='line_1_43' title="bbox 943 4551 1012 4616; baseline 0 0"><span class='ocrx_word' id='word_1_374' title='bbox 943 4551 1012 4616; x_wconf 84' lang='lat'><strong>17*</strong></span> 
     </span>
    </p>
   </div>
   <div class='ocr_carea' id='block_1_6' title="bbox 0 0 1508 4996">
    <p class='ocr_par' dir='ltr' id='par_1_6' title="bbox 0 0 1508 4996">
     <span class='ocr_line' id='line_1_44' title="bbox 0 0 1508 4996; baseline 0 8"><span class='ocrx_word' id='word_1_375' title='bbox 0 0 1508 4996; x_wconf 95' lang='lat' dir='ltr'><strong> </strong></span> 
     </span>
    </p>
   </div>
  </div>
 </body>
</html>
