2994 5024
351 350 487 402 romanu
504 349 567 402 nm.
580 351 600 403 ι.
616 349 699 403 rou.
711 349 754 401 ru.
771 347 869 401 nsua.
881 347 962 400 xnn.
1170 335 1232 400 603

165 465 268 536 ideint.
286 467 408 536 xxttt.
441 468 517 536 Cum
536 471 586 534 dei
600 469 676 534 filins
692 471 815 556 ipsamet
829 468 939 532 veritas
956 478 1053 548 esset,
1086 467 1231 530 neminem

70 591 185 636 eorum
202 574 249 658 qui
265 593 299 636 se
313 574 349 636 de
364 573 424 638 rita
440 573 644 658 consequenda
658 573 885 656 interrogarent,
911 570 1025 634 totettts.
1071 567 1104 634 Si
1119 571 1232 654 quidem

67 685 108 738 ut
125 675 218 738 vitam
235 675 362 740 hnmano
380 677 483 761 generi
503 676 689 752 conciliaret,
722 673 850 738 advenit.
895 670 997 755 Quare
1016 693 1080 736 cnm
1103 683 1133 735 et
1155 673 1232 738 vitae

68 787 201 840 nostrae
225 799 324 842 curam
347 779 491 864 gesserit,
523 789 553 841 et
576 778 604 841 ei
629 778 676 862 qui
697 779 790 862 degens
815 786 948 840 servaret
970 775 1123 838 affuturam
1142 775 1231 838 vitam

69 879 258 959 ostenderit,
290 882 342 946 sed
364 892 395 944 et
416 901 480 946 eum
505 882 553 966 qui
577 901 642 944 cnm
662 881 726 965 iege
745 881 809 966 ipsa
826 889 1023 942 consentanee
1041 879 1235 962 responderat

70 981 233 1066 praeclare
255 982 368 1046 dixisse
392 994 518 1048 testatus
541 984 645 1062 inerit,
677 982 742 1067 quis
764 982 821 1046 erit
842 991 899 1044 tarn
921 1001 1027 1044 vecors
1048 1001 1082 1044 ao
1102 980 1233 1064 stupidus

71 1081 231 1148 Marcioni
249 1095 280 1148 ut
302 1085 469 1164 inhaereat,
500 1086 549 1170 qui
568 1087 623 1150 deo
640 1085 680 1148 itti
697 1084 865 1162 maledicat,
897 1105 986 1168 aquo
1002 1105 1061 1147 non
1079 1083 1165 1146 modo
1184 1083 1231 1145 lex

70 1186 107 1248 iu
126 1186 278 1266 homines,
301 1189 353 1252 sed
371 1198 402 1251 et
418 1187 564 1272 evangelii
581 1197 627 1250 est
641 1187 734 1272 grstia
751 1187 899 1266 derivata,
924 1196 955 1248 nt
968 1206 1001 1249 se
1018 1184 1142 1249 hominis
1154 1183 1232 1248 istius
1250 1225 1258 1248 .

71 1288 232 1352 erroribus
251 1290 384 1370 addicat,
418 1292 465 1373 qni
488 1311 583 1375 neque
601 1310 640 1354 ex
661 1287 725 1374 dege
743 1309 838 1373 oeque
854 1309 892 1352 ex
908 1287 1011 1374 spiritu
1026 1298 1128 1352 sancto
1146 1286 1231 1350 ultam

72 1389 232 1454 doctrinae
254 1413 326 1456 suae
348 1393 519 1477 perticulam
543 1391 744 1477 expresserit?

164 1489 266 1558 Schcl.
285 1492 406 1558 XXIV.
440 1500 480 1557 Et
496 1497 587 1570 deicit,
620 1499 689 1574 Que's
705 1507 827 1556 oestrum
846 1495 959 1556 natetu
972 1497 1105 1568 cma‘cum,
1136 1504 1166 1554 et
1180 1494 1370 1558 chiemense.

69 1602 116 1660 cd
133 1601 215 1659 {Hom
232 1602 322 1660 medin
335 1610 432 1672 noete,
454 1601 602 1680 postulone
617 1609 675 1659 tres
689 1603 800 1678 pones?
843 1597 889 1660 Ac
905 1596 1060 1682 deinceps,
1082 1600 1180 1669 Petite,
1205 1605 1234 1654 et

70 1701 204 1762 deditur.
254 1703 322 1778 (iue's
343 1706 414 1762 enain
436 1723 474 1762 ee·
494 1702 571 1762 nudas
593 1711 638 1762 est
654 1713 752 1781 poter,
783 1721 879 1781 aqam
890 1702 977 1781 filius
991 1710 1071 1780 petet
1081 1703 1185 1780 pa'seem
1205 1708 1234 1758 et
1246 1703 1302 1752 ibid·
1315 1709 1346 1752 11.

66 1823 130 1884 pro
144 1807 225 1884 pisce
239 1814 394 1883 serpentem
412 1805 491 1865 dudit
509 1806 574 1864 itti?
602 1815 655 1864 cut
666 1825 722 1883 pro
740 1825 790 1864 ooo
809 1806 1004 1883 scorpionem?
1045 1805 1082 1862 Si
1097 1820 1166 1881 ergo
1184 1822 1233 1862 nos

71 1925 141 1966 eum
165 1907 228 1966 sa‘tr'e
250 1908 428 1966 molimentis
450 1908 520 1967 dono
542 1910 625 1979 dcte,
649 1918 754 1986 puncto
775 1910 866 1986 meges
882 1911 990 1986 poter?

164 2003 266 2070 Reiot.
284 2001 407 2070 XXIV.
442 2005 490 2070 Ex
507 2007 561 2070 hnc
579 2007 643 2070 ioco
663 2007 737 2071 ratri
754 2007 878 2070 hominis
894 2006 1097 2092 superstitiosa
1115 2017 1143 2070 et
1161 2007 1231 2068 affe-

72 2119 157 2174 ctata
175 2109 278 2193 religio
299 2107 493 2172 convincitur.
538 2106 607 2172 Non
630 2109 706 2172 euim
725 2110 849 2194 optimae
865 2108 986 2172 alienius
1003 2109 1146 2172 mercedis
1164 2129 1233 2192 gra·

72 2213 137 2291 tia,
162 2223 212 2276 aut
231 2233 283 2297 spe
301 2212 524 2294 consequendae
541 2211 767 2275 immortalitatis
784 2211 935 2288 inductus,
960 2213 1010 2274 sed
1030 2231 1069 2274 ers
1086 2211 1233 2296 impietate

72 2334 111 2379 ac
130 2315 288 2399 pestiferae
305 2311 450 2398 opinionis
467 2311 593 2376 salsitate
609 2313 738 2378 ciborum
755 2313 973 2398 temperantiam
989 2312 1127 2376 adhibuit.
1158 2313 1231 2376 Aui-

73 2417 165 2481 matis
182 2415 259 2480 enim
275 2415 357 2480 uesci
375 2415 519 2500 prohibet,
544 2435 578 2478 ac
594 2436 662 2478 reos
680 2435 746 2480 esse
762 2415 869 2478 iudicio
886 2425 965 2500 potat
981 2415 1046 2478 iilos
1064 2416 1112 2498 qni
1127 2437 1232 2480 carnes

73 2521 253 2602 degustent,
286 2529 421 2602 tanquam
439 2518 554 2582 animas
573 2515 738 2581 comedant.
785 2514 871 2600 Quod
894 2517 1007 2601 quidem
1033 2517 1164 2602 inprimis
1187 2529 1233 2580 est

74 2605 256 2686 absurdum'
287 2617 392 2704 Neque
408 2621 484 2684 euim
499 2641 568 2684 caro
584 2631 641 2699 est,
665 2621 715 2682 sed
732 2619 762 2682 in
778 2621 914 2684 carnibus
929 2621 1008 2682 inest
1022 2620 1128 2682 anima.
1168 2616 1231 2682 Nc·

76 2743 137 2808 que
158 2743 231 2786 vero
252 2723 404 2786 brutorum
426 2723 550 2786 animam
573 2722 692 2808 perinde
715 2733 800 2806 atque
824 2723 969 2785 hominum
989 2721 1144 2807 pretiosam
1165 2741 1232 2786 esse
1281 2755 1285 2766 =

75 2827 221 2904 dicimos,
252 2826 303 2889 sed
322 2827 357 2888 ad
378 2825 466 2888 vitam
483 2826 624 2889 duntaxat
639 2823 812 2888 assitentibus
830 2843 1013 2888 concessam.
1057 2825 1098 2888 At
1113 2824 1162 2888 itte
1181 2824 1233 2886 mi-

75 2929 223 2994 serrimus
240 2948 305 2990 cnm
319 2927 513 2992 sectatoribus
526 2927 589 2990 suis
602 2929 722 2990 candem
739 2927 884 2990 hominum
900 2947 967 2992 esse
982 2947 1055 3010 quae
1070 2928 1099 2990 io
1113 2927 1233 3010 reliquis

76 3029 276 3096 animantibus
298 3031 429 3093 cernitur
451 3029 576 3092 estimem
595 3029 757 3094 existimat.
803 3026 888 3112 Quod
913 3028 941 3092 ei
964 3030 1067 3114 dogma
1087 3030 1232 3115 plerisque
1362 3087 1366 3096 .

78 3155 146 3198 cum
167 3132 232 3196 eliis
251 3143 295 3194 est
313 3131 483 3195 haeresibus
501 3151 664 3195 commuue.
711 3127 788 3195 Nam
806 3142 836 3194 et
852 3129 1026 3196 Valentinus
1042 3143 1071 3194 et
1087 3128 1230 3195 Colorba·

76 3257 132 3302 sns
148 3246 178 3298 et
195 3233 329 3299 Gnostici
346 3255 447 3297 omenes
465 3255 499 3296 ac
516 3231 684 3296 Manichaei
701 3233 899 3297 traductiones
917 3236 1053 3319 quasdam
1070 3235 1230 3297 animarum

78 3338 220 3424 atque’in
237 3337 320 3399 varia
339 3357 462 3422 corpora
477 3336 618 3399 transitus
637 3356 702 3398 esse
722 3336 878 3414 definiunt,
902 3338 976 3420 quod
996 3341 1030 3400 nd
1047 3357 1099 3402 cos
1118 3337 1231 3422 quidem

77 3440 216 3506 homines
232 3439 335 3502 attinet
347 3439 394 3524 qui
413 3440 442 3502 in
456 3439 638 3522 ignoratione
654 3449 821 3502 versantur.
853 3437 897 3504 De
914 3439 1017 3523 quibos
1033 3440 1229 3524 nescioquam

79 3537 211 3608 fabulam
233 3541 389 3604 commenti
413 3552 498 3620 eunt,
531 3539 626 3606 redire
649 3537 785 3605 videlicet
805 3541 948 3620 animam,
979 3563 1013 3606 au
1036 3563 1070 3605 se
1090 3541 1120 3606 in
1144 3563 1230 3606 unum

79 3643 217 3731 qnodque
236 3644 423 3707 animantium
443 3644 582 3722 induere,
615 3644 707 3707 donec
723 3642 918 3728 cognitionem
935 3645 1038 3730 adepta
1058 3645 1114 3724 sit,
1146 3656 1231 3728 atque

78 3751 122 3812 ita
142 3755 266 3832 purgata
284 3745 480 3830 dissolutaque
503 3747 532 3810 in
551 3745 690 3810 coelestia
713 3746 776 3808 loca
794 3747 975 3832 commigret.
1022 3743 1081 3811 Sed
1100 3747 1231 3832 inprimis

80 3869 189 3914 vanum
206 3847 275 3912 ittut
292 3849 434 3912 somnium
450 3849 529 3912 ιιιιΙΙο
547 3849 664 3933 negotio
679 3849 871 3912 convincitur.
917 3847 1034 3913 Etenim
1052 3849 1119 3934 quid
1135 3849 1231 3934 reipsa

80 3961 204 4038 geratur
225 3947 303 4013 scire
325 3971 410 4014 nemo
432 3951 536 4015 melius
559 3962 654 4036 potest
672 3971 756 4034 quarn
775 3947 860 4014 lesus
876 3948 1012 4017 Christus
1031 3952 1163 4015 dominos
1180 3973 1233 4015 no·

80 4067 156 4132 ster,
182 4051 230 4136 qui
245 4055 461 4138 recuperandae
477 4054 542 4118 osis
557 4053 686 4137 perditae
700 4054 794 4138 gratie
809 4054 969 4134 deseendit,
995 4055 1049 4118 hoc
1064 4065 1110 4118 est
1126 4066 1157 4119 ut
1171 4053 1233 4117 assi·

81 4177 146 4222 mas
166 4156 307 4220 liberarat
327 4155 491 4236 hominurn,
523 4175 644 4240 quorum
664 4155 780 4220 utilitati
796 4177 830 4220 ao
846 4156 1007 4220 rationibus
1025 4157 1159 4222 serviens
1175 4168 1231 4220 taos

81 4261 142 4326 illis
158 4279 231 4344 quaa
248 4259 309 4322 dixi
326 4280 410 4344 quam
427 4257 598 4344 corporibus
612 4258 684 4345 ipsis
699 4259 857 4323 remedium
874 4259 987 4339 attulit,
1012 4270 1112 4345 utpote
1129 4281 1233 4345 corpo-

83 4461 168 4504 rnrum
181 4451 240 4499 inter
254 4449 311 4498 doec
327 4450 373 4500 duo
386 4451 589 4500 embolooncuc
605 4463 639 4498 re·
674 4451 756 4499 Petne.
790 4445 818 4502 sd
835 4447 914 4514 κρέας
929 4451 984 4499 edit.
997 4453 1072 4512 prisc.

83 4523 145 4571 tteto.
231 4551 235 4574 .
638 4557 642 4564 .
707 4515 747 4568 75.
768 4519 873 4568 Fortasse
894 4521 1055 4580 corripendum
1079 4523 1112 4569 est
1135 4511 1233 4583 dadoni·

117 4582 159 4641 74.
176 4582 208 4640 sd
225 4584 456 4653 tepescentem,
480 4591 501 4638 et
516 4587 571 4638 tude
586 4587 641 4638 edit.
673 4601 742 4652 nur,
761 4581 798 4645 uic
814 4579 887 4640 edroi
902 4601 982 4652 φασι,
999 4584 1042 4640 καὶ
1059 4583 1125 4640 κατὰ
1141 4591 1191 4638 cett.
