2994 5024
356 340 491 394 seuseu
509 341 571 394 nra.
584 343 604 393 1.
621 343 703 396 rou.
716 343 760 395 ur.
776 343 874 396 assu.
887 344 968 396 xurr.
1178 333 1239 397 55⁹

83 475 145 541 qno
162 457 225 522 volt
240 460 399 544 pertineatq
423 461 466 525 sic
485 463 562 526 enim
578 463 699 527 asserit:
725 461 901 542 Dominum,
926 475 1077 548 postquam
1095 485 1111 528 a
1128 461 1238 530 Ioanne
1251 480 1306 525 noe.
1317 483 1347 536 u,
1359 482 1391 527 so.

81 559 250 646 baptizatus
268 575 330 642 est,
355 562 467 628 dixisse
483 565 651 651 discipulis:
682 571 824 647 Bapulrmo
841 567 929 627 labeo
946 568 1104 647 bnpn'zum',
1129 579 1159 629 et
1172 573 1241 650 quid

81 665 147 723 octo
171 667 229 726 πίει·
250 678 284 726 at
300 669 446 746 peqtmbm
468 672 579 747 aprum?
610 689 644 731 ac
669 689 803 732 rursume
836 671 955 730 Cob'cem
980 671 1068 731 tabee
1093 671 1187 732 bebere
1211 683 1241 732 et

82 767 155 845 pmii
169 770 229 828 colo
245 772 305 830 πίει·
316 780 350 830 at
362 772 488 850 impleam
505 773 607 832 illam?
630 773 706 836 unde
722 770 819 856 plnres
835 769 900 834 illos
916 770 1073 857 baptismos
1091 793 1238 836 commeo·

83 876 132 930 tus
155 878 211 932 est.

166 967 327 1036 Praeterea
346 973 439 1057 legem
459 995 494 1038 ac
512 975 666 1060 propbetas
685 996 787 1039 omnes
805 975 919 1055 abiicit;
950 967 1024 1060 ¹quos
1043 977 1182 1062 principis
1202 976 1236 1040 il·
1255 984 1315 1054 Cep.
1332 991 1373 1041 tv.

80 1071 139 1134 lius
159 1073 271 1154 afflatu,
300 1075 347 1158 qui
367 1075 442 1139 bunc
459 1077 560 1140 orbem
578 1078 723 1154 condidit,
749 1077 923 1141 vaticinatos
941 1077 1101 1142 existimat.
1149 1075 1236 1142 Chri-

80 1183 159 1237 stum
177 1195 249 1239 vero
267 1177 332 1240 ideo
349 1177 384 1240 de
400 1179 483 1242 coelo
500 1179 647 1264 delapsum
664 1180 713 1244 illc
731 1199 748 1243 a
766 1191 903 1266 parente,
936 1181 984 1264 qui
1000 1201 1053 1245 uec
1070 1181 1163 1245 videri
1182 1201 1235 1245 nec

80 1277 226 1342 nominari
248 1289 361 1364 potest,
392 1292 424 1344 ut
446 1291 476 1344 et
497 1283 609 1346 animas
632 1282 785 1360 liberaret,
817 1292 847 1345 et
864 1280 1038 1346 ludaeorum
1061 1303 1094 1347 ac
1112 1283 1186 1368 legis
1205 1295 1235 1346 et

80 1379 287 1464 prophetarum
315 1393 401 1467 atque
425 1384 588 1447 istiusmodi
610 1395 776 1448 ceterorum
806 1386 889 1448 deum
919 1385 1119 1470 redargueret.
1171 1383 1233 1448 lmo

78 1481 116 1543 ad
135 1481 246 1547 interos
264 1505 355 1570 usque
372 1486 561 1550 descendisse
577 1485 733 1565 dominum,
758 1497 834 1551 utet
850 1484 946 1551 Caino
963 1499 993 1551 et
1010 1484 1100 1565 Cure,
1126 1509 1160 1551 ac
1174 1485 1233 1550 Da-

79 1583 162 1646 tbaui
178 1596 207 1648 et
220 1585 362 1666 Abironi,
388 1609 442 1652 uec
459 1581 516 1652 nori
534 1585 632 1666 Esau,
656 1611 690 1652 ac
706 1589 871 1652 nationibus
888 1589 1039 1668 omnibus,
1065 1589 1169 1674 quibus
1186 1586 1233 1652 lu·

78 1685 218 1750 dacorum
236 1689 307 1752 deus
327 1692 422 1754 luerat
437 1692 572 1775 ignotus,
596 1693 719 1756 salutern
739 1692 874 1755 afferret:
900 1692 1025 1756 Abelnm
1042 1711 1127 1771 vero,
1153 1689 1233 1754 Eno-

77 1788 182 1868 cbnm,
205 1787 370 1871 Nettmum,
396 1793 592 1874 Abraamum‚
618 1792 768 1872 isaacum,
794 1791 947 1874 iacobum,
971 1791 1117 1880 Moysen,
1141 1791 1233 1858 Davi-

77 1890 145 1953 dem
168 1913 203 1954 ac
225 1889 412 1959 Salomonem
437 1896 497 1960 illic
520 1896 658 1975 relictos,
693 1896 829 1980 quoniam
854 1894 1027 1960 ludaeorum
1051 1898 1153 1976 deum,
1187 1896 1232 1959 iu·

75 1992 197 2076 quiunt,
231 2007 433 2080 agnoverunt,
468 1997 517 2082 qui
541 1999 742 2074 universitatis
769 1999 903 2062 conditor
931 2020 964 2062 ac
989 1998 1146 2062 fabricator
1162 2008 1228 2076 est,

76 2094 200 2179 eiusque
216 2095 296 2182 leges
314 2111 344 2162 ct
360 2099 490 2164 instituta
505 2101 597 2165 sacnti
614 2113 698 2179 sunt,
723 2121 758 2163 ac
773 2121 831 2164 non
848 2121 881 2162 se
897 2101 991 2185 potius
1007 2100 1090 2164 alteri
1106 2100 1146 2163 illi
1161 2100 1228 2178 deo,

75 2195 128 2280 qui
153 2197 245 2262 videri
269 2200 361 2266 oculis
387 2203 505 2287 nequit,
540 2204 725 2266 addixerunt.
777 2200 838 2265 lam
865 2202 1041 2266 mulierculis
1067 2201 1230 2286 baptizandi

74 2309 252 2383 potestatem
275 2303 354 2366 lacit.
399 2302 482 2368 Nibil
505 2315 551 2368 est
572 2306 648 2368 euim
671 2305 744 2390 apud
763 2305 828 2367 illos
846 2303 902 2367 nisi
919 2303 1042 2366 ludibrio
1058 2325 1093 2366 ac
1111 2302 1171 2366 risu
1188 2303 1230 2365 di·

74 2400 260 2484 guissimum,
286 2427 350 2469 cum
367 2407 415 2469 vel
430 2407 579 2493 mysteriis
593 2408 664 2492 ipsis
678 2406 858 2470 adstantibus
873 2401 1100 2470 Catecbumenis
1114 2403 1231 2490 operari

74 2523 137 2566 nen
157 2503 299 2570 dubitent.
345 2505 431 2592 Quod
450 2509 486 2572 ad
506 2508 751 2572 resurrectionem
773 2508 893 2586 attinet,
918 2507 991 2570 banc
1009 2508 1058 2571 ille
1075 2527 1228 2592 corporum

74 2625 144 2668 esse
162 2619 260 2690 negat,
284 2609 324 2672 uti
341 2609 517 2688 monuimus,
542 2610 703 2674 animarum
720 2610 864 2688 concedit,
889 2609 991 2693 quibus
1006 2610 1077 2674 solis
1093 2611 1227 2689 salutem,

72 2728 135 2770 nou
155 2706 223 2772 item
241 2712 430 2796 corporibus,
461 2712 683 2777 circumscribit.
729 2711 900 2775 Animarum
919 2711 1043 2800 denique
1062 2711 1099 2774 ab
1116 2711 1181 2775 aliis
1198 2710 1229 2774 iu

73 2809 133 2873 alia
158 2832 282 2896 corpora
304 2813 494 2900 migrationes
516 2837 551 2879 ac
574 2815 714 2878 transitus
737 2813 849 2876 statuit.

163 2911 273 2978 Verum
291 2917 386 2980 inanis
401 2939 436 2980 ac
452 2917 573 2982 ridicula
588 2917 660 2980 baec
677 2916 774 3000 opinio
791 2914 868 2979 omui
885 2935 924 2978 ex
939 2925 1020 2999 parte
1037 2915 1174 2993 concidit,
1198 2925 1230 2978 ut
1249 2919 1306 2988 Cep.
1326 2923 1355 2972 v.

70 3016 103 3078 iu
128 3015 193 3080 aliis
212 3017 383 3083 haeresibus
403 3029 489 3083 antea
506 3019 668 3083 docuimus.
714 3016 773 3101 Qui
791 3017 868 3081 enim
889 3037 1046 3102 resurgere
1064 3017 1161 3081 anima
1178 3017 1228 3082 illa

70 3129 191 3203 potest,
216 3141 288 3204 quae
306 3141 450 3205 nunquam
468 3123 597 3184 corruit?
640 3118 794 3203 Quomodo
811 3121 926 3203 iuquam
945 3120 991 3199 ei,
1015 3139 1089 3204 quae
1105 3141 1163 3184 non
1179 3139 1227 3183 ce-

69 3219 159 3294 cidit,
191 3223 367 3285 resurrectic
396 3224 560 3287 tribuetur?
610 3221 753 3307 Quicquid
780 3221 856 3284 enim
884 3222 976 3302 cadit,
1008 3222 1225 3286 resurrectione

69 3341 146 3406 opus
173 3321 268 3385 babet.
312 3321 401 3388 Cadit
423 3337 519 3388 autern
542 3346 600 3389 nou
626 3325 737 3402 anima,
771 3325 821 3386 sed
845 3345 962 3410 corpus.
1010 3322 1095 3406 Quod
1116 3325 1225 3386 idcirco

68 3427 195 3502 πτῶμα,
227 3425 281 3488 boc
304 3437 348 3488 est
365 3427 509 3506 cadaver,
542 3427 722 3491 consuetudo
740 3427 901 3489 communis
920 3427 1060 3511 appellat,
1094 3425 1226 3510 adeoque

68 3526 207 3590 domiuus
222 3527 296 3612 ipse,
322 3550 385 3591 cunr
400 3529 444 3592 sic
459 3529 601 3612 loquitur:
629 3531 796 3610 timeumque
809 3541 853 3590 est
864 3533 978 3608 πτῶμα,
1002 3529 1029 3590 id
1045 3538 1091 3591 est
1104 3549 1222 3612 eorpus,
1238 3541 1292 3586 une.
1302 3543 1333 3600 rr,
1344 3545 1376 3588 ar.

68 3631 132 3690 illie
152 3632 402 3710 congregabunmr
421 3643 449 3691 et
467 3635 588 3712 oqur'lce.
635 3629 740 3714 Neque
756 3629 833 3694 enim
851 3631 993 3716 sepulcris
1008 3631 1119 3694 animas
1134 3629 1225 3693 inclu-

68 3729 185 3808 dimus,
210 3732 262 3794 sed
278 3753 401 3817 corpora
419 3733 495 3796 bumi
514 3735 631 3796 defossa
647 3731 865 3817 componimus3
889 3733 993 3816 quibus
1009 3731 1097 3795 divini
1111 3732 1225 3817 praedi·

68 3833 188 3896 catione
205 3832 286 3896 verbi
305 3855 371 3919 spes
389 3835 614 3898 resurrectionis
630 3835 804 3898 ostenditur.
852 3830 1101 3915 Quemadmodum
1119 3835 1148 3896 in
1164 3835 1224 3896 fru-

68 3935 161 3998 menti
186 3957 278 4018 grano
300 3936 464 4021 ceterisque
489 3935 649 4000 seminibus
672 3937 794 4014 accidit,
828 3957 867 3999 ex
889 3936 993 4020 quibus
1015 3936 1164 4022 apostolus
1187 3937 1221 3998 ad

68 4035 154 4099 fidem
174 4037 332 4102 faciendam
351 4039 485 4125 exempla
503 4039 656 4122 produxit,
682 4047 712 4101 ut
728 4047 759 4101 et
776 4038 899 4122 ipsemet
915 4040 945 4101 in
963 4037 1117 4122 evangelio
1133 4037 1224 4100 domi-

69 4159 144 4202 uusa
169 4142 250 4212 Nisi,
276 4140 384 4223 iuquit,
406 4163 528 4220 pontem
538 4144 678 4222 frumenti
688 4144 790 4202 cederes
805 4145 834 4202 in
850 4153 953 4202 terram
968 4143 1216 4224 mortuumsuerr't‚
1227 4155 1376 4214 temtus

69 4245 160 4320 speum
178 4245 266 4303 solum
284 4254 385 4304 arcuet.
432 4242 475 4305 At
490 4242 638 4326 apostolus
656 4243 813 4306 cumidem
833 4253 1033 4328 argumentum
1052 4252 1222 4326 pertractat,

69 4341 257 4428 insipientem
277 4363 341 4406 eum
358 4343 483 4430 appellat
503 4345 552 4428 qni
567 4367 624 4409 non
643 4345 746 4424 credit,
771 4356 821 4408 aut
836 4344 954 4408 omuino
969 4343 1117 4409 haesitans
1131 4345 1222 4408 inter·

69 4457 167 4529 rogat,
189 4449 328 4524 Quomodo
334 4449 378 4528 fit
391 4453 585 4510 resurreetio?
605 4451 686 4529 quali
696 4457 787 4509 autern
802 4469 920 4530 corpore
935 4451 1065 4510 mutent?
1100 4447 1147 4510 Ac
1162 4457 1374 4516 sta-temnere

71 4545 119 4610 tim
138 4557 242 4612 contra
260 4547 326 4614 illos
345 4549 388 4614 sic
406 4549 549 4636 disputat:
573 4554 728 4632 lusrpebnr,
753 4561 784 4613 tu
801 4555 876 4632 quod
888 4555 1008 4613 semeber
1024 4573 1078 4614 cort
1096 4551 1220 4632 ou‘uq‘fieo-
1231 4561 1288 4610 tuta
1300 4563 1334 4609 tt
