3006 4990
382 267 516 320 ΡΔΝΔΜΙ
533 269 596 322 Llll.
609 269 629 320 l.
645 269 725 320 Tott.
739 269 769 320 ll.
787 267 886 321 ΗΑΕΒ.
900 267 997 321 xxvi.
1199 258 1258 320 173

118 386 245 452 nonnulli
271 387 319 471 qui
345 387 536 452 adulterinum
558 387 699 472 quoddam
722 398 753 451 et
774 386 949 451 adscititium
972 409 1074 474 poema
1096 388 1258 467 venditant,

118 491 192 574 qnod
205 511 280 575 opus
295 486 489 553 Perlectioois
503 488 694 572 Evangelium
708 488 880 570 inscribunt,
898 511 962 553 cum
978 511 1083 554 revera
1097 511 1155 554 uon
1169 511 1259 554 evau-

117 593 240 675 gelium‚
271 592 324 656 scd
345 593 454 656 doloris
475 593 514 656 sit
535 613 570 654 ac
591 592 685 654 luctus
704 590 856 676 perfectio.
904 589 1049 656 Universa
1067 589 1172 677 quippe
1189 613 1260 655 con·

117 704 317 777 summotaque
341 693 443 758 morlia
467 694 611 758 acerbitas
640 693 669 755 in
698 713 734 756 eo
759 691 863 756 diaboli
887 693 947 755 ieta
972 693 1149 757 continetur.
1199 692 1259 757 Alii

116 794 310 880 Evangelium
329 793 413 858 Erae
438 795 502 858 sine
527 795 584 858 ullo
606 795 714 879 pudone
736 793 879 858 iactitant.
925 791 987 859 Sub
1009 795 1094 858 buius
1112 795 1188 879 enim
1208 817 1260 859 no·

116 897 211 976 mine,
243 907 344 982 utpote
365 917 438 981 quac
460 896 636 980 cognitionis
658 915 763 958 nomen
784 917 801 960 a
822 905 958 979 serpente
977 917 1099 981 quocum
1118 896 1261 961 collocuta

116 1010 173 1077 est,
196 999 341 1078 didicerit,
365 997 503 1084 perfidiae
517 1018 588 1062 suae
605 997 715 1061 semina
730 1008 910 1082 sparserunt.
956 998 1003 1061 Ac
1020 999 1259 1082 quemadmodum

27 1087 29 1110 s
116 1099 206 1179 ebrii,
239 1121 360 1184 quorum
384 1100 551 1162 inconstans
573 1099 685 1162 animus
706 1110 736 1162 cl
751 1099 982 1162 inconsideratus
999 1109 1045 1164 cst
1060 1121 1175 1180 sermo,
1208 1121 1260 1164 ne·

116 1223 258 1288 quaquam
276 1201 332 1264 sibi
348 1211 544 1264 consentanea
561 1201 733 1284 loquuntur,
755 1199 806 1264 sed
824 1199 897 1263 alias
913 1201 1033 1265 ridicula
1047 1201 1155 1292 rerba,
1185 1201 1259 1266 alias

115 1305 258 1368 moeroris
275 1323 310 1366 ac
328 1302 436 1366 doloris
455 1302 539 1386 plena
559 1303 726 1386 proferunt,
758 1302 860 1365 eodem
880 1323 1000 1386 prorsus
1018 1303 1102 1367 modo
1121 1323 1188 1368 nese
1206 1303 1259 1367 ba·

114 1405 164 1469 bet
184 1405 220 1468 ab
241 1405 298 1469 illis
320 1405 527 1489 impostoribus
548 1414 613 1466 orta
638 1425 673 1466 ac
696 1414 852 1488 propagata
874 1403 1013 1488 nequitia.

198 1504 257 1591 Qui
273 1507 388 1591 quidem
404 1505 517 1568 stolidis
534 1505 709 1568 testimoniis
727 1527 761 1568 ac
776 1506 848 1570 visis
863 1505 892 1568 in
912 1506 961 1570 illo
976 1528 1031 1570 suo
1046 1507 1121 1591 quod
1137 1527 1207 1592 prae
1224 1527 1257 1572 se
1277 1520 1336 1590 cap.
1348 1524 1392 1576 111.

114 1611 213 1673 lerum
231 1606 394 1693 Evangelio
413 1609 554 1671 nituntur.
600 1604 644 1669 lta
660 1607 736 1670 euim
752 1607 902 1692 inquiunt:
933 1611 968 1669 In
983 1613 1072 1670 arduo
1087 1621 1178 1671 monte
1191 1631 1258 1671 con·

111 1717 254 1785 sclerum,
278 1733 340 1772 cum
358 1733 421 1772 ecce
438 1714 515 1771 audeo
528 1731 677 1788 moenum
695 1713 846 1782 iomanem,
871 1721 900 1771 ct
916 1713 1041 1772 mutilum
1058 1712 1162 1772 ulium:
1194 1715 1258 1772 abde

112 1835 203 1874 uocem
218 1817 340 1874 tomlrui
354 1817 445 1873 obstac
458 1815 595 1874 emedio:
611 1814 728 1891 propriis
740 1815 831 1890 agitur
843 1815 882 1872 cd
891 1815 1057 1874 quirendum
1069 1817 1180 1887 accde,
1200 1825 1257 1874 tum

112 1936 154 1976 aaa
170 1919 245 1976 hunc
261 1919 290 1975 ln
306 1917 415 1976 medum
429 1928 472 1978 est
484 1916 641 1975 allocutus:
663 1917 727 1993 Ego
743 1916 813 1974 idem
830 1935 891 1973 sum
908 1934 943 1974 uc
964 1926 1011 1987 tu,
1036 1926 1067 1975 et
1080 1925 1110 1976 tu
1125 1919 1195 1976 idem
1213 1926 1258 1976 ut·

112 2039 167 2096 que
180 2039 251 2097 ego,
276 2029 304 2079 et
319 2017 483 2097 circumque
496 2028 527 2076 tu
542 2037 587 2087 es,
612 2019 672 2076 illic
688 2037 740 2095 ego
754 2037 831 2088 sum,
855 2035 891 2075 oe
901 2037 954 2094 per
969 2021 1060 2077 omnin
1072 2037 1133 2077 sum
1150 2021 1258 2097 daiper-

110 2139 177 2194 ως
198 2129 229 2179 et
244 2121 432 2199 amdecumque
445 2119 567 2178 wluercb
580 2139 622 2178 me
634 2119 756 2196 colligis,
783 2138 825 2178 me
837 2137 902 2178 cero
918 2119 1074 2196 colligendo
1088 2123 1257 2199 temenpsum

110 2223 235 2300 colligas.
282 2215 310 2283 0
329 2219 487 2281 doctrinam
505 2240 522 2280 a
539 2217 716 2302 nequissimo
730 2219 871 2280 daemone
890 2219 1064 2302 prolectam!
1105 2215 1258 2284 Undeuam

111 2320 227 2385 bumani
249 2320 368 2404 generis
390 2319 506 2404 ingenia
529 2318 686 2404 pervertit,
717 2318 800 2382 etad
819 2319 923 2382 stolida
941 2319 1115 2405 minimeque
1133 2342 1258 2385 conscu-

111 2433 197 2486 unca
219 2443 237 2488 a
260 2422 351 2485 uerbo
372 2421 505 2485 veritatis
526 2421 672 2506 abripuit?
713 2419 796 2484 Nibil
813 2421 889 2483 eninr
909 2421 1112 2506 propemodum
1132 2421 1178 2500 ei,
1209 2423 1257 2506 qui

110 2534 208 2588 mente
228 2535 317 2607 atque
335 2523 489 2609 prudentia
513 2523 659 2608 praeditus
681 2532 742 2601 est,
776 2521 918 2607 scriptura
942 2522 989 2586 vel
1013 2523 1175 2608 exemplis,
1207 2535 1258 2588 aut

109 2623 169 2688 ulia
185 2645 218 2688 re
235 2625 312 2703 alia,
336 2626 372 2688 od
388 2645 439 2689 eos
455 2625 630 2688 relellcudos
648 2623 688 2686 uti
706 2644 827 2688 neccsse
844 2634 900 2688 est.
946 2621 1095 2707 Siquidem
1112 2637 1193 2688 recta
1209 2647 1257 2690 na·

111 2725 153 2788 tio
176 2727 300 2792 stolidas
321 2725 434 2790 illorum
457 2725 570 2788 labulas
592 2735 623 2788 et
644 2726 850 2789 adulteriorum
872 2747 907 2788 uc
930 2725 1100 2810 flagitiorum
1122 2725 1256 2792 libidines

111 2827 196 2892 facile
212 2849 267 2913 per
285 2847 318 2892 sc
333 2827 396 2912 ipsa
413 2826 568 2910 dignoscit.
613 2825 697 2890 llaec
711 2827 801 2912 igitur
816 2836 902 2911 atque
919 2827 964 2891 bin
981 2829 1084 2892 similia
1101 2829 1257 2893 commenti

109 2925 263 3007 Gnostici,
295 2929 343 3013 qui
361 2949 426 2994 cum
443 2927 560 2994 Nicolai
578 2938 661 2992 secta
679 2928 826 2993 coniuncti
845 2940 928 3007 snut,
960 2929 1119 2993 averitatc
1138 2930 1257 2993 excide·

106 3042 196 3112 runt3
219 3052 276 3096 nee
295 3051 395 3096 eorum
413 3032 572 3107 duntaxat,
596 3031 699 3114 quibus
718 3051 849 3094 errorem
869 3042 1092 3116 persuaserunt,
1115 3031 1258 3117 deprava-

105 3143 177 3196 runt
192 3133 330 3216 ingenia,
360 3132 411 3197 sed
430 3141 460 3194 et
476 3132 589 3195 animos
606 3153 786 3216 corporaque
804 3131 914 3216 pariter
929 3131 1078 3195 adulteriis
1096 3153 1131 3196 ac
1149 3133 1257 3218 promi·

106 3254 197 3298 nouae
220 3234 331 3298 libidini
354 3233 492 3300 servilem
511 3234 541 3296 iu
566 3233 681 3296 modum
703 3233 902 3297 subiecerunt.
947 3232 1063 3296 Etenim
1085 3255 1155 3298 suos
1176 3235 1256 3317 ipsos
1326 3285 1329 3292 .

106 3346 272 3402 conventus
290 3334 455 3418 multiplicis
474 3355 509 3398 ac
528 3334 683 3419 promiscui
701 3333 872 3398 concubitus
891 3334 1027 3399 foeditate
1045 3335 1254 3412 contaminant,

108 3437 159 3502 ubi
183 3449 213 3502 et
240 3436 373 3502 bumanin
397 3434 533 3500 carnibus
556 3447 586 3499 et
608 3435 780 3521 turpissimis
803 3435 937 3500 sordibus
960 3447 1129 3501 vescuntur.
1174 3434 1258 3519 Quae

108 3540 229 3604 omuino
248 3558 477 3602 commemorare
493 3557 551 3600 non
570 3539 680 3616 audeo,
703 3537 760 3600 nisi
776 3559 823 3601 ma
839 3537 935 3620 aliqua
953 3538 1077 3602 luctasse
1095 3539 1256 3603 necessitas

104 3641 273 3726 impulerim
305 3639 346 3702 ita
362 3659 408 3704 me
426 3638 515 3702 animi
532 3639 587 3701 mei
607 3639 764 3702 vehemens
782 3639 895 3722 quidam
913 3639 995 3703 dolor
1010 3640 1048 3703 ob
1064 3661 1098 3703 ea
1117 3661 1190 3724 quae
1207 3639 1255 3703 isti

103 3761 261 3827 perperam
278 3751 385 3824 gerunt
399 3751 517 3826 stupore
531 3741 658 3803 defixum
672 3741 793 3816 detinet,
817 3741 884 3803 illud
901 3761 1075 3827 magnopere
1090 3742 1254 3820 mirantem,

104 3843 299 3928 quantumin
324 3843 463 3906 malorum
487 3840 659 3924 gravitatem
682 3863 716 3904 ac
738 3842 906 3926 proluudam
930 3843 1100 3926 voraginem
1125 3841 1256 3906 diabolus

104 3943 175 4008 illos
198 3945 336 4009 immittat
358 3944 405 4028 qui
430 3943 485 4007 cibi
508 3941 616 4006 luerint
638 3942 786 4021 obsecuti,
820 3945 893 4007 adeo
916 3953 948 4006 ut
968 3965 1068 4007 corum
1092 3955 1204 4007 mentes
1227 3955 1257 4008 et

104 4045 216 4124 corda,
240 4065 362 4122 manus,
386 4066 437 4108 oca
456 4063 636 4130 corporaque
653 4045 762 4128 pariter
779 4055 865 4128 atque
881 4046 994 4108 animos
1009 4045 1158 4130 inquinet,
1182 4065 1256 4129 qnos

102 4147 134 4212 in
162 4147 252 4211 tentis
276 4147 404 4212 tenebris
426 4146 558 4210 irretitos
582 4157 683 4208 tenere
704 4147 842 4231 potuerit.
888 4143 949 4211 Sed
970 4147 1038 4210 illud
1060 4167 1184 4225 vercor,
1218 4167 1256 4210 uc

102 4247 151 4314 nie
176 4259 266 4313 totam
287 4249 364 4313 illam
387 4246 614 4333 pestilentissimi
632 4247 739 4310 veneni
759 4247 817 4311 vim
835 4249 918 4331 quasi
937 4247 1028 4332 reguli
1047 4247 1197 4312 cuiusdam
1213 4249 1256 4311 ia·

102 4405 214 4464 derolnm
231 4404 340 4452 Petour‘us
351 4405 434 4464 recepit
444 4416 473 4454 ea
483 4402 534 4452 cod.
547 4401 665 4449 Vaticano.
699 4401 821 4450 emendato
843 4401 894 4451 ced.
918 4403 989 4451 Vatic-
1005 4391 1109 4466 libqbcs
1132 4397 1177 4466 τὴν
1199 4403 1256 4451 scri·

141 4465 621 4536 ca».1rr.-r.asamntorepmm
636 4479 666 4516 cn
696 4473 777 4528 ptura.
812 4470 885 4530 Vulpc
901 4473 965 4520 mccc
978 4472 1114 4532 simpliciter
1129 4465 1182 4536 τὴν.
