2986 4996
296 279 431 330 rinnon
454 280 712 332 annumerans
730 281 792 332 uro.
807 284 826 332 1.
844 281 923 333 rom.
939 283 958 332 r.
1161 267 1202 330 59

141 399 278 481 Aequod
297 399 332 463 ad
351 395 475 462 ludaeos
490 399 564 463 istos
580 401 701 478 attinet,
731 400 767 463 ad
784 399 853 463 illud
871 419 961 484 usquo
980 411 1112 484 tempos,
1143 421 1201 484 quo
1220 412 1278 481 cip.
1298 414 1328 462 v.

66 521 97 562 es
115 497 294 586 Babylonica
314 499 456 564 seruitute
480 501 591 565 reversi
616 512 701 580 suot,
732 500 785 564 hos
806 513 836 564 et
856 502 1010 587 prophetas
1032 513 1062 564 et
1080 503 1203 587 propha-

68 612 148 666 tamm
176 602 267 666 libros
295 602 468 666 hahuerunt.
512 600 628 666 Primus
656 615 701 667 est
724 601 877 667 Geneseos
899 604 989 682 liber,
1023 601 1064 666 ll.
1090 602 1201 683 llxodi,

67 701 112 765 lll.
133 701 306 782 Leviticae,
331 701 386 766 lV.
410 703 552 782 Numeri,
577 703 616 768 V.
641 703 919 783 Deuteronomium,
943 703 999 768 Vl.
1022 701 1116 770 Liber
1134 702 1204 770 lesu

66 803 227 884 dliiNave,
251 802 323 870 Vll.
348 804 494 884 lodicum,
519 804 604 870 Vlll.
628 805 745 885 llhuth,
769 804 827 870 lX.
851 805 921 884 loh,
947 803 990 869 X.
1013 804 1200 886 psalterium,

65 903 113 970 XI.
136 904 300 972 Paraholae
317 905 495 986 Salomonis,
520 905 593 972 Xll.
613 906 820 988 Ecclesiastes‚
844 905 933 972 Xlll.
952 903 1107 972 Canticum
1125 905 1204 973 Cau·

67 1006 195 1086 deorum,
228 1006 318 1072 XlV.
342 1006 436 1072 Liher
455 1009 482 1073 l.
511 1007 699 1090 Regnorum,
732 1007 806 1074 XV.
835 1007 927 1073 Liher
946 1007 986 1072 ll.
1018 1007 1201 1094 Regnorum,

66 1104 142 1173 XVl.
156 1107 317 1174 Liherlll.
333 1109 516 1194 Regnorum,
532 1108 636 1175 XVll.
648 1108 805 1175 Libeer.
820 1110 1003 1194 Regnorum,
1019 1109 1139 1175 XVlll.
1150 1109 1204 1175 Li·

65 1208 108 1274 her
121 1209 149 1276 l.
174 1209 438 1298 Paralipomenon,
460 1210 552 1277 XlX.
573 1211 664 1277 hiher
681 1211 720 1279 ll.
742 1210 996 1297 Paralipomenon,
1020 1209 1096 1276 XX.
1121 1211 1204 1276 liuo-

66 1312 145 1376 decim
162 1310 393 1398 Prophetarum,
416 1312 509 1378 XXI.
534 1314 625 1379 lanias
642 1315 799 1400 propheta,
822 1311 929 1377 XXll.
953 1312 1117 1377 Hieremias
1135 1335 1204 1399 pro·

66 1414 156 1496 pheta,
191 1437 257 1480 com
279 1412 569 1493 Lamentatiooihus,
603 1427 633 1480 et
655 1415 793 1502 Epistolis
822 1426 878 1478 tom
907 1415 969 1480 eiua
996 1437 1081 1500 quam
1110 1411 1204 1480 llaru·

66 1515 117 1593 ehi,
151 1514 277 1582 XXlll.
300 1515 459 1598 Ezechiel,
492 1515 614 1582 XXlV.
639 1516 761 1596 Daniel,
792 1514 900 1581 XXV.
924 1515 1055 1581 hiherl.
1074 1515 1202 1594 Esdrae,

65 1613 177 1682 XXVl.
209 1616 302 1682 Liher
327 1618 442 1684 Esdrae
465 1617 527 1698 lI.,
565 1617 701 1684 XXVll.
731 1616 852 1683 Esther.
909 1618 1007 1704 Atque
1037 1618 1108 1682 haec
1136 1627 1205 1682 aunt

65 1715 179 1784 XXVll
199 1721 363 1799 volumina,
397 1742 470 1807 quae
492 1701 609 1785 ludaeis
631 1731 701 1785 suut
721 1741 863 1784 concessa
884 1721 1041 1798 divinitus,
1073 1741 1146 1804 quae
1167 1720 1204 1784 ad

64 1816 147 1884 XXll
173 1843 226 1906 pro
246 1821 393 1887 literarum
414 1843 488 1909 quae
511 1823 584 1908 apud
608 1821 758 1887 llehraeos
783 1833 851 1886 sunt
873 1843 994 1887 numero
1016 1823 1203 1904 rediguntur3

64 1935 208 2008 propterea
231 1925 306 2008 quod
327 1921 358 1988 X
379 1944 420 1988 ex
442 1925 500 1988 illis
523 1925 551 1987 in
576 1924 699 2008 quinque
721 1925 788 2008 iuga
810 1924 1031 1988 distribuuntur.
1077 1922 1122 1986 lle
1147 1944 1204 2006 quo

63 2023 110 2086 alio
130 2024 200 2088 loeo
223 2025 374 2111 perspicue
400 2025 621 2111 disputavimus.
667 2023 743 2090 Sunt
762 2025 858 2088 etalii
879 2026 935 2090 duo
953 2025 1037 2103 libri,
1070 2045 1142 2109 quos
1162 2023 1205 2088 illi

64 2145 108 2206 pro
122 2125 221 2190 dubiis
237 2125 360 2204 hahent,
383 2127 516 2191 nimirum
535 2127 649 2192 Siraohi
667 2138 698 2190 et
712 2123 879 2190 Salomonis
895 2123 1064 2212 Sapientia,
1089 2135 1206 2211 praeter

64 2226 126 2290 alios
140 2228 285 2312 quosdam
300 2230 348 2312 qui
363 2230 532 2314 apocryphi,
551 2229 606 2292 hoo
621 2239 667 2292 est
681 2229 797 2292 ohscuri
811 2229 957 2292 dicuntur.
993 2225 1089 2292 Porro
1107 2226 1205 2291 omnia
1300 2311 1304 2319 J

64 2326 105 2390 illu
120 2341 313 2394 sacrosancta
332 2331 478 2394 uolumina
495 2330 611 2394 ludoien
627 2330 775 2408 instituta,
808 2329 939 2414 legisque
956 2329 1138 2392 ceremonias
1154 2329 1206 2392 do·

64 2431 177 2508 celant,
202 2451 294 2516 usque
312 2432 347 2496 ad
367 2430 434 2496 lesu
450 2427 560 2496 Christi
573 2430 727 2496 salvatoris
742 2432 909 2509 adventum,
932 2431 1108 2515 omninoque
1122 2450 1207 2516 prae·

64 2531 132 2595 clare
153 2533 210 2596 suh
234 2533 287 2598 hac
308 2535 391 2617 loge,
423 2534 502 2596 velut
517 2533 640 2616 quodam
660 2533 826 2596 institutore
847 2533 986 2596 cumillis
1003 2543 1099 2596 aotum
1117 2534 1204 2610 foret,
1267 2545 1272 2554 '

63 2631 179 2716 siquem
194 2636 297 2699 eadem
311 2635 360 2698 illa
374 2636 425 2698 lex
437 2635 633 2718 praedixerat,
652 2644 863 2718 venturumque
873 2644 1099 2711 monstraverat,
1119 2629 1206 2698 Chri·

62 2743 129 2798 atum
152 2757 319 2820 agnoscere
340 2737 520 2815 noluissent,
552 2748 583 2801 ut
605 2736 668 2800 eiua
691 2736 870 2800 divinitatem
893 2733 1019 2800 confessi
1039 2735 1093 2798 hoc
1111 2733 1206 2819 ipeom

63 2839 131 2917 quod
152 2858 281 2922 corpore
301 2839 447 2922 praeditus
469 2839 654 2916 advenisset,
685 2859 743 2901 oon
765 2839 801 2900 ad
823 2837 897 2920 legis
916 2837 1099 2901 eversionem
1117 2836 1206 2921 perti·

62 2959 144 3018 nere,
178 2941 230 3004 sed
249 2939 286 3002 ad
305 2940 368 3004 eius
389 2939 666 3005 consummationem
688 2937 901 3022 intelligerentp
933 2937 1068 3022 quoniam
1087 2937 1206 3000 umbrae

63 3043 202 3105 tmtaxat
221 3053 309 3125 atque
326 3041 468 3128 imagines
490 3041 518 3104 iu
542 3042 624 3124 lege,
654 3042 685 3104 io
702 3040 856 3124 evangelio
869 3042 979 3105 veritm
996 3039 1060 3124 ipsa
1075 3037 1207 3101 eontine-

63 3149 114 3205 tur.
159 3141 240 3208 Nam
262 3143 323 3207 illic
345 3144 477 3228 corporis
499 3143 678 3228 praescripta
699 3141 881 3205 circumcisio
905 3152 969 3218 est,
1002 3161 1077 3225 quae
1099 3141 1129 3204 in
1153 3159 1208 3203 usu

64 3244 167 3308 tamdiu
187 3244 259 3323 luit,
283 3246 376 3329 quoad
393 3247 499 3330 ingens
517 3255 564 3308 est
581 3246 629 3309 illa
646 3243 829 3308 circumcisio
845 3243 1018 3321 subsecuta,
1048 3242 1208 3329 baptismus

63 3345 213 3423 videlieet,
244 3367 302 3431 quo
319 3367 407 3411 oosa
427 3347 553 3431 peooatis
573 3345 782 3432 praecidimur,
815 3355 845 3408 et
861 3345 890 3408 io
909 3343 956 3409 dei
972 3344 1090 3408 nomino
1108 3343 1208 3426 signa·

65 3468 133 3512 mur.
179 3447 338 3512 llahehaut
352 3448 393 3512 ilii
409 3459 558 3532 praeterea
574 3449 744 3527 sohhatum,
767 3447 842 3532 quod
861 3467 915 3510 nos
931 3447 966 3510 ad
985 3467 1119 3530 magnum
1139 3445 1208 3508 illud

64 3550 230 3626 sabbatum,
256 3548 311 3614 hoe
328 3561 373 3613 est
390 3547 498 3615 Christi
517 3551 624 3614 domini
643 3550 787 3635 quietem,
809 3548 1008 3633 praeparando
1026 3549 1152 3623 detinet,
1178 3556 1210 3609 ot

65 3671 81 3711 a
98 3663 221 3736 peceato
237 3663 389 3716 cessantes
405 3653 487 3715 velut
501 3653 650 3716 sahhatom
668 3651 809 3734 quoddam
828 3649 859 3713 io
875 3645 995 3713 Christo
1013 3649 1206 3713 celebremus.

64 3749 133 3818 Erat
152 3774 248 3840 penes
269 3752 334 3817 illos
358 3765 387 3816 et
408 3753 473 3818 ovis
489 3752 607 3818 victima
626 3752 746 3816 rationis
764 3772 889 3838 expers,
919 3771 993 3836 quae
1009 3771 1063 3814 nos
1080 3751 1116 3814 ad
1132 3749 1209 3812 illam

64 3875 194 3939 maguam
208 3854 425 3940 coelestemque
441 3857 614 3941 perduceret
628 3875 731 3934 ovem,
762 3873 815 3938 pro
832 3863 933 3916 nostra
950 3853 1104 3936 mundique
1121 3849 1211 3914 totius

63 3957 155 4020 salute
170 3965 336 4022 mactatam.
381 3954 542 4020 Praeterea
555 3957 687 4021 instituta
701 3957 775 4041 apud
792 3955 858 4019 illos
873 3954 1025 4019 decimatio
1040 3953 1110 4031 luit,
1135 3971 1211 4037 quae

64 4078 115 4122 ooa
131 4079 172 4123 eo
188 4059 404 4143 praemuniret,
428 4078 465 4121 ue
481 4059 539 4121 iota
557 4057 688 4137 literam,
712 4077 787 4142 qnae
802 4067 872 4122 uota
887 4057 1017 4122 decussis
1035 4065 1097 4134 eat,
1120 4053 1211 4120 idem-

63 4181 115 4242 que
136 4159 210 4225 lesn
232 4159 358 4224 nominis
380 4160 501 4245 primum
524 4160 699 4225 elementum
720 4161 858 4245 ignorare
880 4177 1043 4244 possemus.

145 4361 295 4448 Quoniam
316 4363 406 4447 igitur
426 4385 479 4449 per
500 4363 616 4427 umbras
638 4383 673 4427 ao
694 4361 802 4446 figuras
823 4362 945 4426 traducti
964 4371 1048 4440 sunt,
1073 4382 1128 4425 nec
1147 4382 1212 4424 eam
1231 4379 1291 4446 cip.
1309 4377 1350 4428 vt.

63 4467 273 4548 perlectionem
288 4466 413 4530 assecuti
428 4487 511 4550 quam
524 4467 574 4530 lex
588 4465 696 4550 pariter
709 4485 744 4528 ao
760 4465 917 4550 prophetae
931 4464 1095 4549 caeterique
1110 4483 1212 4528 omues
