3018 4994
288 294 350 378 382
710 309 1015 362 ειαοτιιιειειιιυιι

289 427 331 489 Et
346 421 401 509 γόρ
417 429 510 488 ταῦτα
524 420 653 506 οίληδινιί
666 420 810 510 όπῆρχεν,
839 423 857 491 ό
871 424 967 492 έλδοίν
981 429 1110 507 φωτίσαι
1123 425 1178 510 την
1192 428 1367 512 οἰκουμένην
1379 423 1423 492 κό-

289 552 363 610 ριος,
385 527 435 592 καί
449 522 508 610 πρό
523 522 616 590 αότοῦ
631 529 662 591 ολ
673 535 831 611 προφῆται,
854 530 954 594 ἔπειτα
968 529 1002 594 δέ
1015 529 1067 594 καί
1081 531 1114 594 οί
1127 526 1295 608 ἀπόστολοι,
1315 533 1346 594 ολ
1357 529 1421 612 έλίγ

288 635 387 707 ξαντες
401 627 454 712 τήν
468 631 711 714 εἰδωλολατρείαν,
733 637 830 696 πᾶσαν
844 656 874 695 τε
887 629 1061 716 παρόνομον
1073 635 1189 716 πρᾶξιν,
1211 633 1263 697 καί
1278 629 1319 714 μὴ
1330 629 1422 698 δειλιό-

288 755 388 808 σανιες
407 730 534 817 γράφειν
553 729 627 796 κατοί
648 730 745 814 πόσης
760 731 936 817 παρανόμου
952 735 1140 809 διδασκαλίας
1156 735 1207 800 καὶ
1223 732 1422 816 ἐναντιότητος,

288 843 392 916 σαφῶς
408 833 445 900 όν
460 833 496 899 τό
513 840 634 901 τοιαῦτα
650 829 723 915 ημῖν
739 833 939 920 κατήγγδλον.
982 837 1044 900 Καί
1060 834 1182 918 μόλιστα
1197 835 1293 904 αότσῦ
1310 843 1362 902 τοῦ
1376 859 1422 902 σο·

288 945 377 1023 τῆρος
392 939 528 1023 λέγοντος
543 938 605 1016 ότι,
640 943 709 1011 Τοῖς
727 937 780 1018 μέν
797 939 852 1013 έξω
870 939 901 1002 έν
918 942 1115 1023 παραβολαῖς,
1142 935 1214 1022 όμῐν
1228 940 1261 1006 δέ
1275 938 1330 1016 τός
1341 965 1421 1023 παρτ·

288 1039 379 1123 βολὰς
396 1043 437 1116 είς
454 1042 585 1105 ἐπίλυσιν
602 1041 747 1120 βασιλείας
765 1035 901 1124 οόρανολν
919 1041 1032 1124 ῥητέον.
1066 1039 1163 1116 Ὅσας
1180 1048 1256 1127 γοῦν
1271 1044 1304 1107 έν
1320 1041 1423 1128 εόαγγε·

171 1175 220 1220 ηις.
229 1162 274 1204 τοο.
288 1148 361 1218 λίοις
376 1140 547 1228 παραβολός
563 1144 692 1226 είρηκεν,
720 1139 814 1218 εόδός
829 1141 968 1219 έπιλόσας
985 1147 1128 1224 φαίνεται.
1170 1140 1280 1225 Ἀμέλει
1295 1146 1367 1226 φησὶ
1379 1143 1422 1208 καί

287 1250 331 1322 τίς
345 1243 363 1312 ό
378 1243 487 1320 κόκκος
499 1251 554 1310 τοῦ
571 1240 754 1322 2σινοίπεως,
780 1245 831 1308 καὶ
843 1249 887 1319 τίς
900 1241 921 1326 ἦ
934 1243 1024 1328 ζόμη,
1044 1248 1096 1312 καί
1112 1249 1156 1322 τίς
1169 1251 1303 1329 βαλοῦσα
1319 1244 1371 1328 τὴν
1383 1243 1422 1322 ζό·

288 1376 346 1432 μην
360 1351 402 1425 είς
417 1345 453 1412 τό
469 1351 535 1430 τρία
551 1343 641 1424 σότα,
662 1349 706 1422 τίς
721 1343 741 1411 ό
756 1343 907 1427 όμπελοίν,
928 1351 972 1422 τίς
986 1345 1007 1430 ἡ
1021 1355 1113 1434 συκῆ,
1134 1352 1179 1424 τίς
1193 1345 1212 1413 ό
1227 1347 1369 1433 σπορεός,
1387 1350 1424 1419 τίς

287 1450 307 1534 ἡ
321 1455 456 1532 καλλίστη
469 1455 522 1534 γῆ·
544 1450 595 1514 καλ
611 1445 705 1531 μότην
719 1440 801 1514 οὗτοι
818 1449 1029 1516 ἒνδουσιαῖνται
1042 1447 1102 1516 όπό
1117 1449 1268 1534 δαιμόνων
1281 1449 1422 1532 έλαυνόμε

285 1581 341 1620 νοι.
383 1554 459 1638 Περὶ
474 1543 515 1616 όν
528 1572 619 1633 φησιν
632 1546 651 1616 ό
666 1547 827 1635 όγιιότατος
840 1548 1001 1628 όπόστολος
1016 1558 1144 1634 Παῦλος,
1158 1548 1208 1616 Ἑν
1223 1549 1355 1639 όστέροις
1367 1579 1420 1618 και·

287 1665 350 1740 ροῐς
366 1652 580 1736 ἀποστήσονταί
596 1677 674 1729 τινες
691 1659 744 1736 τῆς
758 1655 961 1732 διδασκαλίας,
992 1656 1181 1740 προςέγονιες
1195 1653 1310 1736 μόνοις
1323 1657 1373 1722 καλ
1386 1657 1422 1718 δι·

287 1761 456 1832 δασκαλίαις
470 1754 627 1838 δαιμόνων.
672 1757 733 1820 Καὶ
745 1753 832 1820 πόλιν
846 1752 864 1820 ό
876 1754 961 1840 όίγιος
971 1753 1112 1839 Ἰάκωβος
1124 1759 1214 1843 λέγων
1228 1759 1295 1843 περί
1310 1765 1363 1840 τῆς
1373 1781 1423 1822 τοι·

289 1859 380 1942 αότης
398 1861 583 1934 διδασκαλίας
598 1855 657 1940 ότι,
691 1855 755 1924 Οόκ
772 1860 848 1924 ἐστιν
863 1856 982 1950 όυωδεν
996 1857 1017 1941 ἦ
1029 1857 1106 1942 αότή
1120 1864 1213 1940 σοφία
1227 1859 1422 1946 κατερχομένη,

287 1960 344 2028 ἀλλ’
361 1964 504 2046 ἐπίγειος,
525 1957 654 2052 ψυχικὴ,
677 1958 885 2043 δαιμονιοίδης·
911 1958 933 2043 ἦ
951 1961 983 2027 δέ
999 1959 1118 2028 όνωδεν
1135 1965 1228 2044 σοφία
1243 1968 1364 2048 πρῶτον
1376 1959 1423 2041 μέν

287 2062 361 2150 όγνή
377 2066 469 2141 ἐστιν,
493 2064 591 2128 ἔπειτα
607 2061 753 2148 εἰρηνικὴ,
776 2059 934 2144 εόπειθιὶς,
955 2061 1139 2148 α’διόιιριτος,
1162 2062 1251 2146 μεστὴ
1267 2065 1364 2138 έλέους
1377 2061 1422 2127 καὶ

286 2173 409 2253 καρπῶν
425 2162 564 2251 όγαθοῖν,
586 2165 638 2230 καὶ
652 2163 689 2230 τό
705 2167 787 2247 ἑξῆς,
807 2157 845 2247 ἧς
859 2163 928 2232 οόδέ
944 2161 987 2242 είς
1002 2165 1120 2250 καρπός
1136 2169 1168 2232 έν
1181 2174 1246 2242 τοῖς
1261 2163 1423 2250 προειρημέ-

286 2295 349 2346 νοις
366 2266 535 2352 εόρίσιιεται.
581 2263 658 2350 Παρ’
680 2263 780 2343 αὐτοῖς
795 2266 851 2352 γόρ
868 2263 1079 2348 ἀκαταστασία,
1100 2269 1159 2334 καλ
1177 2273 1238 2334 πᾶν
1255 2266 1422 2352 παράνομον

285 2379 422 2457 πρᾶγμα,
451 2368 601 2453 δαιμόνων
617 2394 647 2434 τε
660 2367 795 2451 κυήματα
811 2371 862 2435 καί
878 2373 1040 2456 συρίγματα
1054 2368 1239 2454 δρακόντων,
1270 2367 1366 2436 ὄλλυτε
1379 2365 1421 2432 όλ·

286 2484 344 2548 λος
358 2475 409 2538 καὶ
423 2470 491 2539 ἄλλο
506 2470 633 2538 έκόστου
646 2468 744 2536 αὐτῶν
757 2477 927 2546 λαλοῦντος·
942 2470 1011 2557 παρ’
1025 2469 1071 2548 οίς
1084 2469 1140 2538 οόκ
1154 2475 1243 2550 ἔλεος,
1262 2470 1318 2538 οόκ
1334 2467 1422 2543 οίιττος

285 2572 460 2660 εὑρίσκεται,
481 2571 552 2640 α’λλό
568 2576 726 2658 διακρίσεις
740 2575 792 2638 καί
806 2575 960 2659 διαφοραί,
981 2575 1032 2640 καί
1045 2571 1180 2658 οόδαμοῦ
1194 2570 1321 2660 ἇγνεῑαι,
1343 2570 1422 2640 οόδα·

286 2685 345 2760 μοῡ
366 2676 482 2764 εἰρήνη,
504 2674 640 2758 οόδαμοῦ
664 2677 834 2742 ’ἐπιείκεια

151 3092 216 3160 Κεφ.
228 3091 273 3154 λζ’.
372 3085 522 3167 Βοόλομαι
537 3087 568 3150 δὲ
584 3083 672 3150 πόλιν
689 3081 921 3170 ἀναγκαζόμενος
936 3081 998 3150 ’όπό
1014 3091 1068 3150 τοῦ
1081 3083 1187 3171 λόγον,
1210 3087 1304 3152 είκαί
1317 3083 1421 3150 παόσα·

285 3198 358 3254 σθαι
372 3185 556 3270 όπεσχόμην,
579 3183 684 3271 όλλγων
696 3193 756 3252 τοῖν
768 3183 838 3270 παρ’
851 3182 952 3262 αὐτοῖς
965 3189 1126 3272 εἰρημένων
1141 3186 1348 3271 μνημονεύσας
1360 3183 1421 3252 dra·

284 3292 399 3376 τρέψαι.
446 3286 491 3354 Οό
507 3287 563 3373 γόρ
581 3295 634 3353 τοῦ
650 3287 725 3354 παισί
741 3290 844 3371 τέχνην
859 3313 908 3371 μοι
922 3286 1012 3374 λόγου
1028 3291 1120 3372 μέλει,
1153 3286 1224 3355 όλλό
1239 3296 1293 3373 τῆς
1310 3297 1368 3356 τῶν
1381 3289 1419 3352 έν-

284 3391 486 3478 τυγχανόντων
508 3388 656 3472 ω’φελείας.
699 3392 830 3476 Λέγουσι
848 3395 947 3456 τοίνυν
967 3390 1014 3457 ότι
1035 3388 1054 3457 ό
1072 3393 1239 3469 δωδέκατος
1253 3391 1340 3458 Αίοίν
1357 3387 1375 3455 ό
1393 3390 1420 3453 ίν

284 3493 458 3580 όστερήματι
472 3491 630 3580 γενόμενος
643 3498 790 3568 παντελῶς
803 3499 858 3559 τοῦ
873 3490 1007 3577 ἀριθμοῦ
1023 3499 1082 3558 τῶν
1096 3491 1211 3560 δόδεκα
1227 3496 1357 3574 ἐξέπεσε,
1376 3489 1419 3556 καί

285 3595 444 3662 όπόλλυται
459 3591 476 3660 ό
491 3593 621 3680 όριθμός
636 3593 654 3660 ό
669 3597 840 3671 δωδέκατος.
889 3601 981 3661 Τοῦτο
996 3597 1029 3660 δέ
1042 3617 1116 3676 φασι
1132 3603 1310 3681 γεγενῆσθαι
1320 3601 1362 3684 τῷ
1374 3590 1420 3657 τόν

281 3697 396 3765 ’ίοόδαν
414 3696 485 3764 όντα
503 3699 670 3763 δωδέκατον
688 3698 919 3776 ἐκπεπτωκέναι,
951 3699 1003 3764 καί
1019 3695 1098 3764 οὕτω
1114 3695 1167 3763 τόν
1185 3699 1351 3764 δωδέκατον
1365 3693 1419 3780 α’ρι·

284 3799 365 3882 θμδν
378 3797 554 3884 ἠφανίσθαι.
597 3797 724 3882 Ὁμοίως
738 3801 771 3866 δέ
781 3802 830 3866 καί
847 3801 914 3885 περί
926 3806 980 3882 τῆς
991 3798 1224 3886 αίμορροοόσης,
1247 3803 1299 3867 καί
1311 3807 1364 3884 τῆς
1373 3794 1420 3880 τόν

284 3906 353 3984 μίαν
372 3899 505 3988 δραχμήν
524 3898 583 3967 όπδ
599 3909 659 3968 τῶν
677 3904 749 3968 δέκα
766 3905 903 3987 δραχμῶν
919 3899 1109 3984 οίπολεσόσης.
1153 3906 1311 3970 Δείιινυεαι
1330 3904 1363 3969 δὲ
1380 3897 1419 3965 ότι

285 4001 351 4068 τότε
365 4001 383 4070 ό
397 4005 562 4079 δωδέκατος
574 4002 660 4069 Αίοδν
675 4004 833 4089 πρόςωπον
845 4002 942 4070 Ἰοόδα
957 4007 1031 4088 ἔχειν
1044 4002 1213 4087 δυνήσεται,
1236 4003 1279 4081 τός
1291 4011 1332 4095 τῷ
1343 4001 1418 4089 ἆγεν

283 4105 360 4195 κοίτην
377 4109 529 4196 Εἰρηναίῳ
546 4111 725 4194 προείρηται.
765 4103 877 4182 ’ίοόδας
892 4107 946 4188 μίν
960 4105 1017 4192 γόρ
1033 4113 1181 4184 παντελῶς
1195 4104 1356 4186 όντόλωλεν,
1385 4097 1420 4165 ιό

284 4211 447 4288 δωδέκατος
458 4208 612 4296 λεγόμενος
625 4206 710 4274 Αλοδν
722 4207 795 4274 κακοί
810 4207 843 4274 τό
859 4205 958 4275 αότοῖν
970 4207 1088 4293 πλόσμα
1103 4205 1159 4275 οόκ
1172 4207 1316 4293 έκενοόδη.
1337 4205 1419 4284 ἘΜ

284 4307 340 4396 γδρ
356 4311 482 4378 ἐντόπιον
497 4309 590 4378 αότοῦ
606 4309 624 4379 ό
639 4310 848 4400 Μεταγωγεός,
870 4307 922 4393 ἢό
937 4307 1107 4396 Ὁροθέτης,
1129 4309 1229 4398 φήσας
1243 4309 1320 4399 πρός
1332 4305 1418 4382 τόνδ’,

333 4447 357 4500 2
374 4447 490 4512 οινόπεος
505 4455 541 4504 ιδ.
554 4456 629 4516 princ.
865 4448 888 4503 δ
906 4447 1014 4505 έπιείκια
1029 4453 1066 4504 ιιλ.
1077 4453 1153 4514 μήτε.
