2986 4996
276 325 314 386 14
661 337 828 390 mmm!
846 335 1025 390 aaronem

272 457 434 536 μωνισνοί,
462 455 700 532 Μενανδριανοί,
732 455 1010 539 ”lammah
1032 457 1262 533 Βασιίειδιιινοί,
1293 461 1424 522 Νικολα-

275 543 349 635 ίται,
381 557 558 634 ἱῦωστικολ,
587 558 620 621 οἱ
631 558 681 622 καί
704 556 913 642 Στρατιατικοί
933 557 983 621 καλ
1007 560 1199 639 Φιβιωνῖται,
1230 560 1309 624 8ὀἱ
1336 555 1424 624 αῦτολ

272 654 406 744 δέίταρά
422 679 476 723 τισι
493 660 727 737 Σεκουνδιαυοὶ,
754 655 836 743 παρά
857 659 890 724 δέ
907 654 1003 733 ῦλλοις
1023 663 1267 744 4οΣατροτῖται,
1289 657 1375 744 παρά
1390 659 1423 726 δέ

274 762 384 846 ἑτέροις
400 766 556 842 Ζακχαῖοι,
584 761 617 825 οἱ
636 757 811 842 καλούμενοι
836 761 888 826 καλ
909 761 1073 826 Κοδδιανοί
1094 762 1145 826 ταί
1167 763 1351 846 Βορβορῖται
1371 762 1423 826 καί

274 869 469 948 Βαρβηλῑται,
485 867 785 946 41Ιίαρτιοιιρατῖται,
802 861 1013 946 Κηρινθιανολ,
1038 863 1117 928 4ὀὶ
1133 863 1186 928 καί
1200 863 1423 948 Μηρινθιακολ,

276 971 463 1049 Ναζωραῖοι,
481 960 664 1045 Ἐβιυναῖοι,
687 959 985 1041 *θοῦαλεττιυιακοὴ
1008 965 1239 1043 Σεκονιιδιανοὶ,
1260 961 1309 1040 οἱς
1333 961 1424 1030 συνά·

273 1091 396 1133 ιττονται
411 1062 622 1147 “Eumenis
634 1065 685 1129 καί
695 1059 852 1149 Ἰσίδωρος,
875 1070 1063 1147 Πτολεμαῖοι.
1099 1062 1148 1130 Ἐν
1164 1065 1196 1130 δέ
1210 1071 1253 1154 τῷ
1271 1069 1363 1154 τρίτῳ
1377 1063 1423 1132 τό·

273 1195 319 1258 μῳ
342 1173 396 1233 τοῦ
415 1163 508 1231 αῦτοῦ
524 1164 647 1251 πράσου
662 1168 779 1246 βιβλίου
796 1166 921 1246 αἱρέσεις
934 1169 1083 1252 δεκατρεῖς
1097 1164 1205 1241 οῦτοις·
1226 1166 1421 1254 Μαρκοόσιοι,

275 1266 491 1354 Κολορβάοιοι,
511 1265 750 1352 Ἡρακλεανῖται,
770 1263 903 1348 Ὀφῖται,
926 1269 1072 1346 Καϊανοὶ,
1094 1270 1255 1351 Σηθιανολ,
1276 1264 1422 1352 ’duom-

272 1373 341 1453 κολ,
364 1369 582 1454 Κερδωυιανοί,
604 1370 887 1453 ηΜαρκιανισταλ,
909 1372 1137 1448 Λουκιανισταί,
1160 1367 1420 1451 46’Λττελλτςΐονολ

273 1473 464 1559 Σευηριανοῦ,
489 1474 634 1535 Τατιανοί.
677 1468 763 1552 Αῦτη
781 1467 802 1552 ἦ
820 1468 1074 1551 άνακεφαλαίιοσις
1091 1478 1146 1536 τοῦ
1164 1470 1287 1557 στράτου
1303 1475 1420 1554 βιβλίου

269 1581 330 1640 τῦν
350 1579 440 1656 τριῶν
461 1571 569 1653 τόμον.
617 1577 676 1637 Τοῦ
694 1572 726 1636 δέ
742 1573 881 1657 δευτέρου
899 1577 1015 1655 βιβλίου
1034 1571 1120 1657 τόμοι
1135 1571 1200 1638 δῦο.
1242 1570 1294 1640 Ἑν
1312 1572 1420 1661 ττράτῳ

270 1677 325 1758 μέν
337 1673 417 1763 νόμῳ
439 1680 493 1738 τοῦ
509 1674 649 1758 δευτέρου
668 1677 800 1756 βιβλίου,
822 1672 948 1764 τετάρτῳ
962 1675 995 1739 δέ
1012 1673 1076 1741 ῦυτι
1097 1673 1171 1740 κατά
1184 1673 1239 1758 τήν
1255 1673 1308 1740 άιά
1331 1672 1421 1761 άρχῆς

271 1777 456 1844 ἀκολουθίαν
467 1781 522 1841 τοῦ
535 1772 683 1862 άριθμοῦ,
706 1778 832 1860 αἱρέσεις
850 1775 997 1844 δεκαοκτοὶ
1015 1775 1124 1852 οὕτως·
1144 1774 1347 1862 Ἐγκροτῖται,
1368 1803 1420 1842 κα-

269 1879 306 1944 τά
337 1884 375 1924 ⁴⁷
387 1875 509 1963 Φρύγας
534 1883 594 1942 τοῖν
623 1878 674 1942 καλ
697 1884 911 1942 Μοντανιστῦν
933 1880 985 1943 καί
1013 1882 1293 1964 Τασκοδρουγιτῦν·
1330 1881 1364 1944 οἱ
1387 1877 1418 1943 δέ

274 1983 524 2065 Τασκοδροαγῖται
538 1979 721 2068 διῃρέθησαν
735 1976 794 2044 άιτό
807 1985 866 2044 τῦν
880 1981 1114 2066 προειρημένων·
1138 1981 1353 2061 Πεαουζιανολ,
1369 1981 1418 2045 καί

272 2082 552 2160 4δίίυὶντιλλιανοὶ,
581 2075 628 2155 οἷς
651 2078 849 2156 συνάπτονται
864 2078 1076 2166 Ἀρτοτυρῐταν
1111 2085 1417 2168 Τεσσαρεςκαιδεκατῖ-

269 2210 334 2264 ται,
365 2185 396 2248 οἱ
416 2180 448 2247 τό
471 2180 575 2264 Πάσχα
596 2186 666 2264 μίαν
686 2178 799 2266 ἡμέραν
818 2189 872 2248 τοῦ
887 2185 972 2260 έτους
991 2190 1158 2260 ποιοῦντες·
1178 2181 1318 2269 moyn„
1340 2186 1372 2248 οἱ
1385 2179 1416 2248 τό

269 2282 435 2371 εῦαμμέλιον
451 2281 591 2348 ’ίαάννου
609 2285 660 2348 καί
683 2281 737 2366 τὴν
750 2282 955 2365 Ἀκοκάλυψιυ
975 2283 1016 2367 μή
1040 2282 1205 2368 δεχόμενοι·
1232 2280 1416 2368 Ἆδαμιαυολ,

269 2394 436 2470 Σαμψαῑοι,
454 2388 486 2450 οἱ
497 2387 548 2450 καλ
561 2381 730 2466 Ἑλκεοαῖοι,
750 2388 950 2466 Θεοδοτιανολ,
964 2388 1232 2468 Μελχισεδεκιανοὶ,
1249 2391 1416 2473 Βαρδηοια-

267 2490 377 2568 νισταί,
401 2488 580 2570 Νοητιανοί,
612 2485 791 2570 Ουἀλήσιοι,
822 2491 978 2574 Καθαροί,
1007 2486 1181 2574 Ἀργείοισί,
1201 2485 1415 2565 Ἀποστολικοί,

270 2594 302 2656 οἱ
312 2592 363 2656 καί
380 2587 597 2667 Ἀποτακτικοί,
619 2584 664 2664 οίς
682 2587 874 2654 συνάπτονται
890 2594 921 2655 οἱ
934 2589 1109 2673 καλοῦμενοι
1123 2589 1332 2676 Σακκοφόρον·
1354 2596 1412 2653 Σα·

267 2692 422 2776 βελλιανοὶ,
444 2687 647 2776 Ὼριγενιανοὶ,
669 2693 700 2755 οἱ
714 2692 908 2774 αἱσχροιτοιολ,
927 2687 1132 2777 Ὦριγενιανοὶ,
1154 2694 1186 2758 οἱ
1201 2700 1255 2758 τοῦ
1271 2690 1413 2776 Ἀδαμαν-

267 2798 340 2860 τίον.
383 2789 431 2857 Ἐν
444 2791 477 2856 δέ
491 2798 532 2878 τῳ
549 2793 674 2880 δευτέρῳ
691 2789 772 2882 τόμῳ
790 2798 843 2857 τοῦ
864 2790 956 2858 αὐτοῦ
977 2795 1115 2878 δευτέρου
1136 2798 1269 2876 βιβλίου,
1292 2795 1414 2880 ιτέμιττῳ

267 2921 298 2960 τε
314 2893 376 2960 ῦντι
398 2891 518 2958 49κατά
537 2889 590 2958 τόν
606 2890 738 2978 άριθμόν
754 2891 807 2958 τόν
820 2895 1048 2979 προειρημένον,
1064 2896 1189 2979 αἱρέσεις
1204 2896 1290 2960 πέντε
1304 2893 1412 2969 οῦτας·

270 2995 438 3062 ῡθΠαῦλου
455 3002 508 3061 τοῦ
526 2996 736 3078 Σαμοσατέας,
759 3002 939 3078 Μανιχαῖοι,
962 2999 994 3062 οἱ
1006 2998 1057 3062 καί
1073 2993 1275 3076 Ἀκουανῖται,
1295 2994 1411 3081 ‘Ineunt-

267 3124 330 3178 ται,
351 3099 550 3179 Μελητιανοὶ,
581 3103 686 3162 διτοῖν
709 3099 740 3162 έν
763 3103 799 3186 τῇ
819 3095 963 3184 Αἰγύπτῳ
985 3102 1104 3179 σχίσμα,
1133 3095 1284 3184 Ἀρειανοί.
1327 3093 1412 3177 Αῦτη

266 3196 352 3281 καλή
369 3206 422 3264 τοῦ
439 3200 576 3283 δευτέρου
591 3201 707 3280 βιβλίου
723 3205 784 3262 νῦν
799 3197 899 3279 τόμαν
915 3195 1177 3279 άνακεφαλαίασις.
1217 3198 1344 3282 Ὁμοίως
1361 3197 1411 3262 καί

267 3303 299 3367 έν
316 3307 356 3388 τῷ
376 3304 463 3390 τρίτῳ
483 3304 586 3388 βιβλίῳ
603 3302 658 3365 είσλ
679 3298 765 3381 τόμοι
779 3298 848 3365 δάο·
879 3303 911 3366 έν
929 3301 982 3384 μέν
1003 3307 1045 3388 τῷ
1062 3299 1169 3392 κρότῳ
1187 3300 1268 3390 τόμῳ
1285 3308 1339 3366 τοῦ
1354 3301 1412 3383 τρί·

266 3429 321 3468 τον
339 3406 471 3486 βιβλίου,
501 3404 586 3466 έκτου
607 3403 639 3466 δέ
657 3400 752 3484 τόμου
775 3399 845 3467 καθ’
863 3401 898 3466 δν
919 3399 1051 3485 άριθμόν
1073 3409 1312 3487 ωιιροείιτομεν,
1334 3399 1409 3484 αἱρέ-

266 3525 327 3581 σεις
342 3501 415 3568 έιιτά
438 3502 592 3580 ὕὀὔτας’
619 3501 780 3583 Αῦδιανοί,
802 3508 906 3585 σχίσμα
923 3501 1019 3583 ὅντες,
1044 3507 1253 3584 Φωτεινιανοὶ,
1275 3508 1408 3586 Mam·

265 3607 371 3685 λιανολ,
392 3603 569 3689 Ἡμιάρειοι,
592 3603 853 3688 Πνευμακομάχοι,
876 3608 908 3670 οἱ
921 3603 954 3670 τό
974 3613 1092 3688 πνεῦμα
1108 3613 1163 3671 τοῦ
1182 3613 1259 3671 θεοῦ
1278 3603 1310 3671 τά
1327 3603 1410 3689 ῦγιον

265 3712 519 3791 βλασφημοῦντες,
544 3703 702 3790 Ἀεριανοὶ,
726 3705 927 3786 numni,
955 3703 1015 3772 άιτό
1034 3705 1145 3774 Ἀετὶου
1167 3715 1221 3773 τοῦ
1243 3705 1407 3789 Ἀνομοίου,

267 3801 292 3897 ᾧ
306 3807 449 3891 συνήφθη
468 3805 628 3890 Εάνόμιος,
651 3805 734 3873 όκαλ
745 3805 907 3890 Ἀνόμοιος
947 3804 997 3872 Ἐν
1013 3809 1045 3874 δέ
1058 3816 1100 3897 τῷ
1116 3810 1242 3897 δευτέρῳ
1261 3807 1341 3896 τόμῳ
1354 3809 1407 3869 τοῦ

266 3906 359 3975 αάτοῦ
371 3915 469 3995 τρίτου
487 3913 613 3992 βιβλίου,
635 3907 752 3997 ἑβδόμῳ
767 3909 799 3974 δέ
812 3909 892 3998 τόμῳ
909 3907 983 3988 όντι,
1004 3906 1075 3975 καθ’
1092 3909 1131 3993 ἣν
1147 3914 1269 3992 είιτομευ
1284 3917 1345 3976 σῦν
1361 3901 1406 3970 τό·

141 4075 146 4084 .
266 4037 330 4096 μων
344 4019 397 4078 τοῦ
412 4009 545 4098 άριθμοῦ
558 4013 708 4096 διαίρεσιν,
724 4009 758 4086 ῦς
772 4013 831 4075 ἔστι
848 4009 939 4093 τόμος
952 4013 1079 4094 έβδομος
1093 4014 1145 4078 καί
1158 4013 1239 4088 τέλος
1252 4019 1306 4095 τῆς
1320 4033 1408 4094 πραγ-

265 4117 398 4198 ματείας,
426 4116 549 4201 αἱρέσεις
568 4114 704 4199 τέσσαρες
723 4110 861 4178 Μοῦττο·
893 4121 1077 4199 Διμοιρῖται,
1108 4116 1141 4180 οἱ
1165 4113 1206 4198 μή
1225 4117 1333 4180 τελείαν
1353 4105 1407 4190 τήν

298 4317 340 4371 38.
358 4317 557 4386 Σαρτοριιλιαιοὶ
568 4321 618 4370 m
627 4321 724 4384 θλιδλρ.
750 4323 821 4370 Etim
887 4314 928 4369 40.
950 4323 1022 4370 Verba
1036 4319 1102 4373 Σωκ
1118 4326 1200 4374 ατῐται
1218 4319 1282 4386 (σαί.
1301 4317 1406 4378 Σωκρο·

264 4392 336 4439 αλονε
347 4403 436 4451 supro„
853 4388 953 4454 τεῖται).
971 4385 1039 4452 παρὰ
1053 4385 1083 4441 δέ
1097 4337 1200 4453 έτέροις,
1212 4402 1272 4451 qm
1284 4387 1353 4446 ναλρο
1366 4381 1405 4460 qb·

296 4454 337 4509 39.
356 4459 397 4506 Sic
411 4457 464 4508 οοδ.
477 4458 549 4507 Υιιιεί.
575 4458 647 4520 Vulva
659 4461 722 4507 τσίολ
736 4455 759 4509 οἱ
774 4449 819 4509 αῦ-
852 4460 919 4517 sunt,
935 4458 1029 4517 τιμοτιιι·
1045 4471 1074 4506 ιτ
1090 4461 1227 4506 onomate
1243 4456 1294 4505 οοδ.
1308 4453 1389 4502 Vm&-

264 4522 317 4588 τοὶ,
335 4520 402 4589 παρὰ
419 4521 449 4578 οἱ
465 4537 523 4574 τισι
885 4520 926 4574 λλ.
944 4519 988 4575 καὶ
1001 4521 1204 4590 Καρπικρατλται
1220 4525 1271 4576 ινδ.
1286 4523 1339 4570 Vm.
