3006 4990
347 289 482 340 renutu
499 289 563 342 ortt.
575 291 593 340 Ι.
613 287 694 340 ΤΟΜ.
711 287 744 340 11.
761 287 859 340 HAER.
874 287 971 340 XXW.
1168 275 1224 337 151

80 408 110 470 nd
130 417 242 492 petrem
261 425 344 470 snum
366 427 507 471 novemus
521 417 579 472 eet.
625 405 683 470 iiie
705 406 782 470 eninr
801 417 846 470 est
869 406 959 490 petris
981 404 1031 469 iiie
1050 425 1226 470 commemo-

79 507 355 585 messenides,
386 509 433 594 qni
457 511 492 573 ed
514 529 600 593 opem
615 509 741 572 humone
762 511 866 591 generi
889 509 1035 571 terendum
1060 507 1224 571 submissus

78 622 134 686 eet,
160 621 282 694 propter
298 631 362 674 corn
380 631 464 694 qinom
482 611 563 674 iuter
575 612 707 674 hominen
724 611 845 695 perinde
866 621 952 694 etque
968 609 1089 691 nugetur
1108 621 1223 694 pertur-

78 711 219 774 bodonem
234 711 371 776 eoelestis
387 725 470 797 peter
482 713 741 776 ouimedvertoret.
786 711 885 795 Atque
899 712 989 790 idem,
1014 713 1118 796 inquit,
1142 713 1222 774 seins

77 825 117 876 est
135 823 257 888 nosue,
281 813 329 896 qui
346 813 376 878 in
391 813 527 878 mendum
543 815 641 892 veuit,
665 814 794 897 solisque
811 811 895 878 nobie
912 813 986 876 hene
1004 813 1048 876 rei
1068 813 1222 876 veritatem

78 915 200 998 apernit.
245 913 339 980 Teios
359 925 428 980 sent
448 937 465 980 ι
484 915 629 980 neiniooe
644 916 702 980 isto
717 915 938 978 consarcinatae
959 914 1085 978 inbuite.
1132 913 1224 978 Dein·

78 1035 141 1099 ceps
162 1035 236 1078 vero
253 1037 441 1100 progressum
463 1018 510 1081 ἰΙΙι
530 1017 698 1103 impuritate
717 1017 866 1100 cupiente,
890 1015 973 1080 cuius
993 1025 1098 1080 unctor
1116 1013 1220 1080 Simon

79 1117 143 1196 tuit,
178 1117 287 1181 nullum
314 1139 371 1182 non
399 1119 550 1202 pravitatis
575 1119 873 1212 libidinisque'genus
891 1117 1055 1180 obeundum
1074 1118 1221 1200 discipulis

77 1219 230 1302 permittit,
252 1219 440 1304 viroremque
463 1241 498 1284 oc
514 1222 667 1286 mulierum
689 1219 872 1306 promiscuos
894 1219 1066 1284 concubitus
1083 1229 1113 1280 ct
1128 1220 1221 1282 sceie-

76 1331 201 1384 retorcm
220 1321 387 1406 dogmmnm
402 1323 569 1405 congeriem
586 1322 781 1386 sectatoribus
805 1322 867 1386 suis
890 1321 1035 1406 proponit.
1083 1318 1169 1403 Quod
1193 1333 1223 1384 ct

74 1421 106 1482 ei
120 1422 255 1506 spostoio
277 1435 406 1488 notatum
425 1435 488 1500 cut,
518 1445 582 1488 cum
601 1423 660 1502 ιίι,
693 1428 728 1486 In
749 1427 794 1486 die
814 1435 845 1486 et
864 1427 964 1485 turen
988 1425 1126 1485 unitum
1147 1427 1219 1484 dom
1234 1433 1298 1480 neu.
1307 1437 1327 1482 ι.
1341 1437 1371 1480 ru.

111 1527 117 1540 '
194 1527 255 1586 ton·
265 1547 300 1586 oe
315 1531 419 1588 eiusdem
437 1529 568 1588 tsedrm'um
584 1529 613 1587 rit
628 1547 676 1588 eos
692 1531 744 1607 peu·
754 1531 896 1588 uem'totenr
913 1531 942 1586 e’n
959 1529 1068 1586 iustitia
1083 1529 1216 1586 monent.
1457 1513 1460 1522 ’

74 1621 144 1687 Nem
165 1625 205 1688 ob
219 1645 269 1689 ms
287 1626 453 1710 uoluptates
470 1627 599 1710 plerique
622 1628 659 1692 nd
675 1627 809 1692 haeresin
828 1627 1011 1704 desciscunt,
1043 1626 1091 1688 ubi
1114 1626 1222 1690 foedis·

73 1727 148 1789 simis
171 1726 290 1811 flagitiis
309 1729 427 1812 impunc
447 1727 596 1792 libidinem
616 1749 700 1792 suem
721 1730 843 1814 expiere
865 1729 989 1814 possint.

152 1927 322 2012 Quinctium
350 1933 409 1996 edio
430 1933 605 1996 documento
630 1953 686 1996 eno
707 1943 884 1997 sectntornm
910 1933 1024 1996 animos
1046 1935 1216 2017 corrumpit.
1238 1938 1296 2006 cop.
1313 1939 1354 1990 W.

72 2033 121 2095 Ait
135 2033 215 2096 eninr
234 2034 405 2119 martyrium
420 2035 501 2098 obire
518 2055 699 2118 nequaquem
714 2045 863 2119 oportere.
910 2033 968 2117 Qui
986 2035 1062 2098 eninr
1079 2033 1107 2096 id
1132 2035 1219 2096 teniat

73 2137 205 2198 mercede
221 2136 399 2213 cariturum,
422 2155 488 2199 enm
505 2136 534 2200 in
551 2137 615 2200 eius
628 2137 676 2220 qui
692 2137 836 2200 hominem
854 2135 982 2200 condidit
1001 2135 1125 2220 gratiore
1142 2135 1218 2198 istud

72 2237 227 2320 suscipiet,
252 2246 395 2300 ettennon
413 2237 449 2300 nd
470 2234 620 2301 Simonem
645 2238 694 2321 qui
712 2259 873 2323 suspensus
894 2239 923 2300 in
943 2257 1030 2301 eruce
1051 2237 1091 2301 nit
1108 2247 1218 2324 marty-

72 2337 140 2400 n'nm
160 2341 323 2402 referetur.
354 2337 473 2402 Etenim
491 2341 632 2402 undenum
652 2340 680 2402 ei
697 2343 854 2424 proemium
871 2339 1084 2423 expectendum
1100 2337 1149 2422 qui
1164 2360 1218 2422 pro

71 2435 192 2504 Simone
208 2441 351 2504 crucifixo
366 2453 489 2504 mortem
504 2452 645 2526 oppetens
664 2440 692 2503 id
711 2441 804 2526 ipsum
823 2463 855 2506 se
869 2439 978 2506 Christi
994 2461 1100 2504 cnosso
1120 2441 1217 2502 iecere

69 2541 235 2623 profitetur,
259 2542 419 2627 etquidem
438 2543 627 2628 imprudens?
662 2541 738 2608 Nem
757 2563 809 2626 pre
827 2564 864 2604 eo
881 2562 966 2626 quern
993 2544 1108 2626 ignoret
1130 2543 1217 2604 morti
1354 2589 1365 2612 .

67 2663 133 2706 sese
152 2641 318 2707 committit.
363 2641 504 2708 Sufficerc
524 2663 599 2728 ergo
622 2643 707 2710 nubis
730 2645 804 2708 ietud
822 2644 924 2722 debet,
948 2663 1043 2728 neque
1062 2642 1089 2708 si
1107 2643 1216 2707 detenti

69 2743 208 2808 fuerimus
230 2745 334 2809 mortis
356 2765 449 2830 poene
472 2746 633 2810 subeunde.

151 2843 314 2910 Enimuero
340 2847 510 2911 diabolicum
534 2849 676 2931 quendem
697 2847 755 2912 vim
781 2849 816 2910 ed
839 2847 1000 2910 animarum
1025 2847 1104 2910 iilum
1133 2845 1215 2908 inre-
1236 2855 1296 2923 cop.
1312 2857 1342 2906 v.

65 2945 149 3012 nisse
175 2949 335 3033 perniciem
361 2947 444 3013 incide
473 2949 741 3033 deprehendemus,
774 2949 875 3033 utqui
901 2950 984 3012 deum
1011 2948 1128 3012 einrnrc
1150 2947 1215 3010 illos
1286 3009 1288 3014 .

65 3049 204 3128 edocent,
228 3049 461 3134 quondoquidem
477 3051 611 3114 dominns
628 3052 690 3135 ipse
711 3051 797 3114 rictu
829 3053 887 3129 Qui
899 3055 1047 3131 negnocre‘t
1061 3071 1105 3112 me
1118 3069 1212 3112 eurum
1233 3057 1315 3151 {¹3⁸3}

65 3151 233 3226 muns,
255 3154 474 3232 uegadoetegn
488 3173 549 3214 mnu
568 3173 662 3214 rernm
675 3163 760 3233 petre
775 3157 898 3234 mcopm'
911 3157 941 3214 in
956 3155 1042 3214 rocd's
1059 3163 1112 3213 ert.
1159 3151 1214 3214 Αι-
1264 3141 1270 3163 ’
1310 3141 1315 3152 ’

64 3253 138 3315 enim
155 3264 311 3317 vereretur
326 3253 464 3337 ioqnitnr.
494 3251 573 3332 Nos,
589 3254 694 3338 iuquit,
714 3253 846 3318 homines
860 3273 973 3332 sumus,
988 3253 1097 3316 coeteri
1112 3273 1214 3316 omnes

66 3353 132 3418 nihii
150 3355 230 3419 eliud
248 3375 334 3439 quem
354 3375 423 3419 sues
441 3365 472 3418 ct
486 3375 586 3420 cenes.
624 3353 751 3440 ideoque
768 3354 907 3440 scriptum
924 3365 986 3418 este
1009 3359 1106 3416 Nolite
1122 3360 1215 3416 meere
1228 3361 1365 3416 Muti-m

65 3461 237 3536 ιιι-Μαι
259 3469 326 3519 oute
341 3479 461 3538 proce,
491 3479 579 3539 neque
595 3462 665 3520 dm
686 3469 813 3520 enectum
832 3459 959 3518 motitur.
1005 3453 1155 3540 Siquidem
1178 3458 1213 3519 dc

64 3579 113 3622 ιιι
129 3559 319 3644 improbitate
342 3558 419 3623 cedet
443 3559 562 3645 eosqui
586 3560 750 3644 sepientine
771 3557 902 3622 nonniirii
928 3557 1053 3635 hebent,
1086 3577 1122 3621 eo
1143 3577 1214 3620 sune

64 3661 206 3724 duntaxat
221 3660 342 3724 scholae
360 3670 391 3724 ct
409 3660 615 3724 circumventis
631 3681 648 3722 ι
667 3681 700 3724 ee
716 3659 879 3724 hominibus
898 3660 1032 3743 exponit.
1068 3655 1214 3741 Quoniam

62 3781 167 3826 renero
183 3781 259 3846 quoe
276 3761 313 3824 od
331 3762 388 3826 iidie
405 3763 540 3828 dicuntur
556 3773 587 3826 et
603 3763 691 3840 dunt,
715 3773 800 3847 turpe
822 3773 868 3824 est
889 3761 977 3824 etiem
1000 3761 1109 3844 eloqui.
1154 3755 1213 3841 lgi—
1227 3769 1284 3826 epu.
1298 3771 1318 3828 ⁵.
1329 3769 1366 3848 ¹¹¹·

63 3872 108 3924 tur
122 3883 225 3926 eorem
250 3861 417 3927 hominibus
438 3864 629 3948 prodteodnm
649 3883 715 3928 etse
735 3864 888 3928 veritatem
906 3863 1002 3926 docet.
1047 3859 1114 3924 Nos
1136 3863 1212 3923 eninr

61 3963 195 4030 homines
215 3983 335 4044 eumue,
360 3965 571 4029 sesterionem
590 3984 907 4048 cenumqnenumero‚
931 3965 974 4028 nti
990 3962 1128 4026 diximus.
1175 3959 1215 4024 iit

61 4065 127 4128 iiind
144 4067 303 4146 admonet,
327 4065 410 4130 etde
433 4077 515 4152 petre
532 4068 676 4132 dnntnxnt
699 4087 867 4150 ereenoqne
891 4087 945 4130 eno
970 4065 1077 4128 nemini
1102 4063 1199 4146 signifi

59 4181 143 4246 cent,
167 4169 221 4232 scd
241 4169 358 4232 teritum
376 4171 450 4252 opud
475 4189 509 4232 se
532 4169 695 4245 retineant,
721 4180 772 4232 eut
795 4168 844 4232 uui
866 4169 969 4232 saitem
992 4189 1009 4230 e
1031 4166 1155 4230 millibus
1179 4185 1214 4228 ec

57 4355 93 4403 tie.
109 4357 505 4417 emancipandum.
572 4317 580 4326 -
687 4354 711 4404 2.
729 4353 764 4422 τῇ
788 4353 877 4408 ἐαυτοῦ
899 4357 951 4406 eod.
970 4357 1042 4404 Vetto.
1077 4353 1110 4419 τῇ
1135 4346 1213 4406 αὐτοῦ

64 4421 151 4502 ι(ξιι.
170 4422 200 4473 ι’.
220 4449 252 4460 -
288 4427 309 4473 ι.
327 4415 528 4474 rmem'ottn
542 4422 620 4490 φησιν
655 4425 800 4502 ιιι-Ριιιυ.
826 4416 942 4487 ιίαὖιιῡ
960 4423 1146 4484 :contremet
1159 4421 1213 4470 edit.

59 4504 69 4538 ι
87 4505 131 4556 ιγ.
655 4505 730 4548 mor.
