2986 4996
315 293 447 344 riulan
465 293 542 344 ans.
560 291 727 344 usunnses
745 293 806 344 urs.
824 295 841 343 r.
860 293 940 345 rou.
955 293 974 344 r.
1176 281 1214 342 5³

243 463 415 538 Relulatio
442 463 650 561 superiorum
675 471 816 560 quatuor
841 464 1037 540 haeresium.

155 611 241 677 Nune
268 625 298 676 nt
320 614 478 678 lectoribus
500 615 642 678 brevitate
664 615 867 692 eonsulamus,
901 625 1026 700 quatuor
1046 613 1131 678 simul
1159 613 1212 676 lrae
1232 629 1291 695 cip.
1311 630 1329 678 t.

78 727 170 778 sectae
190 715 323 780 oratione
344 727 446 780 uestra
468 717 644 780 refellendae
666 727 744 780 sunt.
790 716 837 779 Ab
865 716 909 780 bis
936 717 1012 780 enim
1035 715 1211 801 primordiis,

78 817 118 878 rel
138 827 205 880 ante
228 818 301 880 baec
323 819 426 896 etiam,
455 827 489 880 ut
509 817 592 881 initio
614 818 758 895 diximus,
782 825 901 902 poetae,
926 817 1073 896 historici,
1096 817 1214 899 reliqui-

76 938 126 1000 que
145 920 323 1004 seriptores,
346 920 524 998 astronomi,
546 921 655 984 coeteri
677 921 801 1005 deniqne
822 921 933 984 erroris
950 921 1076 984 artifices
1097 941 1131 982 ac
1154 941 1213 982 ma-

75 1020 163 1101 gistri,
188 1022 236 1106 qui
255 1022 291 1085 ad
308 1031 450 1084 sexcenta
468 1040 563 1084 rerum
581 1022 735 1085 statuenda
754 1021 895 1112 principiax
912 1022 1110 1106 pessimisque
1129 1041 1214 1084 caus-

76 1143 117 1185 sas
137 1123 279 1206 impulere
300 1122 464 1187 mortalium
485 1121 617 1201 animos,
651 1123 850 1187 communibus
870 1122 987 1205 generis
1009 1121 1126 1185 bomani
1147 1144 1215 1185 sen-

74 1224 146 1288 sibus
168 1225 360 1288 densissimas
384 1224 521 1288 tenebras
546 1223 721 1288 offuderunt.
765 1223 864 1309 Atque
891 1223 937 1286 bie
964 1224 1078 1286 demum
1104 1222 1214 1308 primus

76 1345 152 1388 error
166 1327 284 1404 extitit,
314 1327 457 1391 idolorum
475 1326 642 1408 excogitate
657 1325 844 1411 superstitio,
875 1323 1036 1408 iulelixque
1057 1325 1104 1388 ills
1128 1324 1214 1386 disci·

75 1427 154 1508 plina.
202 1425 296 1491 Erant
316 1438 377 1491 tum
402 1426 474 1490 duas
498 1427 527 1490 in
546 1426 689 1490 lectiones
707 1427 845 1491 universa
864 1413 1042 1506 distributo,'
1064 1427 1213 1510 gentilium

74 1549 102 1590 ae
123 1526 311 1592 ludaeorum.
356 1527 466 1594 Verum
488 1526 606 1593 ludrica
630 1538 710 1592 secta
733 1549 911 1613 nequaquem
938 1528 1021 1593 initio
1042 1528 1213 1606 vocabatur,

72 1631 117 1692 sed
134 1628 228 1694 lsrael
245 1631 360 1694 divinae
375 1631 439 1694 boio
456 1630 590 1716 religioni
607 1641 832 1714 cognomentum
849 1640 931 1707 erat,
963 1630 1056 1693 donec
1073 1651 1214 1714 generum

73 1743 113 1795 est
135 1745 296 1818 propagata
317 1733 478 1796 successio.
522 1730 639 1795 Etenim
657 1731 814 1810 Naasson,
844 1731 891 1815 qui
913 1731 1005 1796 tribus
1026 1729 1114 1796 ludue
1137 1731 1216 1816 priu-

72 1855 134 1918 ceps
147 1835 181 1898 in
196 1836 312 1898 deserto
327 1833 501 1897 constitutus
515 1845 578 1911 est,
598 1830 719 1898 Salmon
733 1833 850 1916 genuit,
875 1829 994 1897 Salmon
1011 1830 1110 1912 boos,
1133 1831 1215 1896 Boos

73 1932 170 2014 beet,
199 1933 283 2001 Obed
300 1933 400 2014 lesse,
431 1955 496 1998 eum
516 1935 563 2018 qui
580 1935 717 2019 religiose
737 1935 820 1998 deum
837 1934 969 1998 colerent
986 1933 1079 1998 adbuc
1097 1931 1215 1998 lsraeli·

72 2049 113 2100 tae
127 2040 310 2102 dicerentur.
355 2036 469 2101 Deinde
488 2033 569 2100 lesse
586 2033 728 2100 Davidem
749 2034 866 2120 genuit,
898 2037 946 2120 qui
968 2036 1076 2122 primus
1099 2056 1116 2098 e
1139 2035 1214 2098 tribu

72 2136 156 2202 ludae
184 2161 304 2222 reguum
326 2137 462 2202 obtinuit.
507 2134 601 2202 Cuius
622 2138 657 2201 nb
679 2137 769 2222 stirpe
788 2137 924 2222 deinceps
943 2148 1081 2223 perpetua
1097 2157 1201 2201 succes

71 2243 148 2304 sione
172 2262 260 2325 reges
279 2241 401 2325 imperio
422 2239 503 2325 potiti
524 2249 601 2303 sunt.
647 2237 705 2303 Sed
723 2251 791 2300 unte
807 2235 950 2303 Davidem
969 2241 1078 2325 primus
1097 2237 1215 2302 lsracli-

71 2343 152 2406 tieum
174 2364 296 2426 regnum
311 2339 418 2405 Saulus
436 2352 569 2404 terruerat
585 2361 601 2402 e
617 2337 783 2403 Beniamiui
802 2339 895 2419 tribu,
925 2337 1015 2404 Celso
1036 2351 1116 2425 patre
1133 2341 1215 2424 geni·

70 2457 122 2508 tus.
169 2443 239 2508 Nee
258 2444 286 2506 ei
301 2454 397 2506 tarsen
416 2443 489 2506 lilius
505 2442 649 2506 successit
664 2442 716 2505 sed
731 2444 767 2505 ad
781 2442 887 2505 tribum
904 2439 992 2506 ludae
1007 2463 1058 2527 per·
1073 2440 1215 2505 Davidem

68 2547 219 2632 imperinm
242 2545 413 2608 translatum
430 2554 486 2608 est.
531 2542 622 2628 lgitur
635 2541 759 2608 Iacobus
778 2545 935 2608 liberorum
951 2543 1072 2627 primum
1088 2543 1215 2606 omnium

68 2647 222 2712 llnbeuum
248 2647 385 2732 suscipit,
417 2646 520 2708 deinde
542 2643 727 2725 Simeonem,
758 2647 873 2709 tertium
891 2641 986 2722 Levi,
1017 2654 1149 2728 quartum
1170 2641 1218 2706 lu·

68 2752 149 2831 darn,
175 2771 266 2834 aquo
284 2746 383 2812 ludaei
402 2747 597 2831 cognominati
615 2757 700 2826 sunt,
723 2747 760 2810 ob
776 2745 864 2810 ludue
881 2747 1002 2826 tribum,
1026 2746 1074 2829 qui
1092 2767 1132 2810 ex
1149 2744 1218 2807 reli·

68 2853 216 2934 giosorum
234 2850 381 2914 bominum
397 2837 507 2934 ‘genere
524 2851 685 2934 prodierat,
709 2851 744 2912 od
761 2869 824 2913 eam
842 2848 1064 2933 appellationem
1082 2849 1215 2910 traducti.

68 2951 218 3038 Siquidem
237 2949 391 3016 israelitae
408 2950 548 3037 principio
567 2951 663 3016 voocti
684 2963 752 3014 sunt
773 2952 821 3035 qui
841 2947 942 3014 ludaei
961 2950 1047 3013 modo
1069 2949 1215 3013 dicuntur.

154 3053 201 3118 at
224 3053 281 3117 boc
304 3073 394 3137 usque
417 3064 529 3138 tempus
550 3065 674 3134 quatuor
694 3051 724 3114 in
747 3053 834 3116 terris
855 3052 1001 3116 bominum
1021 3071 1130 3136 genero
1151 3071 1217 3136 per·
1236 3063 1295 3131 cip.
1313 3063 1343 3113 rt.

66 3157 152 3220 ducta
176 3167 263 3232 snut,
298 3176 418 3239 quorum
442 3155 664 3237 unumquodque
687 3175 741 3218 suo
763 3165 893 3239 tempore
913 3154 1068 3238 separatim
1096 3152 1216 3230 coaluit,

67 3261 99 3322 ad
123 3281 191 3322 eam
216 3266 342 3320 aetatem
370 3267 400 3320 et
426 3257 502 3320 ultra
529 3277 613 3339 quom
639 3257 771 3340 proxime
793 3255 1033 3338 significavimus.
1076 3251 1155 3318 Nam
1182 3255 1218 3317 ab

67 3363 182 3425 tlalamo
198 3361 235 3424 ad
249 3357 398 3423 Noemum
414 3355 619 3422 barbarismus
634 3357 768 3421 obtinuit.
805 3355 965 3421 tNoemo
981 3356 1016 3420 ad
1036 3359 1125 3420 turris
1139 3357 1219 3420 oedi-

68 3463 232 3528 tentionem
256 3471 285 3524 et
309 3457 434 3523 Serucbi
459 3469 608 3544 tempore,
642 3461 689 3544 qui
713 3459 798 3523 tertia
824 3470 888 3544 post
912 3459 989 3522 illam
1012 3468 1109 3522 aetste
1129 3457 1216 3533 vixit,

67 3563 210 3650 Scythica
228 3559 412 3646 superstitio.
457 3559 486 3622 Α
503 3563 591 3624 turris
607 3559 793 3624 extructione
812 3571 842 3624 ct
858 3557 1009 3638 Serucbo,
1040 3581 1096 3624 nec
1114 3580 1171 3622 nou
1189 3567 1220 3620 et

67 3669 199 3744 Aramo,
222 3667 259 3726 ad
276 3661 472 3741 Abrosmum,
495 3663 611 3745 gentilis
625 3673 704 3726 secta
720 3661 822 3746 tigerit.
865 3660 913 3725 Ab
929 3660 1079 3726 Abraamo
1095 3660 1218 3744 denique

67 3781 94 3830 et
115 3770 185 3831 eins
210 3765 338 3852 posteris
357 3765 474 3827 sincera
498 3763 602 3850 religio
625 3763 747 3849 prodiit,
779 3783 853 3846 quae
871 3763 907 3826 ab
926 3763 1051 3848 ipsomet
1068 3762 1218 3826 Abraamo

68 3881 174 3954 coepta
190 3887 244 3952 per
261 3866 325 3929 eius
341 3867 461 3950 stirpem
477 3877 523 3928 est
538 3865 726 3941 transmissa,
754 3861 901 3946 tutaeque
916 3863 1081 3949 cumprimis
1100 3863 1218 3940 tribum,

67 3973 142 4035 unde
170 3968 333 4032 Iudaismus
357 3964 607 4052 nomen‘aecepit.
651 3963 737 4048 Quod
761 3965 876 4049 quidem
899 3985 917 4027 a
940 3985 987 4028 me
1005 3985 1075 4028 vere
1092 3984 1160 4027 esse
1177 3963 1220 4026 di·

66 4085 143 4136 etnm
162 4069 257 4134 divini
274 4069 508 4152 sanctissimique
523 4066 644 4153 apostoli
659 4063 742 4129 Pauli
759 4065 926 4130 testimonio
941 4075 1072 4143 constet,
1096 4087 1161 4128 cum
1177 4065 1218 4127 ita

66 4175 216 4260 disputate
240 4175 275 4233 Iu
294 4175 407 4232 Cbrrbto
419 4175 484 4232 lesu
499 4193 587 4251 neque
603 4170 757 4243 barbarus,
781 4189 871 4250 rreqroe
884 4169 1004 4247 Scytha,
1026 4189 1114 4248 neque
1131 4171 1218 4229 Grae·
1232 4175 1319 4271 cptpps

65 4297 131 4350 ees,
168 4295 259 4356 peque
282 4275 404 4334 Iudaeus
425 4283 483 4345 ert,
515 4275 565 4333 sed
584 4292 655 4332 acco
678 4281 821 4332 creatura.
868 4266 1109 4353 Quandoquidem
1132 4268 1219 4331 etiem
1258 4260 1265 4285 ¹
1301 4259 1308 4270 '

65 4377 172 4456 initio,
205 4396 271 4438 oum
291 4375 413 4461 primum
429 4383 562 4437 ereatura
579 4371 694 4435 condita
713 4382 774 4451 est,
806 4393 884 4436 nova
900 4369 993 4434 adbuc
1007 4370 1141 4434 existens
1158 4369 1222 4432 nul·

66 4479 123 4542 lum
150 4477 301 4564 peculiare
323 4497 356 4539 an
382 4475 546 4540 distinctum
573 4494 677 4538 nomen
701 4473 812 4537 babuit.
857 4468 913 4534 llis
935 4481 1131 4536 consentanea
1155 4481 1222 4533 snut
