3008 4996
246 267 306 328 246
667 281 786 333 ειειατι
802 281 969 334 amma

248 397 291 469 είς
311 391 403 460 κῦοδν
419 386 495 477 ἦλθε
510 393 543 460 τό
560 403 693 478 πνεῦμα,
713 396 787 482 ὅπερ
803 398 881 464 ἐστίν
897 395 915 463 ό
933 397 1077 483 Χριστός,
1097 400 1150 462 καλ
1167 394 1321 464 ἐνεδύσατο
1339 392 1393 460 αῦ·

249 493 302 562 τόν
320 493 373 561 τόν
388 493 508 579 Ἰησοῦν
524 495 713 580 καλούμενον.
755 499 817 562 Kal
836 497 928 583 πολλὴ
949 496 1018 584 παρ’
1040 497 1142 575 αὐτοῖς
1165 497 1321 574 σκότοσις,
1344 495 1393 562 άλ-

251 605 322 662 λοθι
342 595 435 673 άλλως
454 600 503 663 καί
527 596 621 675 άλλως
642 597 733 665 αότόν
756 597 990 683 ῦποτιθεμίνοις.
1034 603 1097 665 Καί
1118 603 1249 684 δέχονται
1270 601 1322 681 μὲν
1344 601 1396 663 καί

253 696 339 764 αῦτοέ
354 697 387 763 τό
402 697 478 764 κατά
489 707 660 766 Musonio-a
673 697 847 786 εόαγγίλιον.
895 701 997 790 Τοότρι
1019 701 1075 788 γάρ
1091 705 1141 768 καί
1161 699 1261 780 αότολ,
1283 698 1325 776 οῦς
1345 702 1397 766 καί

254 803 285 866 οδ
306 799 380 866 κατά
395 799 552 885 Κήρινθον
571 810 697 887 χρῶνται
719 801 813 890 μόνςα·
834 809 956 870 καλοῦσι
977 805 1010 869 δέ
1031 795 1105 869 Ιαῦτό
1129 801 1205 869 κατά
1224 800 1398 885 Ἑβραίους,

255 898 297 976 οἱς
310 899 347 966 τά
361 899 459 984 άληῦῆ
474 905 552 969 ἐστιν
573 907 665 969 είπεῖν
685 903 733 970 ὅτι
748 911 911 980 Ματθαῖος
928 903 1020 988 μόνος
1035 901 1192 990 Ἐβραϊστί
1208 906 1256 970 καλ
1273 901 1398 988 Ἐβραϊ-

214 1055 217 1063 .
254 1011 320 1078 κοῖς
343 1005 511 1088 γράμμασιν
533 1007 565 1070 ἐν
584 1012 622 1094 τῇ
643 1012 732 1094 καινῇ
754 1004 889 1095 διαθήκῃ
910 1005 1068 1090 ἐποιήσατο
1086 1004 1142 1088 τήν
1161 1013 1215 1072 τοῦ
1231 1003 1399 1090 εῦαγγελίου

256 1105 375 1171 ἐκθεσίκ
390 1108 490 1171 τεκαὶ
510 1105 655 1192 κήρυγμα.
689 1105 769 1188 Ἤδη
791 1108 824 1172 δέ
847 1133 908 1174 που
931 1114 983 1175 καί
1005 1133 1080 1184 τινες
1102 1105 1190 1173 πάλιν
1214 1109 1328 1188 ίφασαν
1349 1107 1399 1170 καλ

256 1203 315 1272 άπό
336 1213 390 1289 τῆς
405 1204 580 1291 Ἑλληνικῆς
598 1210 749 1273 διαλέκτου
769 1209 819 1272 καί
840 1207 874 1274 τό
896 1207 971 1275 κατά
987 1207 1130 1291 Ἰωάννην
1151 1207 1338 1291 μεταληφθέν
1360 1209 1402 1282 είς

255 1303 402 1393 Ἐβραλδα
419 1311 598 1395 ἐμφόρεσθαι
621 1311 653 1376 ἐν
673 1317 736 1386 τοῖς
751 1316 811 1375 τῶν
826 1307 983 1376 Ἰουδαίων
1004 1315 1245 1396 γαζοφυλαιῑίοις,
1268 1311 1349 1391 φημλ
1370 1309 1402 1374 δὲ

255 1417 320 1483 τοῖς
341 1411 374 1474 ἐν
394 1411 560 1495 Τιβεριάδι,
587 1413 637 1476 καλ
662 1413 873 1478 ἐναποκεῖσθαι
895 1414 927 1478 ἐν
950 1409 1154 1497 άποκρῦφοις,
1183 1413 1224 1489 ός
1243 1437 1320 1488 τινες
1342 1419 1403 1478 τοῦν
1497 1437 1498 1440 ’

257 1507 318 1576 όπό
337 1506 493 1576 Ἰουδαίων
507 1515 742 1579 πεπιστευκότων
753 1509 945 1598 όφργήσαντο
961 1511 1034 1596 ἡμῖν
1053 1514 1128 1579 κατά
1142 1513 1309 1594 λεπτότητα.
1358 1509 1403 1576 Οῦ

257 1609 316 1693 μὴν
331 1609 404 1676 άλλά
417 1614 469 1678 καλ
485 1619 545 1678 τόν
560 1613 703 1699 Πράξεων
718 1622 778 1680 τῶν
792 1612 975 1681 Ἀποστόλων
995 1613 1164 1698 τήν-βίβλον
1180 1613 1319 1690 ω’ςαότως
1342 1610 1403 1678 άπδ

257 1711 402 1790 Ἑλλάδος
415 1712 548 1798 γλιόσσης
563 1718 606 1790 είς
620 1712 768 1802 Ἕβραΐδα
787 1721 1019 1799 μεταβληθεῖοαν
1039 1716 1126 1802 λόγος
1145 1720 1216 1799 ἔχει,
1238 1717 1289 1781 καί
1310 1719 1405 1782 ἐκεῖσε

258 1824 378 1881 κεῖσθαι
396 1817 428 1880 ἐν
447 1824 510 1892 τοῖς
531 1822 771 1902 γαζοφυλακίοις,
793 1815 834 1894 οῦς
857 1819 908 1882 καλ
930 1814 989 1884 άπό
1013 1816 1118 1883 τοῦτον
1135 1815 1206 1894 τοῦς
1221 1815 1407 1902 άναγνόντας

259 1915 429 1992 Ἰουδαίους
449 1915 519 1993 τοῦς
540 1914 613 2001 ἡμῖν
633 1915 880 2006 ῦφιγγησαμίνους
901 1922 943 1995 εἰς
964 1918 1092 2005 Χριστόν
1112 1918 1339 1984 πεπιστευκέναι.

128 2020 196 2088 Κῑφ·
212 2015 244 2074 δ’·
338 2012 396 2083 Ἦν
410 2019 444 2083 δέ
457 2043 503 2093 τις
517 2015 615 2086 αῦτοῦν
630 2018 786 2103 Ἰιόσηπος,
809 2019 863 2103 οῦγ
878 2016 897 2086 ό
911 2019 1098 2106 συγγραφεός
1112 2022 1160 2086 καί
1177 2018 1407 2104 ἱστοριογράφος

142 2139 193 2184 με·
206 2125 251 2172 18
263 2121 314 2187 καλ
329 2117 453 2196 παλαιός
472 2123 599 2200 ἐκεῖνος,
620 2119 710 2188 άλίό
726 2119 785 2188 άπό
807 2120 995 2205 Τιβεριάδος,
1017 2120 1036 2188 ό
1051 2123 1084 2187 ἐν
1103 2119 1218 2206 χρόνοις
1235 2127 1288 2186 τοῦ
1310 2147 1406 2203 μακα-

262 2225 346 2308 ρίτου
364 2227 587 2288 Κωνσταιπίνου
611 2231 663 2288 τοῦ
685 2221 925 2306 βασιλεύσαντος,
952 2230 1006 2289 τοῦ
1030 2225 1181 2309 γέροντος,
1208 2221 1243 2298 δς
1263 2224 1315 2286 καὶ
1336 2219 1407 2306 παρ’

262 2321 357 2389 αότοῦ
371 2331 425 2388 τοῦ
441 2325 582 2405 βασιλέως
595 2322 763 2407 άξιόματος
782 2324 941 2408 ῑιιομήτων
957 2327 1047 2408 ίτυγε,
1069 2325 1118 2390 καί
1136 2325 1270 2401 ἐξουσίαν
1283 2326 1408 2404 είλεγφεν

264 2427 347 2514 hrt-fi
363 2422 438 2514 αὐτῇ
458 2425 608 2509 Τιβεριάδι
623 2428 777 2508 ἐκκλησίαν
792 2433 909 2516 Χριστῷ
926 2429 1055 2509 ἱδρῦσαι,
1075 2427 1126 2490 καλ
1141 2427 1171 2492 ἐν
1185 2430 1408 2512 Διοκαισαρείμ,
1499 2498 1500 2528 ρ

262 2527 314 2591 καί
329 2528 361 2591 ἐν
378 2525 597 2610 Καπερναοῦμ,
618 2530 669 2593 καί
684 2538 748 2604 ταῖς
765 2527 876 2606 άλλαις,
899 2527 934 2603 δς
950 2531 1002 2592 καί
1015 2525 1107 2593 πολλά
1121 2529 1269 2593 πίπονῦεν
1285 2523 1338 2591 ὑπ’
1355 2523 1409 2590 αῦ-
1499 2541 1500 2548 ’

262 2633 323 2693 τοῦκ
339 2633 400 2692 τῶν
412 2624 583 2708 Ἰουδαίων,
604 2633 676 2714 πρίν
691 2627 713 2712 ἦ
729 2637 771 2718 τῷ
790 2634 903 2713 βασιλεῖ
920 2631 1149 2711 ἐμφανισθῆναι.
1193 2620 1288 2703 Οῦτος
1308 2625 1368 2712 γάρ
1391 2624 1410 2692 ό

263 2727 412 2811 Ἰιόσιγπος
424 2736 484 2794 τῶν
498 2727 566 2814 παρ’
582 2728 682 2807 αῦτοῖς
696 2729 900 2814 άξιωματικῦν
915 2729 1034 2816 άνδρῦν
1055 2732 1226 2816 ἐναρίθμιος
1244 2723 1291 2812 ἦν
1336 2730 1410 2792 Εἰσὶ

265 2830 298 2896 δέ
313 2823 398 2896 οῦτοι
412 2829 482 2914 μετά
497 2831 549 2897 τόν
563 2831 745 2917 πατριάρχην
758 2830 913 2899 άπόστολοι
928 2831 1114 2914 καλούμενοι,
1136 2828 1365 2916 προςεδρεῦουσι
1377 2830 1411 2893 δέ

264 2938 305 3020 τῷ
320 2931 494 3023 πατριόργρ,
515 2936 568 2998 καί
581 2933 637 2998 σῦν
649 2931 730 3022 αὐτῷ
744 2933 883 3010 πολλάκις
897 2934 948 3000 καί
963 2936 995 2998 ἐν
1008 2935 1092 2998 νυκτλ
1107 2935 1157 2998 καί
1172 2934 1203 2997 ἐν
1215 2928 1310 3018 ἦμέργ
1323 2953 1411 2996 συνε-

264 3041 324 3117 χοῦς
339 3033 491 3119 διάγουσι,
514 3034 564 3100 διά
580 3033 611 3100 τό
629 3034 837 3118 συμβουλεύειν
856 3038 907 3100 καί
926 3032 1083 3117 άναφέρειν
1101 3031 1181 3121 αῦερῦ
1200 3030 1238 3098 τά
1259 3030 1334 3096 κακά
1357 3028 1412 3096 τόν

265 3135 366 3219 νόμον.
406 3133 441 3200 ‘0
461 3137 494 3201 δέ
516 3135 697 3220 πατριάρχης
712 3134 776 3202 κατ’
790 3139 881 3202 ἐκεῖνο
903 3143 1009 3220 καιροῦ
1023 3133 1122 3218 Ἐλλήλ
1142 3133 1272 3217 τοῦνομα
1290 3126 1328 3214 ἦν
1349 3143 1413 3215 (νο-

266 3241 337 3318 μίζω
355 3235 411 3323 γάρ
428 3236 475 3302 ότι
490 3237 586 3314 οὕτως
603 3237 636 3304 τό
658 3237 753 3320 ὄνομα
770 3235 862 3303 αῦσοῦ
880 3235 1029 3320 Ἰοίσιγπος
1042 3239 1150 3324 ἔλεγεν,
1172 3239 1200 3301 εί
1214 3234 1255 3320 μὴ
1272 3232 1333 3302 dno*
1355 3241 1413 3300 τοῦ

266 3336 375 3421 χρόνον
391 3338 582 3422 σφάλλομαι),
605 3343 638 3406 ἐκ
654 3341 758 3425 γόνους
773 3341 804 3404 δέ
820 3337 966 3421 Γαμαλιιὶλ
982 3340 1130 3423 ἐεόγγανε,
1150 3344 1204 3403 τοῦ
1220 3333 1288 3422 παρ’
1306 3334 1415 3412 αῦτοῖς

266 3441 424 3523 γενομένου
443 3441 633 3527 πατριάρχου.
674 3440 767 3507 Ἐστι
787 3441 820 3506 δέ
839 3433 1055 3524 διανοηθῆναι,
1081 3437 1121 3517 οίς
1139 3443 1191 3504 καί
1211 3437 1292 3504 άλλοι
1313 3435 1415 3514 οὕτως

265 3537 429 3620 όπέθεντο,
448 3549 554 3607 τοῦτον
570 3541 646 3608 είναι
662 3545 746 3628 γένος
765 3545 880 3608 ἐκείνου
895 3549 948 3608 τοῦ
964 3540 1086 3628 πράσου
1103 3538 1265 3624 Γαμαλιήλ,
1284 3545 1340 3604 τοῦ
1361 3542 1416 3605 ἐπὶ

266 3649 320 3708 τοῦ
335 3648 484 3728 σωτῆρος,
505 3649 559 3710 τοῦ
581 3644 657 3709 κατά
675 3643 750 3710 θεόν
769 3642 1041 3726 συμβουλεύσαντος
1060 3639 1241 3725 άποσχέσῦιιι
1260 3647 1313 3723 τῆς
1334 3640 1415 3708 κατά

265 3751 325 3808 τόν
349 3741 519 3810 άποστόλαν
544 3747 711 3828 ἐπιβουλῆς.
759 3752 905 3812 Τελευτεῖν
928 3745 961 3810 δέ
984 3741 1002 3810 ό
1022 3741 1126 3826 Ἐλλολλ
1150 3740 1256 3826 ἠξίωσε
1275 3739 1329 3808 τόν
1349 3740 1417 3808 κατ’

267 3845 361 3910 ἐκεῖνο
378 3853 485 3930 καιροῦ
501 3848 664 3912 ἐπίσκοπον
679 3845 882 3932 πλησιόχωρον
900 3853 954 3930 τῆς
974 3849 1116 3931 Τιβερίοον
1135 3841 1224 3922 ὄντα,
1243 3845 1294 3910 καί
1312 3846 1417 3925 ἐκομί-

266 3965 338 4011 σατο
355 3944 424 4032 παρ’
441 3947 534 4013 αότοῦ
550 3947 583 4014 τό
604 3947 690 4034 δι’γιον
704 3945 828 4032 λουτρόν
843 3950 893 4042 ἐπὶ
912 3955 949 4037 τῇ
966 3947 1073 4036 ίξόδφ,
1095 3944 1144 4011 διά
1158 3943 1336 4030 προφάσεως
1359 3953 1419 4028 τῆς

266 4049 401 4130 ἰατρικῆς
416 4045 597 4126 ὑποθέσεως.
641 4049 911 4133 Μεταστειλάμενος
925 4048 980 4134 γάρ
997 4046 1089 4114 αῦτόν
1104 4045 1153 4112 διά
1168 4054 1222 4112 τοῦ
1236 4049 1418 4132 προειρημί·

266 4173 322 4212 νου
342 4145 508 4233 Ἰωσήπου,
532 4149 573 4226 οἱς
596 4150 697 4233 ίατρόν
719 4149 806 4229 ὄντα,
836 4153 887 4216 καλ
905 4149 1031 4233 ποιήσας
1053 4147 1164 4226 πάντας
1185 4150 1240 4226 ἐξω
1261 4149 1419 4233 γενέσθαι,

267 4248 444 4334 παρεκάλεσε
458 4250 510 4318 τόν
526 4254 699 4332 ἐπίσκοπον,
720 4253 822 4338 λόγων,
845 4249 986 4338 Δάρρσαί
1000 4277 1050 4334 μοι
1064 4249 1118 4334 τὴν
1134 4251 1167 4316 ἐν
1181 4255 1300 4336 Χριστῷ
1315 4269 1416 4332 σφρα·

265 4353 342 4434 γῖδα
374 4347 408 4415 'O
423 4353 454 4417 δέ
469 4353 732 4435 μετακαλεσάμενος
746 4353 816 4430 τοῦς
832 4354 1121 4439 ἐξυπηρετουμένους
1135 4353 1311 4438 προςέιαξεν
1324 4347 1421 4436 ῦδωρ

302 4487 360 4538 Cn.
380 4490 420 4540 W.
438 4517 471 4530 -
507 4493 528 4543 1.
545 4495 611 4544 λλδεί
627 4491 684 4543 aaut
699 4497 722 4542 ελ
737 4495 788 4543 wi„
805 4491 1032 4559 λλλειίίρ.κομλτων.
1068 4491 1182 4555 cmm
1199 4489 1290 4553 τιμᾶ.
