3018 4994
365 308 500 361 causan
518 309 581 360 era.
597 310 616 360 r.
633 308 715 362 rou.
730 309 762 359 u.
779 308 875 361 naen.
890 310 1015 363 nutri.
1117 319 1122 334 ¹
1207 303 1268 366 407

114 455 183 497 run
203 443 369 496 vaunnam.
416 426 482 492 Hoc
503 429 597 514 ipsum
622 427 821 512 pronuntiavit
844 425 965 512 Esaias,
996 431 1114 513 dicens,
1146 437 1419 515 Populusuuanour.

115 542 167 600 dre
182 538 265 600 lobias
280 557 322 596 one
339 538 474 607 donarat,
507 543 665 594 conantem
684 553 778 594 eorum
795 535 934 612 longeest
950 557 968 596 n
987 557 1039 598 mc.
1085 541 1155 600 Sine
1169 558 1269 598 caussa

118 651 214 702 nonna
228 641 325 700 colunt
336 659 380 698 me
393 640 522 698 dormites
536 639 680 696 doctrinas
694 645 723 696 et
734 639 865 696 mundule
879 640 1027 700 domenum.
1065 635 1115 702 Ex
1128 639 1164 702 iis
1178 638 1270 723 liquet

116 762 236 806 omnem
256 738 334 802 illam
352 759 420 803 esse
440 739 533 822 legem
552 737 675 800 divisum
695 737 724 800 iu
743 746 839 821 partes
860 747 935 817 tres,
966 739 996 803 iu
1013 760 1106 824 eaque
1125 751 1155 803 et
1172 737 1268 806 Mosis

117 845 214 932 ipsias
230 853 260 907 et
277 841 425 905 seniorum
447 851 476 904 et
491 840 536 904 dei
555 840 691 903 ntaudata
709 838 865 903 contineri.
909 841 1004 927 Atque
1024 843 1096 906 baec
1112 842 1267 908 universae

115 947 195 1032 legis
217 967 234 1010 a
256 943 339 1008 nobis
362 943 493 1008 instituta
516 942 632 1027 partitio
655 941 733 1006 illius
755 941 839 1006 uobis
861 940 1011 1007 veritetem
1035 945 1174 1009 ostendit.

205 1250 264 1318 Sed
281 1273 315 1314 ee
330 1272 398 1337 pars
413 1250 498 1336 legis,
518 1271 592 1334 quae
609 1271 626 1313 a
641 1250 696 1312 deo
713 1250 843 1334 prolecta
858 1260 915 1328 est,
937 1250 992 1315 tria
1005 1273 1119 1315 rursum
1134 1251 1163 1314 in
1178 1271 1268 1316 mem·
1288 1261 1347 1331 csp.
1364 1258 1394 1314 v.

116 1358 173 1421 bra
190 1353 339 1418 dividitur.
370 1352 439 1418 Alia
456 1353 534 1416 euim
549 1363 618 1416 suast
632 1353 746 1415 sincera
762 1364 917 1437 praccepta
932 1362 961 1416 et
976 1352 1009 1416 ab
1026 1354 1103 1418 omni
1120 1354 1186 1417 mali
1202 1375 1268 1440 per·

115 1459 257 1523 mistione
275 1467 409 1535 secreta,
443 1476 518 1540 quae
537 1455 652 1540 proprie
675 1455 725 1518 lex
742 1454 919 1540 appellatur,
953 1476 1036 1540 quam
1057 1457 1187 1520 salvator
1209 1478 1267 1522 non

114 1563 201 1626 venit
218 1560 354 1638 solvere,
379 1559 430 1621 sed
448 1558 617 1643 adimplere.
662 1555 733 1622 Non
752 1557 828 1620 enirn
846 1569 992 1621 asserat
1009 1557 1200 1643 alienaqnam
1218 1561 1417 1634 ad-ntoutnur.

113 1661 266 1749 implevit3
290 1661 396 1745 alioqui
416 1659 514 1746 perfici
531 1660 700 1745 implerique
717 1681 774 1723 nou
792 1670 902 1744 posset.
948 1659 1016 1724 Alia
1033 1672 1099 1724 suut
1115 1661 1268 1726 deteriori·

114 1767 173 1830 bus
196 1763 359 1848 implicata,
390 1762 483 1846 qualis
506 1762 647 1826 iniustitia
669 1771 730 1838 est,
765 1781 849 1845 quam
872 1763 1003 1826 salvater
1025 1763 1226 1827 abhorrentem
1250 1786 1267 1827 a

114 1879 222 1931 natura
239 1887 292 1930 sua
309 1866 438 1930 funditus
452 1865 580 1929 sustulit.
619 1862 774 1928 Postremo
787 1865 843 1928 alia
860 1875 928 1928 sunt
941 1886 1015 1948 quae
1032 1866 1126 1951 typica
1140 1887 1175 1930 ac
1188 1888 1268 1952 sym-

113 1970 211 2034 bolica
230 1980 390 2048 vocantur,
421 1968 476 2031 boc
495 1977 541 2032 est
562 1967 680 2030 umbrae
699 1968 837 2050 quaedam
857 1968 1100 2052 praestantiorum
1118 1979 1149 2032 et
1165 1969 1268 2054 imagi·

113 2093 189 2150 nes3
221 2073 296 2156 quod
314 2092 408 2156 genus
425 2071 555 2135 salvator
571 2070 606 2134 ab
626 2090 661 2133 eo
680 2070 754 2154 quod
772 2071 906 2132 sensibus
925 2071 1088 2155 expositum
1107 2081 1153 2135 est
1168 2082 1199 2134 ct
1214 2092 1267 2134 ex·

112 2185 232 2239 ternum
256 2175 291 2238 ad
314 2173 443 2259 spiritale
468 2194 523 2236 nee
545 2173 722 2259 aspectabile
746 2173 902 2236 coniventit.
948 2169 1009 2236 lam
1034 2172 1106 2236 vero
1126 2195 1197 2259 pura
1217 2173 1266 2236 illa

113 2279 292 2361 sinceraque
314 2279 365 2340 lex
392 2277 456 2353 dei,
489 2297 544 2338 uec
569 2297 634 2340 cum
658 2275 803 2339 deteriore
827 2275 999 2353 coniuncta,
1033 2273 1199 2358 Decalogus
1222 2284 1267 2338 est

112 2380 197 2465 ipse,
220 2379 285 2441 siue
304 2379 405 2442 decem
423 2379 472 2442 illa
491 2389 645 2464 praecepta
666 2377 777 2442 duabus
795 2377 930 2441 distincta
950 2377 1072 2455 tabulis,
1097 2377 1199 2462 quibos
1217 2387 1268 2440 ant

112 2481 245 2544 cavenda
268 2481 459 2566 probibentur
479 2493 530 2544 aut
548 2480 681 2544 iacienda
701 2481 883 2544 mandantur.
929 2476 1015 2561 Quae
1036 2478 1091 2543 etsi
1113 2501 1185 2565 pura
1207 2480 1267 2542 sint

112 2605 147 2646 ae
173 2583 297 2667 liquida,
331 2593 427 2646 nmen
450 2584 525 2668 quod
547 2581 672 2646 nondum
693 2583 821 2667 perlecta
842 2583 917 2661 siut,
951 2582 1064 2668 impleri
1084 2603 1100 2645 a
1119 2582 1265 2645 salvatore

112 2685 289 2750 debuerant.
335 2686 381 2749 Ad
397 2686 467 2749 illud
486 2706 557 2749 vero
572 2705 683 2770 genus,
707 2685 781 2770 quod
800 2683 959 2748 iniustitiae
975 2684 1081 2768 aliquid
1097 2684 1199 2763 babet,
1224 2684 1265 2748 le·

112 2809 169 2872 ges
191 2788 260 2850 illae
279 2788 454 2852 referendae
473 2800 559 2866 suist,
575 2788 694 2871 quibus
712 2787 882 2851 iniuriarum
902 2787 1084 2872 persecutio,
1108 2807 1265 2870 eorumque

113 2891 163 2975 qui
184 2891 297 2973 priores
314 2911 368 2955 nes
385 2889 544 2970 laeserint,
567 2889 723 2954 vindicatio
741 2889 960 2975 praescribitur.
1005 2887 1096 2952 Velut
1112 2910 1176 2951 cnm
1196 2894 1266 2950 Oen·
1278 2899 1415 2957 nouato.

113 2996 172 3055 lum
187 3014 242 3073 pro
259 2996 355 3068 acob,
387 2997 494 3054 dentem
510 2995 595 3054 euelli
606 3015 661 3074 pro
678 2997 775 3067 dente,
808 3013 842 3054 nc
859 2996 968 3054 caedem
986 2995 1069 3053 coede
1083 2993 1265 3076 compensari

112 3093 269 3180 praecipit.
315 3093 421 3178 Neque
441 3095 517 3158 enim
538 3095 632 3158 suiuus
650 3095 756 3160 iniuste
777 3093 836 3178 agit
856 3094 904 3178 qui
927 3095 954 3157 id
975 3105 1040 3179 post
1058 3094 1180 3157 alterum
1200 3115 1265 3178 per·

113 3207 229 3281 patrat,
253 3216 317 3258 cnm
336 3197 428 3262 solius
442 3195 553 3261 ordinis
571 3196 702 3273 intersit,
727 3207 813 3280 atque
829 3195 905 3259 idem
924 3197 1042 3259 omnlino
1061 3195 1172 3260 lacinus
1187 3217 1266 3259 com·

112 3299 222 3364 mittat.
268 3295 328 3362 Sed
345 3299 414 3362 illud
430 3311 614 3382 praeceptum
630 3291 737 3383 alioqui
753 3299 860 3363 iustum
877 3310 952 3378 erat,
974 3308 1004 3361 et
1019 3310 1064 3361 est
1078 3299 1175 3376 modo,
1200 3320 1265 3383 pro-

113 3411 181 3485 pter
197 3421 298 3463 eornm
315 3399 511 3464 infirmitatem
531 3401 634 3485 quibus
651 3402 758 3464 editum
779 3400 848 3480 luit,
878 3400 996 3464 comsit
1013 3402 1154 3466 adversus
1170 3402 1264 3464 sinee-

113 3502 205 3568 rioris
221 3503 295 3586 legis
312 3503 499 3566 violationem
519 3505 746 3588 praescriptum,
778 3505 846 3567 licet
861 3524 877 3564 a
894 3502 1054 3566 communis
1072 3503 1198 3568 omnium
1216 3525 1264 3589 pa-

112 3605 208 3670 rentis
226 3615 329 3668 nature
348 3625 384 3669 ac
404 3605 534 3668 bonitate
551 3606 590 3669 sit
606 3606 750 3687 alienumq
783 3607 830 3670 vel
847 3617 1075 3670 cousentaneum
1092 3606 1187 3691 potius
1205 3618 1262 3686 est,

111 3710 164 3772 sed
181 3709 359 3772 necessitate
374 3707 496 3792 quadam
512 3729 697 3792 expressum.
728 3708 806 3772 Nam
822 3709 869 3794 qui
885 3709 933 3773 vel
947 3709 1063 3773 unicum
1080 3709 1263 3773 homicidium

113 3820 197 3874 vetat
211 3809 290 3888 lieri,
315 3809 381 3872 dnm
399 3811 440 3874 ita
456 3811 574 3890 statuit,
602 3810 671 3874 Non
690 3813 822 3890 occides,
852 3834 917 3876 cum
933 3824 1034 3897 postea
1050 3814 1148 3877 caedis
1164 3822 1264 3875 aueto-

113 3933 176 3976 rena
195 3911 326 3975 vicissim
343 3913 465 3976 interfici
485 3913 566 3976 iubet
583 3935 620 3977 ac
637 3917 792 3979 secundnm
811 3915 904 4000 legem
925 3917 1022 3978 lercns
1039 3915 1180 4002 duplicem
1198 3935 1263 3979 cne-

112 4016 177 4079 dem
198 4014 338 4099 imperat,
370 4015 419 4099 qui
443 4036 527 4078 unam
546 4015 749 4102 prohibuerat,
782 4018 818 4081 ad
841 4038 876 4080 ea
895 4019 1072 4082 necessitate
1094 4029 1211 4083 coactus
1233 4031 1263 4083 et

110 4115 280 4203 imprudens
298 4117 464 4181 decurrisse
483 4117 609 4182 videtur.
654 4118 753 4204 Atque
771 4120 837 4184 ideo
855 4121 962 4185 missus
982 4121 1016 4184 ab
1035 4121 1085 4185 illo
1105 4122 1178 4186 lilius
1198 4109 1266 4188 eam¹

113 4217 186 4304 legis
206 4229 318 4304 partem
336 4219 498 4304 antiquavit
515 4242 601 4305 mam
621 4223 735 4307 quidem
757 4244 774 4286 a
797 4225 851 4288 deo
870 4225 956 4287 latam
980 4223 1089 4309 etipse
1109 4227 1261 4306 coufessus

110 4412 145 4471 pu
158 4410 271 4459 Peloriaca
285 4419 315 4456 te
326 4409 377 4458 end.
394 4410 467 4460 Velio.
490 4411 570 4460 Elium
586 4413 674 4462 Gorne-
709 4414 736 4462 ttt
752 4409 925 4462 nefandorum.

111 4479 163 4526 otoo
181 4479 252 4527 oerttt
276 4473 309 4524 ad
330 4473 496 4528 sublationem
518 4477 668 4530 interdicto·
735 4474 760 4530 4.
779 4480 835 4530 cod.
852 4483 924 4530 tenet.
941 4476 970 4532 ad
988 4475 1145 4548 πρόςταγμα.

112 4560 175 4594 mn.
210 4545 313 4594 Gemino
325 4548 405 4598 retinet
418 4539 570 4613 dullianum
584 4553 668 4600 etaer-
735 4548 759 4604 5.
779 4549 836 4600 θοὰ.
850 4549 924 4600 Veuet
942 4547 997 4616 τῆς.
