3010 5000
356 341 490 394 romanu
507 340 570 392 nm.
581 341 600 392 r.
617 341 699 394 rom.
712 341 756 393 nr.
773 339 872 390 naen.
883 339 941 392 xc.
1160 326 1220 390 545

76 461 216 530 Satanan
231 483 265 528 ae
280 459 434 526 Diabolum
449 459 590 540 nominat,
611 460 655 526 his
667 460 783 526 verbis:
806 463 906 522 Nonae
918 463 1060 522 duodecim
1074 481 1122 521 coc
1134 463 1218 540 clegi,
1231 481 1373 540 mearat.
1470 483 1478 492 ·

73 580 105 630 et
118 589 191 630 uauc
206 589 243 628 ee
257 567 335 628 cclcc
349 567 477 628 camum
494 570 557 626 eet?
601 559 693 628 Cuius
710 563 797 626 etiam
814 561 857 625 rei
874 581 977 626 cerussa
995 561 1127 626 dominus
1145 561 1222 626 eius-

74 671 140 732 dem
163 667 376 754 improbitatem
398 687 600 750 exaggeramus
635 669 701 728 Cum
724 669 864 746 quuitur,
898 663 1006 747 inquit,
1038 669 1220 742 menducium,

73 777 110 834 de
123 776 249 854 pmprr'r'c
265 775 398 854 loquetur.
446 766 513 852 Quo
530 769 655 854 pertinet
670 767 756 844 illud,
780 766 855 850 quod
875 765 903 828 in
921 766 979 830 alio
995 768 1140 851 evangelii
1158 769 1224 832 loeo

74 877 214 960 scriptum
233 883 295 938 est:
320 869 454 953 Quonrirm
466 874 520 953 sur
532 884 605 948 erut,
628 883 658 934 ct
672 873 779 932 loculos
790 869 933 949 portabat.
973 867 1029 932 llic
1046 867 1375 952 igiturDia·1mnmra,a.

75 978 134 1041 boli
154 977 309 1060 insignitus
331 975 448 1038 nomine
466 971 551 1038 ludas
568 970 691 1038 Cninum
711 982 820 1058 patrem
840 970 938 1034 hebuit
959 972 1006 1054 qui
1023 971 1148 1036 Abelum
1167 975 1225 1038 lre·

77 1091 151 1144 trem
169 1079 318 1142 mendacio
334 1097 388 1142 suo
404 1075 631 1160 circumscripsit
647 1085 678 1138 et
689 1074 806 1138 occidit.
852 1069 910 1155 Qui
928 1075 1014 1137 etiam
1031 1073 1224 1160 interroganti

77 1183 213 1260 domino,
241 1183 295 1243 tlte·
307 1191 350 1242 εει
360 1179 438 1242 Adel
446 1182 539 1254 freter
552 1185 640 1240 tues?
661 1177 798 1240 mentitus
815 1176 974 1258 respondit,
998 1180 1110 1240 Nesea.
1157 1175 1223 1244 Me·
1237 1193 1353 1252 oenoe

76 1283 133 1346 rito
153 1284 250 1367 itaque
264 1283 351 1346 etiam
367 1281 425 1344 iste
443 1279 608 1364 quiveram
627 1279 770 1344 diabolum
788 1278 915 1342 moribus
933 1289 978 1342 est
995 1279 1138 1359 imitatus,
1161 1282 1225 1348 cius

76 1387 153 1450 lilius
175 1385 282 1448 domini
305 1405 358 1448 oro
375 1383 589 1469 pronumtiatum
634 1383 661 1446 A
681 1403 737 1466 quo
757 1381 832 1445 enim
851 1381 971 1466 quisque
991 1395 1143 1467 superatus
1166 1395 1223 1462 est,

76 1488 105 1551 ei
123 1499 153 1554 et
168 1488 270 1553 servit.
316 1489 361 1550 Ac
377 1506 431 1550 nos
447 1485 520 1549 odeo
535 1485 735 1569 quodcumque
750 1485 864 1548 demum
881 1484 1039 1568 egerimus,
1061 1506 1113 1548 eos
1128 1497 1224 1571 patres

76 1590 264 1666 habebimus,
296 1609 417 1672 quorum
438 1588 571 1673 exempla
594 1588 696 1652 iisdem
720 1587 803 1650 lactis
824 1586 1034 1671 expressimus.
1081 1585 1226 1672 Quocirca

79 1691 306 1778 perspicaciam
327 1691 373 1752 illa
393 1689 501 1753 domini
520 1700 566 1754 est
584 1690 729 1754 declarata
747 1690 910 1754 sententiaa
944 1694 999 1752 Vos
1014 1695 1226 1773 cctctfilr'r'dr'c·

77 1797 152 1869 doli,-
185 1793 271 1872 item,
302 1795 369 1854 Cum
391 1797 516 1874 quuitur
537 1797 707 1855 menduericra
730 1815 768 1854 erc
782 1797 907 1873 propria
924 1796 1066 1874 loquitur,
1098 1799 1226 1876 puoaciam

70 1909 160 1977 poter
181 1899 242 1958 ccicc
262 1899 381 1958 menduc
403 1907 454 1957 est.
502 1890 617 1976 Quibus
640 1894 737 1960 verbis
760 1890 859 1958 ludam
883 1905 912 1956 et
930 1890 1055 1959 Caluum
1078 1895 1225 1978 intelligit.

77 1995 152 2062 lllud
173 2018 262 2076 raro,
294 2001 366 2060 Nom
387 2009 415 2058 ct
428 2009 512 2078 puter
529 2001 589 2058 edus
603 2001 723 2060 arcadum
735 2009 793 2070 eet,
827 1997 862 2060 ad
879 1995 1023 2060 diabolum
1042 1998 1227 2062 referendum

75 2111 142 2179 est,
166 2100 241 2184 quod
258 2100 294 2162 ad
312 2101 375 2164 eius
392 2099 583 2162 imitationem
602 2099 638 2163 ab
657 2099 714 2162 illis
729 2099 789 2162 sint
806 2109 969 2182 perpetrata
985 2099 1134 2164 nonnulla.
1179 2098 1228 2167 Si·

75 2203 194 2288 quidem
218 2223 270 2286 per
291 2223 325 2266 oa
348 2201 493 2286 serpentis
511 2200 658 2286 inspirans
675 2200 805 2265 diabolus
828 2201 902 2264 falsa
926 2201 1020 2264 omnia
1037 2202 1151 2268 locutus
1170 2213 1226 2282 est,

77 2305 184 2390 sicque
202 2315 270 2368 tuuc
286 2301 380 2368 Eram
400 2303 514 2367 lelellit.
559 2302 658 2387 Atque
675 2303 750 2368 hunc
765 2303 795 2366 in
812 2304 927 2368 modum
947 2313 1005 2366 tota
1024 2303 1141 2369 abistis
1159 2327 1229 2370 con·

75 2409 149 2472 licta
168 2406 263 2470 labula
282 2404 398 2492 penitus
415 2403 577 2470 evanescit.
623 2403 708 2489 Quod
726 2426 798 2470 vero
814 2406 849 2468 de
868 2401 962 2470 Caino
979 2407 1122 2493 scriptura
1139 2418 1228 2474 testa·

75 2523 139 2589 tur,
163 2509 243 2574 illum
263 2510 380 2572 lratrem
398 2508 541 2574 occidisse
556 2527 652 2584 suum,
677 2510 751 2591 quod
766 2517 846 2572 esset
861 2528 902 2572 ex
915 2508 1041 2588 diabolo,
1066 2509 1093 2572 id
1111 2509 1229 2574 omnino

73 2613 308 2676 demonstratum
332 2621 393 2688 est,
426 2631 483 2674 non
502 2631 542 2674 ex
558 2609 664 2674 dialoli
681 2619 745 2673 satu
761 2620 931 2694 conceptum
950 2609 985 2674 ab
1001 2608 1066 2674 Era
1083 2612 1172 2678 luisse
1189 2615 1230 2676 ie·

74 2727 140 2778 tum
164 2713 305 2798 aliquem,
338 2713 377 2776 ita
401 2723 430 2776 ut
454 2712 534 2776 velut
551 2711 687 2798 coniugio
706 2712 829 2797 quodam
847 2713 1016 2798 congressis
1033 2714 1231 2800 copulatisque

73 2816 251 2902 corporibus
264 2812 389 2880 Cainnm
407 2825 436 2878 et
451 2815 576 2880 Abelum
593 2814 755 2899 pepererit,
779 2825 810 2878 ut
825 2814 890 2878 istis
904 2815 1028 2900 placuit,
1052 2817 1104 2880 sed
1120 2817 1156 2880 ob
1170 2838 1231 2881 mo·

73 2941 143 2984 rom
163 2918 379 2982 similitudinem
399 2937 629 3003 expressamque
651 2917 811 2982 imitatione
833 2916 940 2982 diaboli
963 2918 1118 3003 nequitipm
1140 2918 1228 2984 lilium

73 3021 146 3087 eius
173 3019 323 3106 appellari.

165 3120 244 3206 Quin
266 3122 335 3186 illud
359 3123 446 3186 etiam
469 3121 505 3186 ab
528 3121 592 3186 istis
615 3121 774 3186 asseritur:
805 3119 951 3186 Adamum
969 3143 1008 3186 es
1027 3121 1091 3186 Era
1106 3123 1231 3208 coniuge
1249 3136 1377 3205 crpvn.

74 3224 206 3292 Setinum
225 3245 390 3309 germanam
413 3224 579 3308 suscepisse
599 3223 740 3288 sobolem.
788 3222 865 3288 Tum
885 3245 956 3288 rero
972 3246 1135 3310 supremam
1155 3227 1231 3290 illom

74 3327 230 3392 Virtutem
255 3328 353 3390 lerunt
374 3348 438 3390 cum
460 3325 637 3389 administris
659 3324 705 3388 dei
726 3326 856 3390 melioris
878 3326 990 3409 angelis
1010 3327 1155 3412 delapsam
1176 3325 1231 3396 Se·

75 3431 162 3494 thum
180 3429 273 3512 ips'um
292 3428 442 3514 rapuisse,
466 3447 550 3511 qoem
569 3438 599 3490 et
612 3421 785 3510 Ἀιιογενῆ,
809 3427 863 3491 lroc
881 3438 926 3490 est
943 3433 1156 3512 Alr‘em'gcnum,
1180 3451 1232 3496 vo·

74 3541 161 3596 cant.
208 3525 304 3612 Quem
322 3551 387 3594 uum
405 3550 520 3592 sursum
536 3528 660 3612 aliquem
676 3529 703 3592 in
721 3530 815 3594 locum
833 3529 1015 3610 sustulisset,
1047 3554 1082 3597 ao
1097 3532 1232 3597 diuturno

74 3647 233 3716 tempore,
264 3653 300 3695 ne
321 3633 395 3696 lorte
413 3630 644 3710 interficeretur,
676 3632 813 3710 eluisset,
842 3633 931 3717 longo
949 3635 1062 3698 demum
1077 3635 1233 3700 intervallo

73 3739 107 3800 in
129 3735 206 3800 lunc
224 3733 324 3798 orbem
340 3732 491 3812 intulisse,
523 3733 664 3816 simulque
684 3743 712 3796 et
729 3733 887 3819 spiritalem
905 3745 932 3798 et
949 3757 1120 3820 corporeum
1137 3737 1233 3802 reddi-

73 3837 180 3915 disse,
210 3857 249 3898 ne
277 3831 428 3912 aCaino,
461 3835 508 3899 vrl
530 3836 637 3899 ceteris
666 3836 824 3900 conditoris
848 3837 947 3901 mundi
972 3835 1170 3904 Potestatilrus
1198 3859 1233 3904 ac

73 3937 299 4022 principatibus
314 3937 537 4022 opprimeretur.
572 3935 704 4002 Eundem
722 3959 809 4024 porro
823 3949 987 4004 creatorem
1000 3951 1086 4026 atque
1102 3941 1233 4028 opificem

72 4040 207 4106 desiisse
230 4041 383 4118 reuereri,
414 4049 444 4102 ot
466 4039 543 4104 illam
562 4038 718 4122 agnovisse
738 4037 882 4106 Virtutem
905 4063 978 4127 quae
1001 4043 1079 4107 nullo
1101 4064 1234 4128 eompre-

72 4143 169 4208 hendi
184 4142 302 4206 nomine
316 4151 422 4227 potest,
438 4161 493 4206 nec
507 4163 564 4204 nou
581 4141 722 4206 adversus
739 4151 886 4208 auctorem
901 4145 998 4208 mundi
1015 4144 1136 4230 eiusque
1148 4143 1235 4210 Prin·

72 4247 196 4332 cipatus
216 4252 247 4310 ct
267 4240 435 4310 Potestates
453 4243 590 4330 pleraque
610 4243 771 4310 detexisse.
818 4243 893 4310 lliuc
912 4247 998 4312 etiam
1017 4247 1108 4314 libros
1126 4249 1236 4334 aliquot

70 4505 163 4573 ipsum
176 4501 641 4622 praevalercflncqueipaencqoealioe
674 4501 772 4552 catoris.
806 4504 917 4554 Petuoloa
932 4519 1015 4555 nomen
1031 4502 1098 4560 Kciis
1114 4509 1233 4558 restituen-

72 4579 224 4644 potectotee
244 4585 273 4620 ao
289 4570 440 4637 pnncipatua
457 4588 514 4622 mun
535 4571 542 4620 i
560 4570 640 4622 subri-
673 4571 730 4620 dum
744 4585 792 4622 estc
809 4574 942 4634 suspicatus
958 4578 997 4624 ert.

138 4651 227 4708 corpur
241 4649 377 4696 ttncrecect.
391 4651 420 4696 rt.
991 4663 1031 4725 ³5
