3018 4994
337 352 471 404 sananti
489 351 551 403 Lttt.
568 353 586 405 i.
604 353 685 405 ΤΟΜ.
700 353 732 404 ll.
747 353 846 405 Hasd.
860 353 985 405 xxxiii.
1170 343 1228 404 *lli

81 483 111 534 te
128 477 304 553 percusserat
325 477 354 534 in
376 475 520 534 mamillam
538 476 643 554 praebe
663 476 711 535 illi
727 487 757 534 et
776 477 905 536 niteram.
951 471 1036 558 Quod
1060 473 1173 558 quidem
1196 475 1232 537 ad

81 573 292 638 excellentium
312 595 410 638 rerum
430 575 655 639 adumbrandam
674 557 1023 661 speciem‘coustitutum,
1047 586 1077 639 et
1094 599 1111 639 a
1130 597 1232 661 corpo·

79 677 144 740 reis
165 678 199 741 ad
222 676 363 762 spiritalia
385 678 555 752 translatum
579 700 614 742 ac
637 689 776 742 mutatum
799 677 1041 764 perallegoriam
1062 680 1230 764 exponitur.

80 777 202 842 Etenim
221 779 329 864 effigies
348 781 482 864 assigna
500 781 565 844 aliis
580 781 667 845 rebus
682 780 865 845 declarandis
882 780 1008 844 adbibita
1026 783 1167 868 tantisper
1182 805 1233 867 op·

83 881 294 967 portunitatem
310 883 484 961 babuerunt,
509 885 601 968 quoad
618 883 743 947 nondum
758 883 869 947 veritas
884 882 1045 947 affulserat.
1084 881 1150 966 Qua
1167 907 1232 948 suc·

80 984 207 1047 cedente
224 1007 281 1048 non
300 1005 374 1070 quac
392 987 529 1070 imagini,
553 987 603 1050 sed
621 1007 695 1071 quae
710 985 827 1050 veritati
845 996 1026 1071 congruunt,
1051 987 1148 1050 iacere
1163 1007 1232 1050 con·

80 1086 177 1150 venit.
219 1084 308 1172 ldque
324 1089 416 1172 ipsum
434 1109 498 1151 oum
514 1089 617 1174 reliqui
632 1109 733 1152 omnes
750 1088 893 1173 discipuli,
917 1097 976 1153 tum
993 1089 1142 1175 apostolus
1155 1085 1232 1152 Pau—

78 1189 126 1252 lus
144 1190 282 1253 ostendit.
329 1187 387 1273 Qui
404 1191 555 1275 figuratum
572 1191 640 1255 illud
658 1211 751 1275 genus
767 1201 886 1277 propter
902 1211 968 1270 uos,
992 1203 1022 1255 ut
1039 1191 1177 1267 diximus,
1201 1189 1230 1253 in

78 1291 220 1376 pascbate
238 1292 407 1378 azymisque
425 1294 615 1357 demonstrat.
662 1291 708 1357 De
727 1294 821 1358 altero
841 1315 930 1372 uero,
964 1295 1041 1378 quod
1057 1293 1231 1380 implicatum

78 1395 224 1457 iniustitia
246 1405 310 1474 est,
343 1395 486 1481 loquitur,
517 1417 581 1459 curn
604 1397 697 1481 legem
722 1397 921 1460 mandatorum
941 1397 983 1460 ait
1001 1397 1029 1459 in
1051 1394 1231 1480 dogmatibus
1245 1416 1370 1474 aptans.

80 1497 267 1580 abrogatam.
316 1496 359 1562 De
383 1499 470 1562 tertio
489 1497 630 1582 denique,
659 1499 734 1584 quod
757 1497 912 1562 deterioris
936 1509 980 1562 est
1002 1519 1128 1583 expers,
1157 1501 1229 1570 tec,
1245 1518 1375 1575 nonam

78 1599 194 1684 iuquit,
217 1612 315 1662 sanctu
336 1613 395 1675 est,
420 1613 449 1662 et
468 1605 627 1663 mandatum
647 1613 791 1676 scaenam,
816 1612 845 1662 et
864 1605 967 1663 a‘aatum
988 1613 1019 1663 et
1037 1603 1146 1662 bonum.

168 1699 364 1783 Quamobrem
382 1703 453 1767 satis
471 1709 614 1788 superque
632 1702 701 1781 tibi,
725 1713 863 1788 quantum
881 1703 1011 1768 breviter
1026 1685 1372 1788 comprehendibapt'tt.

79 1814 192 1890 potest,
213 1805 378 1869 declaratas
394 1825 445 1868 eas
460 1804 542 1890 leges
555 1805 683 1870 arbitror
697 1826 772 1890 quae
787 1825 824 1869 ex
839 1807 1014 1870 auctoritate
1031 1805 1176 1869 bominum
1193 1804 1233 1867 ir-

81 1917 256 1993 repserunt,
281 1907 431 1992 ipsamque
449 1909 493 1971 dei
511 1908 604 1992 legem
620 1909 762 1972 triiariam
778 1928 846 1971 esse
864 1908 997 1972 diuisam.
1045 1903 1188 1992 Superest
1203 1915 1234 1969 ut
1334 1981 1337 1988 .

79 2013 147 2096 quis
165 2009 213 2072 ille
233 2009 272 2074 sit
285 2011 357 2074 deus
374 2011 448 2095 legis
464 2021 565 2074 auctor
580 2011 732 2074 dicendum
752 2009 896 2074 videatur.
942 2011 1032 2095 Atqui
1051 2009 1128 2072 istud
1147 2007 1233 2072 etiam

79 2135 119 2176 ex
137 2112 175 2174 iis
191 2131 264 2196 quae
281 2112 421 2176 hactenus
440 2113 581 2198 disputata
601 2123 680 2190 suut,
704 2113 728 2176 si
746 2122 857 2176 attente
872 2113 1013 2192 audieris,
1036 2121 1106 2197 puto
1121 2110 1171 2173 tibi
1185 2111 1234 2172 de-

77 2224 285 2278 monstratum.
331 2213 406 2277 Nam
429 2214 454 2278 si
474 2235 568 2299 neque
590 2235 606 2278 a
624 2216 754 2300 perlecto
772 2215 822 2278 illo
841 2215 896 2278 deo
916 2213 1009 2299 posita
1030 2214 1079 2278 lex
1099 2224 1162 2292 est,
1193 2211 1234 2275 uti

78 2315 250 2393 docuimus,
283 2337 377 2400 neqne
396 2337 468 2380 vero
485 2339 501 2379 a
519 2317 651 2398 diabolo,
682 2319 756 2401 quod
775 2317 852 2380 dictu
870 2316 956 2380 etiam
976 2318 1056 2381 netas
1073 2328 1135 2394 est,
1161 2315 1235 2378 alius

78 2417 118 2482 sit
134 2426 263 2501 oportet,
282 2417 330 2501 qui
345 2439 408 2483 eam
425 2419 519 2503 legem
535 2419 700 2483 stabilierit.
735 2417 789 2482 llic
806 2429 853 2482 cst
867 2419 957 2502 igitur
973 2419 1061 2483 tatius
1075 2420 1122 2484 illc
1137 2418 1232 2483 mundi

77 2539 242 2601 eorumque
258 2539 333 2602 quae
350 2520 379 2583 in
397 2541 433 2583 eo
450 2521 637 2584 continentur
653 2522 761 2584 artilex
776 2533 805 2584 et
821 2521 971 2598 conditor,
983 2503 1033 2584 ‘ab
1048 2521 1234 2608 illorum'na·

76 2633 144 2685 tura
162 2618 314 2699 diversus,
340 2633 369 2684 et
384 2623 414 2685 iu
430 2644 531 2686 eorum
552 2624 646 2686 medio
662 2643 716 2687 sua
731 2623 796 2686 iure
813 2623 1019 2700 collocandus,
1043 2646 1098 2707 qun
1116 2644 1155 2686 ex
1174 2643 1233 2686 nne·

76 2721 234 2787 diocritate
253 2725 311 2808 peti
329 2724 393 2788 eius
411 2725 564 2810 appellatio
582 2736 688 2810 potest.
729 2722 815 2809 Quod
830 2725 855 2787 si
869 2726 1015 2808 perlectus
1031 2725 1079 2788 ille
1094 2726 1165 2788 deus
1183 2746 1233 2788 nn·

77 2839 146 2890 tura
165 2846 219 2888 sna
236 2825 330 2889 bonos
347 2835 411 2904 est,
436 2839 466 2890 nt
483 2839 529 2890 est
545 2848 649 2892 revera
667 2824 778 2910 (Unum
796 2827 873 2890 onim
893 2827 1000 2890 bonum
1017 2848 1083 2892 csse
1100 2828 1183 2891 deum
1200 2848 1234 2891 ac
1247 2843 1330 2942 ppupp

77 2939 232 3015 parentem
250 2949 333 2991 suum
352 2930 482 2993 salvator
498 2929 641 3007 asseruit,
666 2951 750 3014 quem
769 2939 800 2992 et
816 2929 980 2993 bominibus
997 2929 1166 3015 patefecit),
1190 2941 1234 2992 est
1274 2930 1281 2953 ’
1320 2929 1326 2940 '

76 3041 177 3094 autem
197 3040 227 3092 et
244 3031 390 3094 contraria
409 3041 512 3095 natura
531 3032 695 3116 praeditus,
720 3033 811 3095 malus
830 3031 966 3096 uidelicet
983 3054 1018 3094 ac
1037 3053 1161 3116 pravus,
1186 3033 1233 3116 qui

75 3132 221 3198 iniustitia
245 3132 325 3195 velut
348 3135 464 3218 propria
488 3144 556 3197 nota
580 3133 845 3211 circumscribitur,
879 3133 927 3218 qui
948 3133 1027 3197 inter
1045 3134 1145 3197 ambos
1168 3133 1234 3198 illos

75 3236 252 3300 interiectus
270 3245 332 3314 est,
356 3247 389 3299 ut
407 3255 500 3320 neque
517 3235 623 3314 bonus,
648 3256 742 3320 neque
760 3235 852 3299 malus
867 3237 906 3298 sit
920 3246 969 3298 aut
983 3235 1121 3313 iniustus,
1147 3257 1232 3322 pecu·

77 3338 142 3402 tiari
160 3338 282 3421 quadam
302 3338 416 3400 ratione
431 3337 525 3402 iustus
542 3338 682 3424 appellari
703 3349 817 3423 potest,
841 3349 984 3422 quatenus
1002 3339 1131 3402 iustitiae
1148 3359 1233 3423 quam

77 3440 168 3504 babet
190 3439 390 3504 moderatione
417 3441 555 3526 iungitur.
601 3441 699 3524 Atque
720 3450 750 3503 et
767 3441 896 3526 perlecto
917 3440 972 3502 deo
992 3442 1087 3504 minor
1105 3451 1134 3504 et
1152 3440 1234 3504 iusti·

78 3543 139 3606 tiae
162 3539 241 3604 illius
266 3541 358 3627 impar
379 3543 416 3606 sit
437 3542 512 3605 idem
536 3541 584 3605 ille
609 3542 680 3605 deus
702 3553 835 3626 oportet,
868 3551 967 3628 utpote
990 3564 1048 3606 nou
1071 3543 1231 3628 ingenitus,

77 3645 130 3709 sed
149 3645 342 3729 generatione
363 3644 531 3728 productus.
576 3640 660 3708 Unus
679 3643 755 3708 enim
778 3655 822 3707 est
843 3644 990 3730 ingenitus
1009 3655 1107 3731 pater,
1140 3667 1233 3730 aquo

78 3746 199 3832 proprie
217 3757 286 3808 sunt
303 3744 452 3824 universa,
477 3767 540 3810 cum
556 3746 591 3809 ab
602 3751 646 3810 ‘eo
661 3756 727 3831 apta
743 3746 803 3810 sint
817 3757 847 3810 et
862 3767 1016 3831 suspensa.
1056 3745 1122 3811 Erit
1136 3759 1233 3810 tamen

77 3847 251 3912 adversario
268 3847 319 3910 illo
335 3847 429 3911 altero
445 3847 539 3911 maior
557 3869 590 3912 an
608 3848 819 3933 praestantior,
845 3850 960 3913 tametsi
977 3851 1123 3914 diversam
1142 3851 1181 3915 sit
1198 3850 1233 3914 ab

79 3963 204 4036 utroque
231 3962 362 4014 iacturam
388 3951 638 4034 substantiamque
662 3951 795 4014 sortitus.
841 3949 919 4014 Nam
946 3952 1106 4016 adversarii
1130 3963 1233 4017 natura

78 4052 229 4137 corruptio
252 4063 298 4115 est
323 4073 358 4114 ac
384 4053 542 4132 tenebrac3
573 4075 637 4116 cum
657 4054 777 4116 materia
801 4054 904 4139 quippe
928 4065 1083 4118 concretus
1106 4067 1167 4134 est,
1198 4077 1233 4119 ac

79 4153 244 4239 multiplex.
290 4154 333 4217 Aa
351 4155 478 4240 parentis
495 4155 621 4219 omnium
643 4155 764 4240 ingeniti
783 4167 885 4219 natura
901 4157 1097 4241 corruptionis
1116 4167 1163 4222 est
1180 4179 1233 4222 ex-

78 4277 167 4343 pers,
192 4255 301 4340 lexque
320 4257 381 4343 ipsa
400 4278 453 4343 per
471 4269 565 4322 semet
582 4259 732 4336 existens,
757 4259 881 4344 simplex
900 4270 929 4322 et
949 4259 1124 4324 uniusmodi.
1171 4259 1234 4324 ilo·

78 4439 372 4527 dpnpnxrdpucsnpme
386 4448 557 4498 numdandum
570 4449 640 4498 adin
705 4445 731 4500 6.
748 4449 809 4534 nqltp
845 4445 904 4514 udaie
918 4451 1008 4532 placuit
1024 4451 1118 4500 Grebia.
1168 4511 1176 4533 ‚
1210 4513 1216 4535 ι

79 4527 386 4648 “ldl‘uxldl‘blbl'rauc
418 4581 493 4650 ntae
507 4585 564 4635 aaut
577 4585 638 4636 non.
672 4515 810 4637 cenibil?
840 4519 1022 4572 ‘mm‘
1037 4519 1111 4570 lm*
1143 4534 1232 4572 ’Μ
