3018 4994
226 271 287 332 446
646 249 949 338 ειαοτισεινειιαιι

227 401 278 462 καὶ
293 395 346 480 τήν
361 399 535 480 οἰκονομίαν
551 401 583 464 δέ
601 402 656 466 7ἐν
670 409 707 490 τῇ
721 403 789 491 ἕκτη
805 409 863 466 τῶν
878 399 1008 486 ήμερῶν,
1030 399 1092 483 ήτις
1108 402 1167 465 ἐστὶ
1181 399 1365 486 παρασκευή,

228 498 279 564 τόν
292 501 410 581 ἐσχατον
424 497 585 586 άνθραπον
599 506 641 578 είς
655 499 844 588 άυαγέιυησιν
856 509 909 568 τοῦ
924 501 1043 588 πρότου
1058 499 1222 587 άνθράπσν
1238 505 1367 585 πεφηνέ-

226 628 289 666 ναι·
320 594 357 684 ἧς
375 603 544 686 οἰκονομίας
560 601 650 687 άργήν
667 607 718 670 καί
735 607 817 681 τέλος
832 608 882 670 καί
900 603 954 689 τήν
969 607 1054 687 έκτην
1071 603 1165 689 δ’ραν,
1195 597 1367 693 ένήπρος-

225 701 330 786 ηλιόθη
346 711 387 792 τῷ
401 703 484 794 ξόλρι.
532 704 590 770 Τόν
605 705 660 792 γάρ
679 709 785 773 τέλειον
802 713 887 772 Νοῦν
904 705 1093 788 ἐπιστάμενον
1110 704 1163 770 τόν
1175 713 1235 770 τόν
1253 709 1286 783 ἓξ
1304 703 1368 790 άρι-

226 804 307 887 θμόν
329 804 469 888 δύναμιν,
499 807 642 891 ποιήσειας
663 810 714 873 καὶ
731 806 947 894 άναγεννήσεως
963 811 1082 892 έχοντα,
1113 814 1282 890 φανεράσαι
1302 815 1366 884 τοῖς

225 910 301 984 υίοῑς
321 914 375 973 τοῦ
395 908 494 988 φωτός
510 908 564 992 τήν
589 908 661 975 8διά
681 919 735 976 τοῦ
750 913 893 990 φανέντος
906 909 1052 994 ἐπισήμου
1071 912 1113 985 εἰς
1127 907 1217 975 αὐτόν
1237 907 1298 974 0δι’
1313 906 1365 974 αά·

225 1016 277 1075 τοῦ
294 1011 450 1095 γενομένην
468 1009 666 1097 άναγέννησιν.
701 1010 810 1078 Ἔνθεν
831 1015 881 1078 καὶ
901 1011 937 1077 τά
955 1017 1042 1078 διπλᾶ
1059 1003 1213 1097 γήάμματα
1233 1009 1286 1077 τόν
1302 1009 1365 1095 α’ρι·

224 1111 305 1195 θμόν
321 1116 464 1196 ἐπίσημον
481 1115 554 1197 ἐχειν
570 1119 669 1197 φησίν.
711 1111 745 1178 ‘0
757 1114 813 1200 γάρ
832 1117 974 1198 ἐπίσημος
991 1111 1120 1199 άριθμός
1141 1115 1365 1198 10συγκραθελς

225 1223 286 1290 τοῖς
303 1215 527 1301 εἰκοσιτέσσαρσι
542 1221 691 1300 στοιχείοις
706 1215 738 1281 τό
756 1215 1080 1302 τριακονταγράμματον
1098 1213 1192 1297 ὄνομα
1207 1212 1364 1280 άπετέλεσε.
1426 1228 1432 1240 ’

226 1319 369 1402 Κέχρηται
396 1318 428 1381 δὲ
452 1315 580 1406 διακόνῳ
603 1325 643 1407 τῷ
668 1325 726 1382 τιῦν
748 1317 820 1384 ἑπτά
845 1317 984 1404 άριθμοῖν
1005 1320 1136 1403 μεγέθει,
1168 1315 1209 1392 τός
1232 1337 1324 1398 φησιν
1345 1313 1368 1400 ή

225 1418 357 1504 Μάρκου
377 1417 471 1504 Σιγή,
500 1423 551 1485 ἵνα
573 1426 625 1503 τῆς
648 1418 866 1504 αότοβουλήτου
889 1425 998 1504 βουλῆς
1018 1426 1181 1508 φανερωθῇ
1202 1416 1221 1484 ό
1243 1416 1366 1504 καρπός.

230 1521 289 1586 Τόν
308 1524 360 1605 μέν
376 1548 419 1588 τοι
437 1523 582 1604 ἐπίσημον
598 1529 702 1588 τοῦτον
719 1520 850 1608 α’ριθμόν
865 1525 913 1588 ἐπί
931 1530 985 1588 τοῦ
1002 1520 1163 1606 παρόντος,
1192 1522 1280 1604 φησί,
1312 1518 1367 1584 τόν

104 1659 155 1705 μς.
168 1646 213 1690 τοι.
232 1631 262 1670 ¹¹
275 1625 323 1689 ἐπὶ
339 1631 394 1689 τοῦ
409 1621 553 1708 ἐπισήμου
566 1627 771 1710 μορφωθέντα,
794 1623 911 1707 νόησον,
933 1622 985 1690 τόν
998 1622 1093 1708 όίςπερ
1107 1625 1282 1708 μερισθέντα
1302 1619 1367 1704 ”ἢ

225 1727 471 1808 διχοιομηθέντα,
501 1727 550 1791 καί
569 1725 623 1804 ἐξω
639 1733 791 1809 μείναντα,
818 1725 853 1802 δς
867 1733 903 1815 τῇ
920 1729 1024 1792 ἑαυτοῦ
1040 1724 1162 1808 δυνάμει
1176 1750 1206 1790 τε
1224 1727 1275 1790 καί
1293 1749 1366 1808 φρο-

224 1825 306 1908 νήσει
325 1826 374 1892 διά
392 1835 444 1910 τῆς
464 1825 512 1893 ἄπ’
530 1824 621 1894 αὐτοῦ
638 1833 787 1914 προβολῆς
804 1835 909 1894 τοῦτον
937 1825 1029 1893 13τόν
1046 1834 1106 1893 τῶν
1123 1825 1196 1892 έπτά
1213 1825 1367 1908 δυνάμεων

230 1928 347 1996 Μκατά
365 1934 485 2013 μίμησιν
501 1937 553 2012 τῆς
570 1927 753 2014 Ἑβδομάδος
769 1929 923 2012 δυνάμεως
938 1929 1072 2013 ἐψάγωσε
1086 1927 1212 2012 κόσμον,
1239 1929 1290 1993 καί
1306 1945 1364 2008 w-

225 2031 279 2115 γήν
301 2034 386 2097 έθετο
406 2028 480 2097 εἰναι
501 2039 555 2097 τοῦ
575 2030 727 2118 δρωμένου
743 2030 858 2108 παντός.
903 2033 1046 2116 Κέχρηται
1066 2031 1118 2112 μέν
1137 2025 1190 2096 οῦν
1209 2031 1260 2096 καί
1276 2027 1366 2104 αάτός

226 2127 314 2209 οὗτος
333 2136 408 2221 τῷδε
429 2140 469 2221 τῷ
487 2135 577 2222 ίργρι,
607 2133 648 2210 τός
666 2133 850 2219 αὐθαιρέτως
865 2130 915 2198 ὕπ’
933 2130 1024 2198 αότοῦ
1045 2134 1248 2221 ιὓγενομένρι,
1278 2131 1315 2198 τά
1333 2132 1366 2196 δὲ

225 2239 369 2314 διακονεῖ,
392 2234 543 2318 μιμήματα
557 2233 626 2301 όντα
640 2243 699 2302 τοῖν
714 2234 883 2319 άμιμήτων,
903 2233 958 2318 τήν
969 2231 1150 2318 Ἐνθάμησιν
1165 2241 1218 2316 τῆς
1229 2231 1364 2317 Μητρός.

160 2361 164 2369 ’
227 2339 288 2401 Καὶ
304 2333 323 2401 ό
339 2337 390 2420 μέν
405 2344 520 2421 πρῶτος
535 2335 660 2422 οόρανός
677 2339 836 2422 φθέγγεται
852 2335 885 2404 τό
903 2345 938 2416 ᾶ,
960 2332 978 2400 ό
995 2337 1026 2402 δέ
1040 2334 1112 2418 μετά
1127 2343 1231 2402 τοῦτον
1245 2333 1279 2402 τό
1296 2345 1327 2416 ἐ,
1346 2331 1365 2401 ό

226 2441 258 2504 δέ
272 2443 368 2523 τρίτος
382 2448 403 2520 ἦ
411 2489 419 2517 ,
440 2441 575 2524 τέταρτος
590 2439 622 2504 δέ
635 2441 685 2505 καί
701 2441 788 2521 μέσος
802 2446 862 2504 τοῖν
878 2435 949 2504 ἑπτά
963 2435 1019 2520 τήν
1033 2445 1085 2502 τοῦ
1098 2447 1112 2502 ῖ
1126 2440 1253 2521 δυ’ναμιν
1269 2440 1364 2518 ἐκφω-

223 2550 278 2620 νεῖ,
294 2536 312 2605 ό
327 2541 358 2605 δέ
371 2541 501 2621 πέμπτος
516 2539 547 2606 τό
562 2551 589 2617 ὀ,
612 2543 695 2617 έκτος
708 2543 740 2606 δέ
753 2539 786 2606 τό
801 2551 831 2619 fi,
852 2543 979 2624 έβδομος
1001 2540 1074 2605 Μδέ
1090 2541 1140 2604 καί
1154 2541 1288 2624 τέταρτος
1303 2533 1364 2606 άπό

231 2649 263 2690 ¹⁷
273 2643 363 2724 μέσον
377 2640 409 2707 τό
426 2652 451 2708 αῖ
469 2652 609 2724 στοιχεῖον
625 2645 730 2730 έκβορῖ,
751 2641 855 2719 καθιδς
871 2640 891 2725 ή
908 2641 1040 2727 Μάρκου
1055 2639 1147 2726 Σιγή,
1170 2638 1190 2724 ή
1205 2639 1296 2707 πολλά
1312 2641 1368 2724 μέν

225 2750 411 2824 φλυαροῦσα,
439 2746 531 2825 μηδέν
546 2745 577 2809 δὲ
593 2742 702 2827 άληθὲς
715 2745 853 2830 λέγουσα,
883 2748 1116 2827 διαβεβαιοῦται·
1138 2747 1172 2808 αἲ
1183 2769 1258 2818 τινες
1275 2742 1366 2808 δυνά-

225 2871 289 2927 μεις
302 2843 394 2928 όμοῦ,
416 2848 504 2926 φησί,
526 2855 618 2912 πᾶσαι
632 2850 672 2922 είς
686 2846 807 2930 άλλήλας
822 2854 1031 2928 σνμπλακεῐσαι
1045 2844 1149 2928 ήγοῦσι
1161 2847 1211 2910 καὶ
1227 2845 1364 2924 δοξάζου-

225 2969 271 3012 σιν
286 2952 399 3014 έιιεῑνον
412 2945 464 3029 ὕφ’
479 2941 516 3014 οὗ
532 2947 768 3032 προεβλήθησαν,
789 2945 810 3030 ή
827 2951 858 3014 δέ
872 2948 943 3026 δόξα
957 2955 1009 3030 τῆς
1024 2944 1097 3030 ήχής
1111 2945 1310 3030 άναπέμπεται
1324 2951 1365 3024 είς

224 3048 276 3115 τόν
292 3049 483 3136 Προπάτορα.
532 3047 646 3132 Ταύτης
662 3053 715 3132 μέν
730 3077 775 3116 τοι
789 3057 842 3133 τῆς
855 3055 1022 3136 δοξολογίας
1036 3049 1087 3114 τόν
1101 3043 1171 3134 ήχον
1187 3053 1228 3126 εἰς
1240 3049 1295 3132 τήν
1309 3057 1364 3135 γῆν

225 3150 389 3236 φερόμενόν
404 3173 478 3232 φησι
492 3151 621 3234 πλάστην
636 3155 772 3237 γενέσθαι
786 3155 836 3218 καί
850 3150 1007 3238 γεννήτορα
1019 3157 1078 3216 τῶν
1093 3153 1141 3217 ἐπί
1154 3159 1208 3234 τῆς
1221 3159 1289 3236 γῆς·
1311 3150 1363 3234 τήν

224 3254 255 3318 δὲ
272 3251 419 3330 άπόδειξιν
437 3256 520 3338 φέρει
539 3253 597 3319 άπό
615 3261 673 3319 ταῖν
693 3253 758 3338 άρτι
773 3258 959 3338 γεννωμένων
973 3258 1107 3338 βρεφῶν,
1137 3245 1177 3318 όν
1200 3251 1265 3336 18ή
1282 3251 1362 3339 φυγή

224 3354 285 3438 δίμα
301 3363 341 3442 τῷ
361 3359 392 3420 ἐκ
410 3356 521 3439 μήτρας
539 3365 696 3440 προελθεῖν
714 3359 816 3444 ἐπιβοᾷ
834 3355 900 3432 ένός
917 3356 1041 3422 ἑκάστου
1058 3363 1116 3420 τῶν
1133 3360 1282 3437 στοιχείων
1297 3353 1361 3421 τοά-

222 3483 281 3523 των
293 3456 345 3522 τόν
357 3450 435 3540 ἦγον.
470 3456 583 3532 Καθός
600 3451 654 3522 οὖν
668 3461 701 3522 αἱ
714 3457 794 3536 ἑπτά,
816 3461 899 3541 φησὶ,
919 3455 1056 3538 δυνάμεις
1069 3458 1221 3534 δοξάζουσι
1235 3456 1286 3524 τόν
1299 3455 1358 3522 Λό-

223 3585 289 3644 γον,
320 3558 412 3634 οὕτως
427 3561 475 3624 καί
498 3558 517 3641 ή
533 3557 614 3641 ψυχή
632 3563 662 3624 ἐν
676 3570 738 3636 τοῖς
752 3562 873 3645 βρέφεσι
886 3563 1024 3626 κλαίουσα
1039 3559 1088 3622 καί
1103 3565 1259 3642 θρηνοῦσα
1273 3558 1358 3644 Μάρ-

223 3687 278 3726 κον
292 3661 404 3738 δοξάζει
419 3659 517 3726 αὐτόν.
552 3659 610 3726 Διά
624 3670 710 3728 τοῦτο
726 3662 757 3726 δὲ
771 3665 818 3728 καί
839 3661 889 3728 τόν
905 3663 999 3743 Δαβίδ
1013 3659 1171 3744 εἰρηκέναι,
1191 3658 1242 3726 ’Ex
1258 3661 1359 3743 στόμα·

104 3821 114 3844 ,
222 3789 272 3838 τος
289 3767 402 3843 νηπίων
417 3765 467 3827 καί
484 3761 673 3844 θηλαζόντων
690 3769 851 3850 κατηρτίσω
870 3761 966 3828 αἰνον·
988 3765 1038 3828 καί
1055 3759 1158 3842 πάλιν,
1183 3765 1223 3826 Οἱ
1241 3759 1358 3848 ου’ρανολ

229 3871 329 3929 19τόίν
349 3861 483 3948 οάρανῶν
500 3868 666 3949 διηγοῦνται
685 3864 772 3942 δόξαν
790 3873 874 3932 θεοῦ.
919 3866 977 3928 Καὶ
993 3863 1042 3929 διό
1057 3869 1142 3929 τοῦτο
1161 3865 1194 3929 ἐν
1209 3889 1241 3929 τε
1258 3863 1359 3938 πόνοις

224 3967 274 4034 καλ
287 3971 495 4050 ταλαιπωρίαις
508 3965 589 4049 ψυχή
605 3971 744 4054 γενομένη
758 3970 799 4043 εἰς
810 3965 960 4049 διυλισμόν
974 3963 1065 4048 αῦτής
1079 3967 1223 4046 ἐπιφανεῖ
1234 3971 1270 4011 ²⁰
1279 3965 1312 4032 τό
1325 3973 1357 4045 αῖ,

256 4103 281 4157 7.
297 4105 341 4157 τοῦ
357 4101 453 4165 πάθους
470 4108 538 4155 addit
553 4108 774 4169 Ρτιαδο-Οείςιτιεε.
808 4123 861 4156 eam
882 4105 1065 4171 generationem
1085 4121 1147 4171 ροεε
1167 4105 1234 4156 διατι
1255 4115 1295 4156 σιτ
1314 4121 1358 4174 ρει

198 4201 200 4206 -
256 4171 280 4223 8.
298 4169 339 4225 διὰ
356 4175 399 4224 τοῦ
416 4177 499 4234 scripsi
513 4175 542 4222 δι
556 4178 690 4224 auctoritate
703 4177 774 4224 Ριιυ-
809 4191 862 4224 eum
875 4172 915 4240 qui
927 4173 1097 4223 manifestatus
1109 4182 1144 4222 ειτ
1154 4171 1256 4240 insignis
1267 4171 1293 4224 ἰα
1305 4189 1356 4224 eum

223 4243 392 4302 δο-Οειρευίτ.
427 4242 500 4304 λἀίρο
517 4235 549 4294 δι’
567 4235 652 4294 αὐτοῦ.
807 4257 941 4292 numerum.

256 4305 289 4388 9.Ι
298 4303 403 4372 ἀριθμὸν
414 4323 457 4370 μιν
468 4303 500 4390 σι’
511 4304 587 4361 αἰτοῦ
602 4313 775 4392 ρλαιαρελυριιυ-
842 4312 881 4362 10.
899 4307 1081 4394 ρνγκερασθελς
1094 4311 1183 4360 Ριεασσ
1191 4311 1329 4392 -Ιοτίγειιικη

220 4381 298 4440 posunt
312 4390 340 4424 ευ
356 4377 406 4424 cod.
420 4378 496 4426 Ρατιι.
530 4375 566 4436 είς
582 4393 628 4442 την
649 4381 674 4430 δι
698 4392 773 4429 αυτου
844 4377 880 4428 λλ.
898 4393 946 4429 ατο
964 4381 1109 4428 correxerunt
1125 4379 1243 4441 Ρελαυιιιι,
1259 4380 1353 4428 διαοιτι

223 4441 286 4509 έιτιγ.
304 4435 461 4508 διαγέννησιν
475 4445 541 4493 habet
555 4447 774 4508 Ριευσο-Οτίςιιιει.
807 4448 906 4508 aliique,
925 4447 971 4498 λετ.
987 4447 1130 4508 λυλειμτείεοι
1147 4450 1225 4497 uenti.

224 4513 270 4564 λἰλ.
285 4513 410 4573 latemus:
426 4510 594 4563 ωεαίλειιωιε
607 4510 662 4562 filiis
677 4509 774 4562 λυαιίαἰι
