<?xml version="1.0" encoding="UTF-8"?>
<!DOCTYPE html PUBLIC "-//W3C//DTD XHTML 1.0 Transitional//EN"
    "http://www.w3.org/TR/xhtml1/DTD/xhtml1-transitional.dtd">
<html xmlns="http://www.w3.org/1999/xhtml" xml:lang="en" lang="en">
 <head>
  <title>
</title>
<meta http-equiv="Content-Type" content="text/html;charset=utf-8" />
  <meta name='ocr-system' content='tesseract 3.04.00' />
  <meta name='ocr-capabilities' content='ocr_page ocr_carea ocr_par ocr_line ocrx_word'/>
</head>
<body>
  <div class='ocr_page' id='page_1' title='image "./corporishaerese03oehlgoog_0608.png"; bbox 0 0 2994 5024; ppageno 0'>
   <div class='ocr_carea' id='block_1_1' title="bbox 352 325 1240 388">
    <p class='ocr_par' dir='ltr' id='par_1_1' title="bbox 352 325 1240 388">
     <span class='ocr_line' id='line_1_1' title="bbox 352 325 1240 388; baseline 0 0"><span class='ocrx_word' id='word_1_1' title='bbox 352 337 487 388; x_wconf 81' lang='lat' dir='ltr'>raanan</span> <span class='ocrx_word' id='word_1_2' title='bbox 505 337 569 388; x_wconf 83' lang='lat' dir='ltr'>nro.</span> <span class='ocrx_word' id='word_1_3' title='bbox 584 339 600 388; x_wconf 93' lang='grc' dir='ltr'>ι.</span> <span class='ocrx_word' id='word_1_4' title='bbox 620 335 703 388; x_wconf 79' lang='lat' dir='ltr'>nou.</span> <span class='ocrx_word' id='word_1_5' title='bbox 716 337 760 388; x_wconf 91' lang='grc' dir='ltr'><strong>ιιι.</strong></span> <span class='ocrx_word' id='word_1_6' title='bbox 778 335 876 386; x_wconf 82' lang='lat' dir='ltr'>naeu.</span> <span class='ocrx_word' id='word_1_7' title='bbox 891 335 973 386; x_wconf 84' lang='lat' dir='ltr'>xnrr.</span> <span class='ocrx_word' id='word_1_8' title='bbox 1182 325 1240 388; x_wconf 77' lang='lat' dir='ltr'>ent</span> 
     </span>
    </p>
   </div>
   <div class='ocr_carea' id='block_1_2' title="bbox 71 455 1378 4223">
    <p class='ocr_par' dir='ltr' id='par_1_2' title="bbox 72 455 1243 1354">
     <span class='ocr_line' id='line_1_2' title="bbox 77 455 1242 535; baseline 0 -19"><span class='ocrx_word' id='word_1_9' title='bbox 77 474 211 518; x_wconf 84' lang='lat' dir='ltr'>munere</span> <span class='ocrx_word' id='word_1_10' title='bbox 226 455 306 520; x_wconf 90' lang='lat' dir='ltr'>illum</span> <span class='ocrx_word' id='word_1_11' title='bbox 323 477 391 520; x_wconf 84' lang='lat' dir='ltr'>esse</span> <span class='ocrx_word' id='word_1_12' title='bbox 406 457 545 520; x_wconf 86' lang='lat' dir='ltr'>locutum.</span> <span class='ocrx_word' id='word_1_13' title='bbox 588 460 644 516; x_wconf 79' lang='lat' dir='ltr'>Pro</span> <span class='ocrx_word' id='word_1_14' title='bbox 654 459 827 535; x_wconf 78' lang='lat' dir='ltr'>purgatione</span> <span class='ocrx_word' id='word_1_15' title='bbox 841 467 899 527; x_wconf 86' lang='lat' dir='ltr'>tuo,</span> <span class='ocrx_word' id='word_1_16' title='bbox 918 459 993 516; x_wconf 79' lang='lat' dir='ltr'>riom</span> <span class='ocrx_word' id='word_1_17' title='bbox 1003 460 1150 535; x_wconf 71' lang='lat' dir='ltr'>praecepa</span> <span class='ocrx_word' id='word_1_18' title='bbox 1160 459 1242 535; x_wconf 78' lang='lat' dir='ltr'>Moy-</span> 
     </span>
     <span class='ocr_line' id='line_1_3' title="bbox 75 553 1243 642; baseline 0.003 -26"><span class='ocrx_word' id='word_1_19' title='bbox 75 577 140 616; x_wconf 80' lang='lat' dir='ltr'>ses.</span> <span class='ocrx_word' id='word_1_20' title='bbox 189 553 274 638; x_wconf 84' lang='lat' dir='ltr'>Quod</span> <span class='ocrx_word' id='word_1_21' title='bbox 298 557 323 620; x_wconf 89' lang='lat' dir='ltr'>si</span> <span class='ocrx_word' id='word_1_22' title='bbox 341 555 458 642; x_wconf 80' lang='lat' dir='ltr'>Moysis</span> <span class='ocrx_word' id='word_1_23' title='bbox 477 568 632 642; x_wconf 86' lang='lat' dir='ltr'>praecepto</span> <span class='ocrx_word' id='word_1_24' title='bbox 652 557 732 621; x_wconf 90' lang='lat' dir='ltr'>iubet</span> <span class='ocrx_word' id='word_1_25' title='bbox 747 555 958 640; x_wconf 84' lang='lat' dir='ltr'>obtemperari,</span> <span class='ocrx_word' id='word_1_26' title='bbox 993 557 1067 640; x_wconf 82' lang='lat' dir='ltr'>legis</span> <span class='ocrx_word' id='word_1_27' title='bbox 1086 558 1169 620; x_wconf 88' lang='lat' dir='ltr'>deum</span> <span class='ocrx_word' id='word_1_28' title='bbox 1190 559 1243 620; x_wconf 88' lang='lat' dir='ltr'>mi·</span> 
     </span>
     <span class='ocr_line' id='line_1_4' title="bbox 75 655 1240 743; baseline 0.003 -25"><span class='ocrx_word' id='word_1_29' title='bbox 75 657 164 719; x_wconf 83' lang='lat' dir='ltr'>niune</span> <span class='ocrx_word' id='word_1_30' title='bbox 180 660 365 736; x_wconf 78' lang='lat' dir='ltr'>condemnat,</span> <span class='ocrx_word' id='word_1_31' title='bbox 390 671 440 724; x_wconf 90' lang='lat' dir='ltr'>aut</span> <span class='ocrx_word' id='word_1_32' title='bbox 455 661 482 723; x_wconf 90' lang='lat' dir='ltr'>ei</span> <span class='ocrx_word' id='word_1_33' title='bbox 500 659 656 722; x_wconf 79' lang='lat' dir='ltr'>maledicit.</span> <span class='ocrx_word' id='word_1_34' title='bbox 704 655 762 722; x_wconf 86' lang='lat' dir='ltr'>Sed</span> <span class='ocrx_word' id='word_1_35' title='bbox 779 669 834 721; x_wconf 91' lang='lat' dir='ltr'>tam</span> <span class='ocrx_word' id='word_1_36' title='bbox 853 658 1040 742; x_wconf 88' lang='lat' dir='ltr'>semetipsum</span> <span class='ocrx_word' id='word_1_37' title='bbox 1057 679 1140 743; x_wconf 89' lang='lat' dir='ltr'>quam</span> <span class='ocrx_word' id='word_1_38' title='bbox 1156 660 1240 722; x_wconf 90' lang='lat' dir='ltr'>deum</span> 
     </span>
     <span class='ocr_line' id='line_1_5' title="bbox 75 758 1239 846; baseline 0 -22"><span class='ocrx_word' id='word_1_39' title='bbox 75 772 198 843; x_wconf 83' lang='lat' dir='ltr'>patrem</span> <span class='ocrx_word' id='word_1_40' title='bbox 218 782 303 825; x_wconf 90' lang='lat' dir='ltr'>suum</span> <span class='ocrx_word' id='word_1_41' title='bbox 322 764 415 846; x_wconf 79' lang='lat' dir='ltr'>legem</span> <span class='ocrx_word' id='word_1_42' title='bbox 433 760 533 846; x_wconf 82' lang='lat' dir='ltr'><strong>Moysi</strong></span> <span class='ocrx_word' id='word_1_43' title='bbox 551 761 705 824; x_wconf 78' lang='lat' dir='ltr'>tradidisse</span> <span class='ocrx_word' id='word_1_44' title='bbox 723 762 887 824; x_wconf 84' lang='lat' dir='ltr'>confirmat.</span> <span class='ocrx_word' id='word_1_45' title='bbox 931 758 979 824; x_wconf 89' lang='grc' dir='ltr'>Τιι</span> <span class='ocrx_word' id='word_1_46' title='bbox 997 782 1087 837; x_wconf 89' lang='lat' dir='ltr'>vero,</span> <span class='ocrx_word' id='word_1_47' title='bbox 1111 759 1239 839; x_wconf 83' lang='lat' dir='ltr'>Marcio,</span> 
     </span>
     <span class='ocr_line' id='line_1_6' title="bbox 74 861 1240 949; baseline 0.002 -25"><span class='ocrx_word' id='word_1_48' title='bbox 74 862 249 948; x_wconf 88' lang='lat' dir='ltr'>scripturae</span> <span class='ocrx_word' id='word_1_49' title='bbox 268 865 357 928; x_wconf 84' lang='lat' dir='ltr'>verba</span> <span class='ocrx_word' id='word_1_50' title='bbox 375 864 553 949; x_wconf 79' lang='lat' dir='ltr'>depravasti.</span> <span class='ocrx_word' id='word_1_51' title='bbox 599 861 676 927; x_wconf 87' lang='lat' dir='ltr'>Nem</span> <span class='ocrx_word' id='word_1_52' title='bbox 695 885 748 948; x_wconf 88' lang='lat' dir='ltr'>pro</span> <span class='ocrx_word' id='word_1_53' title='bbox 767 883 803 927; x_wconf 92' lang='lat' dir='ltr'>eo</span> <span class='ocrx_word' id='word_1_54' title='bbox 820 863 895 945; x_wconf 93' lang='lat' dir='ltr'>quod</span> <span class='ocrx_word' id='word_1_55' title='bbox 913 873 974 938; x_wconf 80' lang='lat' dir='ltr'>est,</span> <span class='ocrx_word' id='word_1_56' title='bbox 1006 867 1240 926; x_wconf 77' lang='lat' dir='ltr'>intertrimentum</span> 
     </span>
     <span class='ocr_line' id='line_1_7' title="bbox 74 961 1241 1046; baseline 0.002 -20"><span class='ocrx_word' id='word_1_57' title='bbox 74 968 169 1044; x_wconf 63' lang='lat' dir='ltr'>epse,</span> <span class='ocrx_word' id='word_1_58' title='bbox 195 970 228 1027; x_wconf 84' lang='lat' dir='ltr'>In</span> <span class='ocrx_word' id='word_1_59' title='bbox 245 971 431 1028; x_wconf 69' lang='lat' dir='ltr'>testimoium</span> <span class='ocrx_word' id='word_1_60' title='bbox 446 968 538 1040; x_wconf 76' lang='lat' dir='ltr'>nobes,</span> <span class='ocrx_word' id='word_1_61' title='bbox 564 987 652 1030; x_wconf 89' lang='lat' dir='ltr'>ausus</span> <span class='ocrx_word' id='word_1_62' title='bbox 670 987 703 1028; x_wconf 90' lang='lat' dir='ltr'>es</span> <span class='ocrx_word' id='word_1_63' title='bbox 723 963 898 1029; x_wconf 77' lang='lat' dir='ltr'>rescribere.</span> <span class='ocrx_word' id='word_1_64' title='bbox 945 961 1030 1046; x_wconf 85' lang='lat' dir='ltr'>Quod</span> <span class='ocrx_word' id='word_1_65' title='bbox 1047 965 1075 1028; x_wconf 91' lang='lat' dir='ltr'>ia</span> <span class='ocrx_word' id='word_1_66' title='bbox 1095 977 1174 1030; x_wconf 89' lang='lat' dir='ltr'>tuum</span> <span class='ocrx_word' id='word_1_67' title='bbox 1193 987 1241 1028; x_wconf 88' lang='lat' dir='ltr'>oa-</span> 
     </span>
     <span class='ocr_line' id='line_1_8' title="bbox 74 1067 1240 1153; baseline 0.001 -24"><span class='ocrx_word' id='word_1_68' title='bbox 74 1077 135 1150; x_wconf 83' lang='lat' dir='ltr'>put</span> <span class='ocrx_word' id='word_1_69' title='bbox 151 1068 303 1153; x_wconf 88' lang='lat' dir='ltr'>perspicue</span> <span class='ocrx_word' id='word_1_70' title='bbox 318 1070 457 1132; x_wconf 84' lang='lat' dir='ltr'>mentitus</span> <span class='ocrx_word' id='word_1_71' title='bbox 473 1089 518 1132; x_wconf 91' lang='lat' dir='ltr'>es.</span> <span class='ocrx_word' id='word_1_72' title='bbox 564 1067 597 1132; x_wconf 94' lang='lat' dir='ltr'>Si</span> <span class='ocrx_word' id='word_1_73' title='bbox 616 1069 693 1130; x_wconf 91' lang='lat' dir='ltr'>enim</span> <span class='ocrx_word' id='word_1_74' title='bbox 710 1073 744 1130; x_wconf 84' lang='lat' dir='ltr'>In</span> <span class='ocrx_word' id='word_1_75' title='bbox 760 1072 943 1130; x_wconf 72' lang='lat' dir='ltr'>testiinonium</span> <span class='ocrx_word' id='word_1_76' title='bbox 959 1069 1036 1128; x_wconf 82' lang='lat' dir='ltr'>nobr&#39;s</span> <span class='ocrx_word' id='word_1_77' title='bbox 1051 1067 1172 1146; x_wconf 76' lang='lat' dir='ltr'>dixerit,</span> <span class='ocrx_word' id='word_1_78' title='bbox 1197 1079 1240 1131; x_wconf 87' lang='lat' dir='ltr'>te·</span> 
     </span>
     <span class='ocr_line' id='line_1_9' title="bbox 72 1169 1239 1257; baseline 0.002 -27"><span class='ocrx_word' id='word_1_79' title='bbox 72 1169 257 1234; x_wconf 84' lang='lat' dir='ltr'>stificatione</span> <span class='ocrx_word' id='word_1_80' title='bbox 273 1170 322 1234; x_wconf 87' lang='lat' dir='ltr'>illa</span> <span class='ocrx_word' id='word_1_81' title='bbox 336 1171 553 1257; x_wconf 84' lang='lat' dir='ltr'>comprobarit,</span> <span class='ocrx_word' id='word_1_82' title='bbox 578 1193 633 1234; x_wconf 85' lang='lat' dir='ltr'>non</span> <span class='ocrx_word' id='word_1_83' title='bbox 649 1175 755 1232; x_wconf 71' lang='lat' dir='ltr'>uenisse</span> <span class='ocrx_word' id='word_1_84' title='bbox 768 1193 799 1232; x_wconf 88' lang='lat' dir='ltr'>se</span> <span class='ocrx_word' id='word_1_85' title='bbox 813 1173 902 1250; x_wconf 76' lang='lat' dir='ltr'>legem</span> <span class='ocrx_word' id='word_1_86' title='bbox 915 1171 1037 1242; x_wconf 82' lang='lat' dir='ltr'>soluere,</span> <span class='ocrx_word' id='word_1_87' title='bbox 1063 1173 1109 1231; x_wconf 77' lang='lat' dir='ltr'>eet</span> <span class='ocrx_word' id='word_1_88' title='bbox 1116 1174 1239 1250; x_wconf 83' lang='lat' dir='ltr'>propbe-</span> 
     </span>
     <span class='ocr_line' id='line_1_10' title="bbox 75 1276 403 1354; baseline 0.009 -23"><span class='ocrx_word' id='word_1_89' title='bbox 75 1283 146 1346; x_wconf 80' lang='lat' dir='ltr'>tas,</span> <span class='ocrx_word' id='word_1_90' title='bbox 171 1276 223 1334; x_wconf 80' lang='lat' dir='ltr'>sed</span> <span class='ocrx_word' id='word_1_91' title='bbox 242 1277 403 1354; x_wconf 66' lang='lat' dir='ltr'>adinplere.</span> 
     </span>
    </p>

    <p class='ocr_par' dir='ltr' id='par_1_3' title="bbox 72 1372 1378 1558">
     <span class='ocr_line' id='line_1_11' title="bbox 169 1372 1378 1456; baseline 0.002 -18"><span class='ocrx_word' id='word_1_92' title='bbox 169 1372 310 1440; x_wconf 80' lang='lat' dir='ltr'>Scholion</span> <span class='ocrx_word' id='word_1_93' title='bbox 328 1375 368 1438; x_wconf 85' lang='lat' dir='ltr'>ll.</span> <span class='ocrx_word' id='word_1_94' title='bbox 404 1380 441 1438; x_wconf 83' lang='lat' dir='ltr'>tn</span> <span class='ocrx_word' id='word_1_95' title='bbox 454 1387 545 1438; x_wconf 80' lang='lat' dir='ltr'>nutem</span> <span class='ocrx_word' id='word_1_96' title='bbox 561 1381 659 1438; x_wconf 80' lang='lat' dir='ltr'>rrtbn&#39;s</span> <span class='ocrx_word' id='word_1_97' title='bbox 675 1381 740 1456; x_wconf 72' lang='lat' dir='ltr'>quea</span> <span class='ocrx_word' id='word_1_98' title='bbox 753 1387 918 1455; x_wconf 83' lang='lat' dir='ltr'>potestatem</span> <span class='ocrx_word' id='word_1_99' title='bbox 933 1377 1107 1454; x_wconf 79' lang='lat' dir='ltr'>babetfilrirs</span> <span class='ocrx_word' id='word_1_100' title='bbox 1120 1378 1238 1437; x_wconf 78' lang='lat' dir='ltr'>domabis</span> <span class='ocrx_word' id='word_1_101' title='bbox 1252 1391 1335 1449; x_wconf 64' lang='lat' dir='ltr'>ouem,</span> <span class='ocrx_word' id='word_1_102' title='bbox 1346 1398 1378 1441; x_wconf 77' lang='lat' dir='ltr'>aa.</span> 
     </span>
     <span class='ocr_line' id='line_1_12' title="bbox 72 1481 540 1558; baseline 0 -20"><span class='ocrx_word' id='word_1_103' title='bbox 72 1481 246 1539; x_wconf 73' lang='lat' dir='ltr'>demittendi</span> <span class='ocrx_word' id='word_1_104' title='bbox 259 1490 378 1558; x_wconf 83' lang='lat' dir='ltr'>peecata</span> <span class='ocrx_word' id='word_1_105' title='bbox 400 1483 429 1540; x_wconf 82' lang='grc' dir='ltr'>ιἰι</span> <span class='ocrx_word' id='word_1_106' title='bbox 452 1491 540 1540; x_wconf 73' lang='lat' dir='ltr'>terra.</span> 
     </span>
    </p>

    <p class='ocr_par' dir='ltr' id='par_1_4' title="bbox 71 1575 1238 1972">
     <span class='ocr_line' id='line_1_13' title="bbox 168 1575 1237 1664; baseline 0 -22"><span class='ocrx_word' id='word_1_107' title='bbox 168 1577 270 1643; x_wconf 84' lang='lat' dir='ltr'>Reiut.</span> <span class='ocrx_word' id='word_1_108' title='bbox 291 1578 332 1642; x_wconf 90' lang='lat' dir='ltr'>ll.</span> <span class='ocrx_word' id='word_1_109' title='bbox 367 1575 441 1644; x_wconf 88' lang='lat' dir='ltr'>Cum</span> <span class='ocrx_word' id='word_1_110' title='bbox 466 1581 565 1664; x_wconf 86' lang='lat' dir='ltr'>itaque</span> <span class='ocrx_word' id='word_1_111' title='bbox 589 1581 674 1644; x_wconf 86' lang='lat' dir='ltr'>tilium</span> <span class='ocrx_word' id='word_1_112' title='bbox 700 1600 732 1644; x_wconf 93' lang='lat' dir='ltr'>se</span> <span class='ocrx_word' id='word_1_113' title='bbox 756 1579 881 1644; x_wconf 86' lang='lat' dir='ltr'>bominis</span> <span class='ocrx_word' id='word_1_114' title='bbox 901 1579 1025 1664; x_wconf 87' lang='lat' dir='ltr'>appellet</span> <span class='ocrx_word' id='word_1_115' title='bbox 1044 1577 1169 1662; x_wconf 81' lang='lat' dir='ltr'>unigena</span> <span class='ocrx_word' id='word_1_116' title='bbox 1193 1581 1237 1643; x_wconf 90' lang='lat' dir='ltr'>dei</span> 
     </span>
     <span class='ocr_line' id='line_1_14' title="bbox 73 1680 1238 1768; baseline 0.002 -26"><span class='ocrx_word' id='word_1_117' title='bbox 73 1680 176 1758; x_wconf 84' lang='lat' dir='ltr'>iilius,</span> <span class='ocrx_word' id='word_1_118' title='bbox 201 1681 346 1746; x_wconf 88' lang='lat' dir='ltr'>bominem</span> <span class='ocrx_word' id='word_1_119' title='bbox 363 1704 396 1745; x_wconf 87' lang='lat' dir='ltr'>se</span> <span class='ocrx_word' id='word_1_120' title='bbox 411 1704 479 1746; x_wconf 88' lang='lat' dir='ltr'>esse</span> <span class='ocrx_word' id='word_1_121' title='bbox 497 1705 555 1746; x_wconf 94' lang='lat' dir='ltr'>uou</span> <span class='ocrx_word' id='word_1_122' title='bbox 572 1693 671 1764; x_wconf 81' lang='lat' dir='ltr'>negat,</span> <span class='ocrx_word' id='word_1_123' title='bbox 696 1684 861 1766; x_wconf 78' lang='lat' dir='ltr'>frustraque</span> <span class='ocrx_word' id='word_1_124' title='bbox 878 1684 952 1768; x_wconf 91' lang='lat' dir='ltr'>apud</span> <span class='ocrx_word' id='word_1_125' title='bbox 971 1692 998 1746; x_wconf 93' lang='lat' dir='ltr'>te</span> <span class='ocrx_word' id='word_1_126' title='bbox 1014 1681 1129 1745; x_wconf 82' lang='lat' dir='ltr'>sarritur</span> <span class='ocrx_word' id='word_1_127' title='bbox 1140 1683 1238 1766; x_wconf 87' lang='lat' dir='ltr'>specie</span> 
     </span>
     <span class='ocr_line' id='line_1_15' title="bbox 71 1782 1238 1871; baseline -0.001 -26"><span class='ocrx_word' id='word_1_128' title='bbox 71 1783 162 1848; x_wconf 88' lang='lat' dir='ltr'>illum</span> <span class='ocrx_word' id='word_1_129' title='bbox 182 1793 266 1846; x_wconf 89' lang='lat' dir='ltr'>tenus</span> <span class='ocrx_word' id='word_1_130' title='bbox 284 1785 466 1871; x_wconf 83' lang='lat' dir='ltr'>apparuisse.</span> <span class='ocrx_word' id='word_1_131' title='bbox 515 1782 587 1848; x_wconf 85' lang='lat' dir='ltr'>item</span> <span class='ocrx_word' id='word_1_132' title='bbox 602 1785 627 1848; x_wconf 91' lang='lat' dir='ltr'>si</span> <span class='ocrx_word' id='word_1_133' title='bbox 645 1795 817 1870; x_wconf 87' lang='lat' dir='ltr'>potestatem</span> <span class='ocrx_word' id='word_1_134' title='bbox 836 1784 923 1848; x_wconf 89' lang='lat' dir='ltr'>babet</span> <span class='ocrx_word' id='word_1_135' title='bbox 938 1785 967 1848; x_wconf 91' lang='lat' dir='ltr'>in</span> <span class='ocrx_word' id='word_1_136' title='bbox 985 1795 1081 1862; x_wconf 87' lang='lat' dir='ltr'>terra,</span> <span class='ocrx_word' id='word_1_137' title='bbox 1107 1806 1165 1848; x_wconf 94' lang='lat' dir='ltr'>uon</span> <span class='ocrx_word' id='word_1_138' title='bbox 1182 1787 1238 1846; x_wconf 88' lang='lat' dir='ltr'>erit</span> 
     </span>
     <span class='ocr_line' id='line_1_16' title="bbox 75 1885 990 1972; baseline 0.002 -24"><span class='ocrx_word' id='word_1_139' title='bbox 75 1897 164 1949; x_wconf 88' lang='lat' dir='ltr'>terra</span> <span class='ocrx_word' id='word_1_140' title='bbox 188 1887 225 1948; x_wconf 90' lang='lat' dir='ltr'>ab</span> <span class='ocrx_word' id='word_1_141' title='bbox 247 1885 324 1950; x_wconf 87' lang='lat' dir='ltr'>illius</span> <span class='ocrx_word' id='word_1_142' title='bbox 346 1909 381 1950; x_wconf 87' lang='lat' dir='ltr'>ac</span> <span class='ocrx_word' id='word_1_143' title='bbox 405 1888 496 1972; x_wconf 90' lang='lat' dir='ltr'>putris</span> <span class='ocrx_word' id='word_1_144' title='bbox 518 1888 610 1972; x_wconf 87' lang='lat' dir='ltr'>ipsius</span> <span class='ocrx_word' id='word_1_145' title='bbox 633 1887 770 1972; x_wconf 85' lang='lat' dir='ltr'>operibus</span> <span class='ocrx_word' id='word_1_146' title='bbox 792 1886 899 1950; x_wconf 88' lang='lat' dir='ltr'>aliena.</span> <span class='ocrx_word' id='word_1_147' title='bbox 988 1885 990 1890; x_wconf 77' lang='grc'><strong>’</strong></span> 
     </span>
    </p>

    <p class='ocr_par' dir='ltr' id='par_1_5' title="bbox 169 1985 1363 2070">
     <span class='ocr_line' id='line_1_17' title="bbox 169 1985 1363 2070; baseline -0.004 -18"><span class='ocrx_word' id='word_1_148' title='bbox 169 1985 271 2052; x_wconf 87' lang='lat' dir='ltr'>Scbol.</span> <span class='ocrx_word' id='word_1_149' title='bbox 290 1987 345 2052; x_wconf 91' lang='lat' dir='ltr'>lll.</span> <span class='ocrx_word' id='word_1_150' title='bbox 381 1994 515 2052; x_wconf 79' lang='lat' dir='ltr'>Domtirus</span> <span class='ocrx_word' id='word_1_151' title='bbox 537 2002 582 2050; x_wconf 85' lang='lat' dir='ltr'>est</span> <span class='ocrx_word' id='word_1_152' title='bbox 593 1991 679 2070; x_wconf 71' lang='lat' dir='ltr'>filiios</span> <span class='ocrx_word' id='word_1_153' title='bbox 701 1994 836 2064; x_wconf 72' lang='lat' dir='ltr'>demsisti,</span> <span class='ocrx_word' id='word_1_154' title='bbox 861 1995 944 2051; x_wconf 80' lang='lat' dir='ltr'>etrbm</span> <span class='ocrx_word' id='word_1_155' title='bbox 965 1991 1085 2052; x_wconf 70' lang='lat' dir='ltr'>sabboti</span> <span class='ocrx_word' id='word_1_156' title='bbox 1251 2009 1363 2068; x_wconf 64' lang='lat' dir='ltr'>cepas.</span> 
     </span>
    </p>

    <p class='ocr_par' dir='ltr' id='par_1_6' title="bbox 73 2088 1235 2483">
     <span class='ocr_line' id='line_1_18' title="bbox 166 2088 1235 2176; baseline 0.002 -22"><span class='ocrx_word' id='word_1_157' title='bbox 166 2089 270 2154; x_wconf 81' lang='lat' dir='ltr'>Reiut.</span> <span class='ocrx_word' id='word_1_158' title='bbox 287 2089 343 2154; x_wconf 86' lang='lat' dir='ltr'>tlt.</span> <span class='ocrx_word' id='word_1_159' title='bbox 378 2088 445 2156; x_wconf 86' lang='lat' dir='ltr'>Duo</span> <span class='ocrx_word' id='word_1_160' title='bbox 461 2091 547 2155; x_wconf 88' lang='lat' dir='ltr'>simul</span> <span class='ocrx_word' id='word_1_161' title='bbox 566 2093 620 2156; x_wconf 89' lang='lat' dir='ltr'>boc</span> <span class='ocrx_word' id='word_1_162' title='bbox 636 2092 665 2156; x_wconf 94' lang='lat' dir='ltr'>in</span> <span class='ocrx_word' id='word_1_163' title='bbox 680 2093 746 2155; x_wconf 90' lang='lat' dir='ltr'>loco</span> <span class='ocrx_word' id='word_1_164' title='bbox 761 2092 890 2156; x_wconf 86' lang='lat' dir='ltr'>salvator</span> <span class='ocrx_word' id='word_1_165' title='bbox 907 2092 942 2154; x_wconf 90' lang='lat' dir='ltr'>de</span> <span class='ocrx_word' id='word_1_166' title='bbox 957 2091 1056 2176; x_wconf 89' lang='lat' dir='ltr'>seipso</span> <span class='ocrx_word' id='word_1_167' title='bbox 1073 2094 1235 2176; x_wconf 82' lang='lat' dir='ltr'>profitetur,</span> 
     </span>
     <span class='ocr_line' id='line_1_19' title="bbox 75 2192 1234 2279; baseline 0.002 -23"><span class='ocrx_word' id='word_1_168' title='bbox 75 2192 220 2256; x_wconf 89' lang='lat' dir='ltr'>nimirum</span> <span class='ocrx_word' id='word_1_169' title='bbox 239 2193 327 2256; x_wconf 84' lang='lat' dir='ltr'>lilium</span> <span class='ocrx_word' id='word_1_170' title='bbox 347 2193 471 2258; x_wconf 90' lang='lat' dir='ltr'>bominis</span> <span class='ocrx_word' id='word_1_171' title='bbox 490 2214 523 2257; x_wconf 86' lang='lat' dir='ltr'>se</span> <span class='ocrx_word' id='word_1_172' title='bbox 543 2215 627 2272; x_wconf 89' lang='lat' dir='ltr'>esse,</span> <span class='ocrx_word' id='word_1_173' title='bbox 652 2195 821 2279; x_wconf 87' lang='lat' dir='ltr'>sabbatiqne</span> <span class='ocrx_word' id='word_1_174' title='bbox 840 2193 1005 2272; x_wconf 87' lang='lat' dir='ltr'>dominum,</span> <span class='ocrx_word' id='word_1_175' title='bbox 1032 2215 1068 2258; x_wconf 94' lang='lat' dir='ltr'>ue</span> <span class='ocrx_word' id='word_1_176' title='bbox 1086 2194 1234 2258; x_wconf 87' lang='lat' dir='ltr'>sabbatum</span> 
     </span>
     <span class='ocr_line' id='line_1_20' title="bbox 73 2293 1234 2380; baseline 0.002 -22"><span class='ocrx_word' id='word_1_177' title='bbox 73 2315 94 2358; x_wconf 81' lang='lat' dir='ltr'>a</span> <span class='ocrx_word' id='word_1_178' title='bbox 114 2293 266 2358; x_wconf 78' lang='lat' dir='ltr'>molitione</span> <span class='ocrx_word' id='word_1_179' title='bbox 282 2317 334 2358; x_wconf 90' lang='lat' dir='ltr'>sua</span> <span class='ocrx_word' id='word_1_180' title='bbox 351 2295 509 2360; x_wconf 83' lang='lat' dir='ltr'>abhorrere</span> <span class='ocrx_word' id='word_1_181' title='bbox 524 2297 713 2375; x_wconf 80' lang='lat' dir='ltr'>crederetur3</span> <span class='ocrx_word' id='word_1_182' title='bbox 738 2296 866 2376; x_wconf 90' lang='lat' dir='ltr'>etiamsi,</span> <span class='ocrx_word' id='word_1_183' title='bbox 891 2297 966 2379; x_wconf 93' lang='lat' dir='ltr'>quod</span> <span class='ocrx_word' id='word_1_184' title='bbox 984 2307 1161 2380; x_wconf 87' lang='lat' dir='ltr'>postremum</span> <span class='ocrx_word' id='word_1_185' title='bbox 1177 2308 1234 2374; x_wconf 88' lang='lat' dir='ltr'>est,</span> 
     </span>
     <span class='ocr_line' id='line_1_21' title="bbox 74 2396 899 2483; baseline 0 -23"><span class='ocrx_word' id='word_1_186' title='bbox 74 2397 158 2460; x_wconf 84' lang='lat' dir='ltr'>iilius</span> <span class='ocrx_word' id='word_1_187' title='bbox 182 2396 306 2460; x_wconf 90' lang='lat' dir='ltr'>hominis</span> <span class='ocrx_word' id='word_1_188' title='bbox 330 2399 367 2460; x_wconf 97' lang='lat' dir='ltr'>ob</span> <span class='ocrx_word' id='word_1_189' title='bbox 389 2409 564 2482; x_wconf 87' lang='lat' dir='ltr'>assumptam</span> <span class='ocrx_word' id='word_1_190' title='bbox 588 2419 705 2462; x_wconf 88' lang='lat' dir='ltr'>curnem</span> <span class='ocrx_word' id='word_1_191' title='bbox 729 2399 899 2483; x_wconf 84' lang='lat' dir='ltr'>appelletur.</span> 
     </span>
    </p>

    <p class='ocr_par' dir='ltr' id='par_1_7' title="bbox 76 2495 1350 2687">
     <span class='ocr_line' id='line_1_22' title="bbox 169 2495 1350 2585; baseline 0.002 -23"><span class='ocrx_word' id='word_1_192' title='bbox 169 2495 270 2562; x_wconf 89' lang='lat' dir='ltr'>Scbol.</span> <span class='ocrx_word' id='word_1_193' title='bbox 292 2497 345 2564; x_wconf 89' lang='lat' dir='ltr'>lV.</span> <span class='ocrx_word' id='word_1_194' title='bbox 378 2505 476 2562; x_wconf 86' lang='lat' dir='ltr'>ludum</span> <span class='ocrx_word' id='word_1_195' title='bbox 494 2505 664 2575; x_wconf 73' lang='lat' dir='ltr'>trementer,</span> <span class='ocrx_word' id='word_1_196' title='bbox 697 2505 748 2582; x_wconf 86' lang='lat' dir='ltr'>qui</span> <span class='ocrx_word' id='word_1_197' title='bbox 758 2504 823 2585; x_wconf 82' lang='lat' dir='ltr'>suit</span> <span class='ocrx_word' id='word_1_198' title='bbox 839 2506 980 2582; x_wconf 72' lang='lat' dir='ltr'>proditor.</span> <span class='ocrx_word' id='word_1_199' title='bbox 1028 2497 1086 2563; x_wconf 86' lang='lat' dir='ltr'>Pro</span> <span class='ocrx_word' id='word_1_200' title='bbox 1107 2521 1143 2564; x_wconf 86' lang='lat' dir='ltr'>co</span> <span class='ocrx_word' id='word_1_201' title='bbox 1165 2521 1235 2566; x_wconf 82' lang='lat' dir='ltr'>vero</span> <span class='ocrx_word' id='word_1_202' title='bbox 1249 2519 1304 2565; x_wconf 81' lang='lat' dir='ltr'>tutu.</span> <span class='ocrx_word' id='word_1_203' title='bbox 1317 2525 1350 2567; x_wconf 90' lang='grc' dir='ltr'>ιι.</span> 
     </span>
     <span class='ocr_line' id='line_1_23' title="bbox 76 2595 1068 2687; baseline 0.001 -23"><span class='ocrx_word' id='word_1_204' title='bbox 76 2602 159 2685; x_wconf 87' lang='lat' dir='ltr'>quod</span> <span class='ocrx_word' id='word_1_205' title='bbox 183 2611 245 2679; x_wconf 85' lang='lat' dir='ltr'>est,</span> <span class='ocrx_word' id='word_1_206' title='bbox 269 2607 421 2664; x_wconf 74' lang='lat' dir='ltr'>deseendit</span> <span class='ocrx_word' id='word_1_207' title='bbox 440 2626 501 2687; x_wconf 78' lang='lat' dir='ltr'>enm</span> <span class='ocrx_word' id='word_1_208' title='bbox 525 2595 608 2684; x_wconf 67' lang='lat' dir='ltr'>rprrb‘,</span> <span class='ocrx_word' id='word_1_209' title='bbox 634 2607 785 2666; x_wconf 81' lang='lat' dir='ltr'>Descendit</span> <span class='ocrx_word' id='word_1_210' title='bbox 804 2608 833 2666; x_wconf 86' lang='lat' dir='ltr'>in</span> <span class='ocrx_word' id='word_1_211' title='bbox 855 2607 960 2683; x_wconf 77' lang='grc' dir='ltr'><strong>ι’ριιιιιι,</strong></span> <span class='ocrx_word' id='word_1_212' title='bbox 987 2601 1068 2686; x_wconf 80' lang='lat' dir='ltr'>tegit.</span> 
     </span>
    </p>

    <p class='ocr_par' dir='ltr' id='par_1_8' title="bbox 72 2700 1295 3808">
     <span class='ocr_line' id='line_1_24' title="bbox 169 2700 1234 2787; baseline 0.006 -23"><span class='ocrx_word' id='word_1_213' title='bbox 169 2701 270 2768; x_wconf 83' lang='lat' dir='ltr'>Relnt.</span> <span class='ocrx_word' id='word_1_214' title='bbox 291 2702 347 2768; x_wconf 89' lang='lat' dir='ltr'>IV.</span> <span class='ocrx_word' id='word_1_215' title='bbox 381 2711 467 2768; x_wconf 85' lang='lat' dir='ltr'>Indos</span> <span class='ocrx_word' id='word_1_216' title='bbox 489 2711 640 2768; x_wconf 82' lang='lat' dir='ltr'>Ireorrbter</span> <span class='ocrx_word' id='word_1_217' title='bbox 662 2710 714 2786; x_wconf 86' lang='lat' dir='ltr'>qui</span> <span class='ocrx_word' id='word_1_218' title='bbox 725 2708 944 2787; x_wconf 73' lang='lat' dir='ltr'>fm&#39;tproda&#39;tor.</span> <span class='ocrx_word' id='word_1_219' title='bbox 998 2700 1159 2770; x_wconf 88' lang='lat' dir='ltr'>Cuiusnam</span> <span class='ocrx_word' id='word_1_220' title='bbox 1184 2707 1234 2770; x_wconf 88' lang='lat' dir='ltr'>ob-</span> 
     </span>
     <span class='ocr_line' id='line_1_25' title="bbox 76 2803 1235 2892; baseline 0.002 -22"><span class='ocrx_word' id='word_1_221' title='bbox 76 2806 189 2870; x_wconf 81' lang='lat' dir='ltr'>secro?</span> <span class='ocrx_word' id='word_1_222' title='bbox 231 2803 377 2871; x_wconf 86' lang='lat' dir='ltr'>Niiuirum</span> <span class='ocrx_word' id='word_1_223' title='bbox 396 2808 489 2887; x_wconf 87' lang='lat' dir='ltr'>illius,</span> <span class='ocrx_word' id='word_1_224' title='bbox 520 2807 831 2892; x_wconf 88' lang='lat' dir='ltr'>quicomprehensus,</span> <span class='ocrx_word' id='word_1_225' title='bbox 863 2807 920 2870; x_wconf 90' lang='lat' dir='ltr'>imo</span> <span class='ocrx_word' id='word_1_226' title='bbox 937 2818 967 2870; x_wconf 91' lang='lat' dir='ltr'>et</span> <span class='ocrx_word' id='word_1_227' title='bbox 983 2806 1011 2869; x_wconf 94' lang='lat' dir='ltr'>io</span> <span class='ocrx_word' id='word_1_228' title='bbox 1030 2828 1146 2870; x_wconf 87' lang='lat' dir='ltr'>crucem</span> <span class='ocrx_word' id='word_1_229' title='bbox 1165 2809 1235 2872; x_wconf 88' lang='lat' dir='ltr'>sub·</span> 
     </span>
     <span class='ocr_line' id='line_1_26' title="bbox 75 2907 1233 2995; baseline 0.003 -23"><span class='ocrx_word' id='word_1_230' title='bbox 75 2909 157 2972; x_wconf 87' lang='lat' dir='ltr'>latus</span> <span class='ocrx_word' id='word_1_231' title='bbox 176 2909 320 2992; x_wconf 88' lang='lat' dir='ltr'>multaque</span> <span class='ocrx_word' id='word_1_232' title='bbox 339 2930 495 2994; x_wconf 87' lang='lat' dir='ltr'>perpessus</span> <span class='ocrx_word' id='word_1_233' title='bbox 514 2921 571 2974; x_wconf 90' lang='lat' dir='ltr'>est.</span> <span class='ocrx_word' id='word_1_234' title='bbox 617 2907 750 2992; x_wconf 85' lang='lat' dir='ltr'>Quanam</span> <span class='ocrx_word' id='word_1_235' title='bbox 770 2910 859 2993; x_wconf 83' lang='lat' dir='ltr'>igitur</span> <span class='ocrx_word' id='word_1_236' title='bbox 875 2910 989 2972; x_wconf 90' lang='lat' dir='ltr'>ratione</span> <span class='ocrx_word' id='word_1_237' title='bbox 1006 2909 1233 2995; x_wconf 83' lang='lat' dir='ltr'>comprehensus</span> 
     </span>
     <span class='ocr_line' id='line_1_27' title="bbox 75 3011 1235 3098; baseline 0.001 -24"><span class='ocrx_word' id='word_1_238' title='bbox 75 3011 156 3094; x_wconf 86' lang='lat' dir='ltr'>affigi</span> <span class='ocrx_word' id='word_1_239' title='bbox 180 3011 258 3074; x_wconf 85' lang='lat' dir='ltr'>cruci</span> <span class='ocrx_word' id='word_1_240' title='bbox 280 3013 402 3095; x_wconf 86' lang='lat' dir='ltr'>poterit,</span> <span class='ocrx_word' id='word_1_241' title='bbox 426 3013 472 3095; x_wconf 92' lang='lat' dir='ltr'>qui</span> <span class='ocrx_word' id='word_1_242' title='bbox 492 3011 668 3074; x_wconf 86' lang='lat' dir='ltr'>contrectari</span> <span class='ocrx_word' id='word_1_243' title='bbox 688 3013 837 3090; x_wconf 88' lang='lat' dir='ltr'>manibus,</span> <span class='ocrx_word' id='word_1_244' title='bbox 863 3023 893 3074; x_wconf 91' lang='lat' dir='ltr'>ut</span> <span class='ocrx_word' id='word_1_245' title='bbox 909 3011 1081 3090; x_wconf 79' lang='lat' dir='ltr'>existimas,</span> <span class='ocrx_word' id='word_1_246' title='bbox 1106 3033 1163 3075; x_wconf 93' lang='lat' dir='ltr'>nou</span> <span class='ocrx_word' id='word_1_247' title='bbox 1183 3033 1235 3098; x_wconf 93' lang='lat' dir='ltr'>po·</span> 
     </span>
     <span class='ocr_line' id='line_1_28' title="bbox 78 3111 1233 3198; baseline 0.003 -22"><span class='ocrx_word' id='word_1_248' title='bbox 78 3123 158 3191; x_wconf 89' lang='lat' dir='ltr'>test,</span> <span class='ocrx_word' id='word_1_249' title='bbox 191 3111 360 3178; x_wconf 83' lang='lat' dir='ltr'>oblareio?</span> <span class='ocrx_word' id='word_1_250' title='bbox 402 3112 483 3178; x_wconf 88' lang='lat' dir='ltr'>Nibil</span> <span class='ocrx_word' id='word_1_251' title='bbox 502 3115 577 3178; x_wconf 90' lang='lat' dir='ltr'>enim</span> <span class='ocrx_word' id='word_1_252' title='bbox 599 3125 714 3198; x_wconf 87' lang='lat' dir='ltr'>praeter</span> <span class='ocrx_word' id='word_1_253' title='bbox 733 3114 849 3176; x_wconf 89' lang='lat' dir='ltr'>inanem</span> <span class='ocrx_word' id='word_1_254' title='bbox 866 3115 992 3198; x_wconf 89' lang='lat' dir='ltr'>speciem</span> <span class='ocrx_word' id='word_1_255' title='bbox 1012 3113 1126 3178; x_wconf 87' lang='lat' dir='ltr'>tribuis.</span> <span class='ocrx_word' id='word_1_256' title='bbox 1173 3112 1233 3179; x_wconf 89' lang='lat' dir='ltr'>Sed</span> 
     </span>
     <span class='ocr_line' id='line_1_29' title="bbox 77 3216 1232 3300; baseline 0.003 -22"><span class='ocrx_word' id='word_1_257' title='bbox 77 3216 154 3278; x_wconf 87' lang='lat' dir='ltr'>baec</span> <span class='ocrx_word' id='word_1_258' title='bbox 172 3223 220 3278; x_wconf 90' lang='lat' dir='ltr'>tua</span> <span class='ocrx_word' id='word_1_259' title='bbox 238 3216 336 3299; x_wconf 89' lang='lat' dir='ltr'>opinio</span> <span class='ocrx_word' id='word_1_260' title='bbox 355 3216 438 3279; x_wconf 88' lang='lat' dir='ltr'>lucile</span> <span class='ocrx_word' id='word_1_261' title='bbox 456 3217 656 3294; x_wconf 90' lang='lat' dir='ltr'>convincitur,</span> <span class='ocrx_word' id='word_1_262' title='bbox 687 3239 726 3280; x_wconf 82' lang='lat' dir='ltr'>es</span> <span class='ocrx_word' id='word_1_263' title='bbox 745 3237 781 3278; x_wconf 90' lang='lat' dir='ltr'>eo</span> <span class='ocrx_word' id='word_1_264' title='bbox 800 3217 874 3299; x_wconf 92' lang='lat' dir='ltr'>quod</span> <span class='ocrx_word' id='word_1_265' title='bbox 893 3217 1030 3300; x_wconf 88' lang='lat' dir='ltr'>scriptum</span> <span class='ocrx_word' id='word_1_266' title='bbox 1049 3229 1110 3296; x_wconf 89' lang='lat' dir='ltr'>est,</span> <span class='ocrx_word' id='word_1_267' title='bbox 1134 3221 1232 3280; x_wconf 80' lang='lat' dir='ltr'>lardum</span> 
     </span>
     <span class='ocr_line' id='line_1_30' title="bbox 72 3315 1233 3403; baseline 0.003 -24"><span class='ocrx_word' id='word_1_268' title='bbox 72 3321 259 3398; x_wconf 74' lang='lat' dir='ltr'>proditorem.</span> <span class='ocrx_word' id='word_1_269' title='bbox 306 3315 424 3382; x_wconf 79' lang='lat' dir='ltr'>Revera</span> <span class='ocrx_word' id='word_1_270' title='bbox 440 3321 543 3403; x_wconf 91' lang='lat' dir='ltr'>quippe</span> <span class='ocrx_word' id='word_1_271' title='bbox 559 3318 705 3382; x_wconf 89' lang='lat' dir='ltr'>dominum</span> <span class='ocrx_word' id='word_1_272' title='bbox 722 3339 804 3382; x_wconf 90' lang='lat' dir='ltr'>suum</span> <span class='ocrx_word' id='word_1_273' title='bbox 822 3317 958 3402; x_wconf 82' lang='lat' dir='ltr'>prodidit,</span> <span class='ocrx_word' id='word_1_274' title='bbox 976 3329 1002 3380; x_wconf 86' lang='lat' dir='ltr'>et</span> <span class='ocrx_word' id='word_1_275' title='bbox 1019 3317 1048 3380; x_wconf 94' lang='lat' dir='ltr'>in</span> <span class='ocrx_word' id='word_1_276' title='bbox 1065 3341 1167 3382; x_wconf 88' lang='lat' dir='ltr'>monus</span> <span class='ocrx_word' id='word_1_277' title='bbox 1182 3321 1233 3383; x_wconf 89' lang='lat' dir='ltr'>bo-</span> 
     </span>
     <span class='ocr_line' id='line_1_31' title="bbox 78 3417 1232 3504; baseline 0.002 -22"><span class='ocrx_word' id='word_1_278' title='bbox 78 3419 190 3482; x_wconf 87' lang='lat' dir='ltr'>minum</span> <span class='ocrx_word' id='word_1_279' title='bbox 208 3420 333 3482; x_wconf 91' lang='lat' dir='ltr'>tradidit.</span> <span class='ocrx_word' id='word_1_280' title='bbox 380 3417 485 3504; x_wconf 89' lang='lat' dir='ltr'>Neque</span> <span class='ocrx_word' id='word_1_281' title='bbox 503 3441 574 3484; x_wconf 86' lang='lat' dir='ltr'>rero</span> <span class='ocrx_word' id='word_1_282' title='bbox 590 3441 721 3483; x_wconf 88' lang='lat' dir='ltr'>caussam</span> <span class='ocrx_word' id='word_1_283' title='bbox 740 3431 816 3484; x_wconf 90' lang='lat' dir='ltr'>tuam</span> <span class='ocrx_word' id='word_1_284' title='bbox 831 3420 976 3498; x_wconf 88' lang='lat' dir='ltr'>sublevat,</span> <span class='ocrx_word' id='word_1_285' title='bbox 1001 3422 1088 3503; x_wconf 91' lang='lat' dir='ltr'>quod,</span> <span class='ocrx_word' id='word_1_286' title='bbox 1113 3427 1232 3484; x_wconf 79' lang='lat' dir='ltr'>Descen-</span> 
     </span>
     <span class='ocr_line' id='line_1_32' title="bbox 77 3520 1232 3606; baseline 0.003 -23"><span class='ocrx_word' id='word_1_287' title='bbox 77 3526 165 3584; x_wconf 80' lang='lat' dir='ltr'>da&#39;tr&#39;n</span> <span class='ocrx_word' id='word_1_288' title='bbox 182 3526 272 3601; x_wconf 70' lang='lat' dir='ltr'>abror,</span> <span class='ocrx_word' id='word_1_289' title='bbox 305 3543 382 3598; x_wconf 93' lang='lat' dir='ltr'>nou,</span> <span class='ocrx_word' id='word_1_290' title='bbox 412 3545 473 3583; x_wconf 76' lang='lat' dir='ltr'>euna</span> <span class='ocrx_word' id='word_1_291' title='bbox 490 3527 573 3603; x_wconf 71' lang='lat' dir='ltr'>aperi,</span> <span class='ocrx_word' id='word_1_292' title='bbox 598 3521 795 3586; x_wconf 86' lang='lat' dir='ltr'>substitueris.</span> <span class='ocrx_word' id='word_1_293' title='bbox 841 3520 948 3606; x_wconf 87' lang='lat' dir='ltr'>Neque</span> <span class='ocrx_word' id='word_1_294' title='bbox 967 3522 1042 3586; x_wconf 87' lang='lat' dir='ltr'>enirn</span> <span class='ocrx_word' id='word_1_295' title='bbox 1061 3545 1164 3587; x_wconf 88' lang='lat' dir='ltr'>caussa</span> <span class='ocrx_word' id='word_1_296' title='bbox 1181 3525 1232 3588; x_wconf 89' lang='lat' dir='ltr'>ad·</span> 
     </span>
     <span class='ocr_line' id='line_1_33' title="bbox 78 3623 1231 3710; baseline 0.003 -24"><span class='ocrx_word' id='word_1_297' title='bbox 78 3623 270 3706; x_wconf 88' lang='lat' dir='ltr'>umbrataque</span> <span class='ocrx_word' id='word_1_298' title='bbox 292 3624 391 3708; x_wconf 88' lang='lat' dir='ltr'>specie</span> <span class='ocrx_word' id='word_1_299' title='bbox 414 3625 535 3688; x_wconf 84' lang='lat' dir='ltr'>delinire</span> <span class='ocrx_word' id='word_1_300' title='bbox 558 3634 640 3708; x_wconf 91' lang='lat' dir='ltr'>potes</span> <span class='ocrx_word' id='word_1_301' title='bbox 660 3625 737 3688; x_wconf 88' lang='lat' dir='ltr'>illum</span> <span class='ocrx_word' id='word_1_302' title='bbox 757 3645 840 3708; x_wconf 89' lang='lat' dir='ltr'>quem</span> <span class='ocrx_word' id='word_1_303' title='bbox 862 3636 940 3690; x_wconf 88' lang='lat' dir='ltr'>tactu</span> <span class='ocrx_word' id='word_1_304' title='bbox 958 3637 1124 3710; x_wconf 88' lang='lat' dir='ltr'>perceptum</span> <span class='ocrx_word' id='word_1_305' title='bbox 1142 3627 1231 3690; x_wconf 87' lang='lat' dir='ltr'>luisse</span> 
     </span>
     <span class='ocr_line' id='line_1_34' title="bbox 78 3725 1295 3808; baseline 0.002 -20"><span class='ocrx_word' id='word_1_306' title='bbox 78 3727 193 3788; x_wconf 77' lang='lat' dir='ltr'>fateare</span> <span class='ocrx_word' id='word_1_307' title='bbox 215 3725 277 3808; x_wconf 89' lang='lat' dir='ltr'>ipse</span> <span class='ocrx_word' id='word_1_308' title='bbox 301 3726 346 3788; x_wconf 86' lang='lat' dir='ltr'>vel</span> <span class='ocrx_word' id='word_1_309' title='bbox 369 3726 490 3790; x_wconf 79' lang='lat' dir='ltr'>intritus.</span> <span class='ocrx_word' id='word_1_310' title='bbox 1282 3783 1295 3802; x_wconf 83' lang='grc'>,</span> 
     </span>
    </p>

    <p class='ocr_par' dir='ltr' id='par_1_9' title="bbox 78 3821 1345 3992">
     <span class='ocr_line' id='line_1_35' title="bbox 165 3821 1345 3914; baseline 0.001 -24"><span class='ocrx_word' id='word_1_311' title='bbox 165 3821 267 3890; x_wconf 86' lang='lat' dir='ltr'>Schol.</span> <span class='ocrx_word' id='word_1_312' title='bbox 287 3824 325 3892; x_wconf 86' lang='lat' dir='ltr'>V.</span> <span class='ocrx_word' id='word_1_313' title='bbox 360 3832 400 3890; x_wconf 84' lang='lat' dir='ltr'>Et</span> <span class='ocrx_word' id='word_1_314' title='bbox 414 3835 502 3890; x_wconf 85' lang='lat' dir='ltr'>omnr&#39;s</span> <span class='ocrx_word' id='word_1_315' title='bbox 524 3831 606 3890; x_wconf 87' lang='lat' dir='ltr'>turbu</span> <span class='ocrx_word' id='word_1_316' title='bbox 624 3833 775 3911; x_wconf 81' lang='lat' dir='ltr'>quaerebat</span> <span class='ocrx_word' id='word_1_317' title='bbox 791 3853 852 3892; x_wconf 86' lang='lat' dir='ltr'>eum</span> <span class='ocrx_word' id='word_1_318' title='bbox 870 3843 995 3912; x_wconf 80' lang='lat' dir='ltr'>tongere.</span> <span class='ocrx_word' id='word_1_319' title='bbox 1042 3836 1082 3894; x_wconf 84' lang='lat' dir='ltr'>Et</span> <span class='ocrx_word' id='word_1_320' title='bbox 1095 3837 1154 3914; x_wconf 69' lang='lat' dir='ltr'>abre</span> <span class='ocrx_word' id='word_1_321' title='bbox 1173 3835 1228 3894; x_wconf 86' lang='lat' dir='ltr'>ele·</span> <span class='ocrx_word' id='word_1_322' title='bbox 1244 3842 1299 3888; x_wconf 79' lang='lat' dir='ltr'>lbtd.</span> <span class='ocrx_word' id='word_1_323' title='bbox 1314 3847 1345 3892; x_wconf 86' lang='grc' dir='ltr'>ιι.</span> 
     </span>
     <span class='ocr_line' id='line_1_36' title="bbox 78 3931 419 3992; baseline -0.003 0"><span class='ocrx_word' id='word_1_324' title='bbox 78 3933 152 3992; x_wconf 79' lang='lat' dir='ltr'>oob&#39;s</span> <span class='ocrx_word' id='word_1_325' title='bbox 175 3931 344 3992; x_wconf 75' lang='lat' dir='ltr'>conlibertis</span> <span class='ocrx_word' id='word_1_326' title='bbox 365 3943 419 3992; x_wconf 87' lang='lat' dir='ltr'>ete.</span> 
     </span>
    </p>

    <p class='ocr_par' dir='ltr' id='par_1_10' title="bbox 76 4025 1228 4223">
     <span class='ocr_line' id='line_1_37' title="bbox 125 4025 1228 4120; baseline 0.005 -26"><span class='ocrx_word' id='word_1_327' title='bbox 125 4097 127 4100; x_wconf 75' lang='grc'><strong>,</strong></span> <span class='ocrx_word' id='word_1_328' title='bbox 164 4029 266 4094; x_wconf 76' lang='lat' dir='ltr'>fletui.</span> <span class='ocrx_word' id='word_1_329' title='bbox 285 4029 323 4094; x_wconf 91' lang='lat' dir='ltr'>V.</span> <span class='ocrx_word' id='word_1_330' title='bbox 359 4030 417 4115; x_wconf 84' lang='lat' dir='ltr'>Qui</span> <span class='ocrx_word' id='word_1_331' title='bbox 444 4034 557 4096; x_wconf 89' lang='lat' dir='ltr'>tandem</span> <span class='ocrx_word' id='word_1_332' title='bbox 582 4025 701 4117; x_wconf 81' lang='lat' dir='ltr'>tangore</span> <span class='ocrx_word' id='word_1_333' title='bbox 725 4035 802 4098; x_wconf 90' lang='lat' dir='ltr'>illum</span> <span class='ocrx_word' id='word_1_334' title='bbox 829 4035 913 4099; x_wconf 89' lang='lat' dir='ltr'>turba</span> <span class='ocrx_word' id='word_1_335' title='bbox 939 4035 1031 4119; x_wconf 92' lang='lat' dir='ltr'>potuit</span> <span class='ocrx_word' id='word_1_336' title='bbox 1052 4038 1099 4120; x_wconf 92' lang='lat' dir='ltr'>qui</span> <span class='ocrx_word' id='word_1_337' title='bbox 1123 4045 1228 4100; x_wconf 77' lang='lat' dir='ltr'>metum</span> 
     </span>
     <span class='ocr_line' id='line_1_38' title="bbox 76 4132 1230 4223; baseline 0.003 -24"><span class='ocrx_word' id='word_1_338' title='bbox 76 4153 193 4199; x_wconf 87' lang='lat' dir='ltr'>omnem</span> <span class='ocrx_word' id='word_1_339' title='bbox 213 4133 374 4215; x_wconf 82' lang='lat' dir='ltr'>effugeret?</span> <span class='ocrx_word' id='word_1_340' title='bbox 417 4132 566 4217; x_wconf 84' lang='lat' dir='ltr'>Quosnam</span> <span class='ocrx_word' id='word_1_341' title='bbox 584 4155 654 4198; x_wconf 87' lang='lat' dir='ltr'>vero</span> <span class='ocrx_word' id='word_1_342' title='bbox 678 4135 706 4198; x_wconf 90' lang='lat' dir='ltr'>in</span> <span class='ocrx_word' id='word_1_343' title='bbox 723 4136 836 4200; x_wconf 92' lang='lat' dir='ltr'>coelum</span> <span class='ocrx_word' id='word_1_344' title='bbox 853 4139 954 4200; x_wconf 87' lang='lat' dir='ltr'>oculos</span> <span class='ocrx_word' id='word_1_345' title='bbox 971 4139 1089 4202; x_wconf 90' lang='lat' dir='ltr'>sustulit</span> <span class='ocrx_word' id='word_1_346' title='bbox 1110 4139 1158 4223; x_wconf 94' lang='lat' dir='ltr'>qui</span> <span class='ocrx_word' id='word_1_347' title='bbox 1177 4141 1230 4202; x_wconf 90' lang='lat' dir='ltr'>mi·</span> 
     </span>
    </p>
   </div>
   <div class='ocr_carea' id='block_1_3' title="bbox 76 4235 1368 4364">
    <p class='ocr_par' dir='ltr' id='par_1_11' title="bbox 76 4235 1368 4364">
     <span class='ocr_line' id='line_1_39' title="bbox 76 4235 1368 4364; baseline 0.002 -63"><span class='ocrx_word' id='word_1_348' title='bbox 76 4236 156 4301; x_wconf 89' lang='lat' dir='ltr'>nime</span> <span class='ocrx_word' id='word_1_349' title='bbox 180 4255 218 4298; x_wconf 78' lang='lat' dir='ltr'>es</span> <span class='ocrx_word' id='word_1_350' title='bbox 241 4255 328 4299; x_wconf 89' lang='lat' dir='ltr'>corne</span> <span class='ocrx_word' id='word_1_351' title='bbox 349 4237 517 4302; x_wconf 77' lang='lat' dir='ltr'>constaret?</span> <span class='ocrx_word' id='word_1_352' title='bbox 560 4235 619 4302; x_wconf 88' lang='lat' dir='ltr'>Sed</span> <span class='ocrx_word' id='word_1_353' title='bbox 641 4249 671 4300; x_wconf 91' lang='lat' dir='ltr'>ut</span> <span class='ocrx_word' id='word_1_354' title='bbox 689 4237 804 4322; x_wconf 89' lang='lat' dir='ltr'>planum</span> <span class='ocrx_word' id='word_1_355' title='bbox 825 4241 951 4319; x_wconf 85' lang='lat' dir='ltr'>laceret,</span> <span class='ocrx_word' id='word_1_356' title='bbox 983 4244 1166 4302; x_wconf 79' lang='lat' dir='ltr'>Medrbtmem</span> <span class='ocrx_word' id='word_1_357' title='bbox 1184 4245 1233 4302; x_wconf 78' lang='lat' dir='ltr'>dea</span> <span class='ocrx_word' id='word_1_358' title='bbox 1242 4257 1262 4299; x_wconf 90' lang='grc' dir='ltr'>ι</span> <span class='ocrx_word' id='word_1_359' title='bbox 1255 4255 1368 4364; x_wconf 63' lang='lat' dir='ltr'>nprqou</span> 
     </span>
    </p>
   </div>
   <div class='ocr_carea' id='block_1_4' title="bbox 74 4485 1228 4620">
    <p class='ocr_par' dir='ltr' id='par_1_12' title="bbox 74 4485 1228 4620">
     <span class='ocr_line' id='line_1_40' title="bbox 107 4485 1228 4578; baseline 0 -30"><span class='ocrx_word' id='word_1_360' title='bbox 107 4491 151 4548; x_wconf 71' lang='lat'>49</span> <span class='ocrx_word' id='word_1_361' title='bbox 171 4485 241 4564; x_wconf 74' lang='grc' dir='ltr'>αὔτῳ</span> <span class='ocrx_word' id='word_1_362' title='bbox 230 4493 291 4547; x_wconf 84' lang='lat' dir='ltr'>ed.</span> <span class='ocrx_word' id='word_1_363' title='bbox 300 4493 384 4558; x_wconf 80' lang='lat' dir='ltr'>princ,</span> <span class='ocrx_word' id='word_1_364' title='bbox 397 4493 459 4560; x_wconf 83' lang='lat' dir='ltr'>quod</span> <span class='ocrx_word' id='word_1_365' title='bbox 471 4493 580 4548; x_wconf 85' lang='lat' dir='ltr'>mendum</span> <span class='ocrx_word' id='word_1_366' title='bbox 594 4509 636 4562; x_wconf 84' lang='lat' dir='ltr'>epe</span> <span class='ocrx_word' id='word_1_367' title='bbox 703 4496 744 4550; x_wconf 78' lang='lat'>50.</span> <span class='ocrx_word' id='word_1_368' title='bbox 761 4487 862 4552; x_wconf 85' lang='grc' dir='ltr'><strong>κακοιτι</strong></span> <span class='ocrx_word' id='word_1_369' title='bbox 877 4499 1050 4578; x_wconf 61' lang='lat' dir='ltr'>pretiosiorem</span> <span class='ocrx_word' id='word_1_370' title='bbox 1062 4499 1166 4551; x_wconf 78' lang='lat' dir='ltr'>Patauio.</span> <span class='ocrx_word' id='word_1_371' title='bbox 1188 4499 1228 4549; x_wconf 80' lang='lat' dir='ltr'>tt·</span> 
     </span>
     <span class='ocr_line' id='line_1_41' title="bbox 74 4562 950 4620; baseline 0 -2"><span class='ocrx_word' id='word_1_372' title='bbox 74 4565 125 4618; x_wconf 86' lang='lat' dir='ltr'>eod</span> <span class='ocrx_word' id='word_1_373' title='bbox 147 4565 221 4616; x_wconf 83' lang='lat' dir='ltr'>Vottc.</span> <span class='ocrx_word' id='word_1_374' title='bbox 237 4567 329 4616; x_wconf 77' lang='lat' dir='ltr'>emtettt</span> <span class='ocrx_word' id='word_1_375' title='bbox 345 4567 463 4616; x_wconf 79' lang='lat' dir='ltr'>Petuntur.</span> <span class='ocrx_word' id='word_1_376' title='bbox 670 4569 705 4617; x_wconf 87' lang='lat' dir='ltr'>bri</span> <span class='ocrx_word' id='word_1_377' title='bbox 722 4569 805 4620; x_wconf 83' lang='lat' dir='ltr'>babent</span> <span class='ocrx_word' id='word_1_378' title='bbox 822 4562 902 4620; x_wconf 75' lang='grc' dir='ltr'>κακόν</span> <span class='ocrx_word' id='word_1_379' title='bbox 919 4583 950 4618; x_wconf 76' lang='grc' dir='ltr'>τι</span> 
     </span>
    </p>
   </div>
   <div class='ocr_carea' id='block_1_5' title="bbox 0 0 1502 5024">
    <p class='ocr_par' dir='ltr' id='par_1_13' title="bbox 0 0 1502 5024">
     <span class='ocr_line' id='line_1_42' title="bbox 0 0 1502 5024; baseline 0 3"><span class='ocrx_word' id='word_1_380' title='bbox 0 0 1502 5024; x_wconf 95' lang='lat' dir='ltr'> </span> 
     </span>
    </p>
   </div>
  </div>
 </body>
</html>
