2994 5024
294 276 354 340 636
713 283 1022 338 εισστιτειεσλειιι

294 402 364 486 μετά
384 409 443 469 τῦν
464 408 590 487 νεκρῦνς
621 402 752 490 ἠγέρθη,
780 399 929 484 μνήσθητε
952 400 1008 467 ὅσα
1029 399 1166 486 ἐλάλησεν
1195 405 1237 470 ἐτι
1259 401 1303 470 ιδν
1329 401 1438 486 *ἐμοῦ

294 505 392 590 ῦμοδν,
423 504 469 572 ῦτι
492 509 539 570 δεῖ
560 504 612 572 τδν
634 505 700 571 υέδν
721 510 775 570 τοῦ
795 501 959 590 άνθροέπου
983 504 1117 571 Μπολλά
1138 515 1247 572 παθεῖν
1271 511 1326 572 παλ
1347 533 1437 592 ηρα-

294 614 430 692 δοθῆναι.

367 709 484 796 Ἕλεγχ.
498 707 548 786 ος’.
579 707 656 776 Οῦδέ
670 701 753 775 οῦτοέ
766 731 797 776 σε
810 713 966 776 πείθουσιν
979 711 1011 775 οἱ
1020 709 1142 796 ῦγγελαι,
1158 703 1359 797 ιδΜαρκέιιιι,
1373 709 1438 794 δμο-

291 820 445 899 λογοῦντες
466 813 519 894 μέν
539 811 629 878 αῦτδν
646 811 803 898 τριήμερυν
824 809 929 895 μεταξῦ
947 819 1058 898 νεκράν
1074 820 1265 900 γεγενῆσθαι,
1297 822 1394 894 {uim
1410 818 1438 881 δὲ

292 913 412 994 λοιπδν,
442 917 493 979 καλ
515 913 613 980 οῦκέτι
633 913 753 1001 νεκρδν,
784 913 830 979 άελ
851 913 902 997 μλα
919 920 1012 992 ζῶντα
1032 917 1064 980 ἐν
1082 923 1116 1004 τῇ
1135 914 1271 999 θεόκητι,
1301 919 1356 982 καὶ
1376 916 1437 1000 μηδ’

293 1017 369 1094 δλως
382 1018 582 1104 νεκρωθέντα,
604 1019 788 1102 νεκρωθέντα
803 1018 835 1082 δέ
849 1015 924 1084 κατά
938 1015 1034 1102 σάρκα
1047 1016 1079 1083 τά
1094 1017 1267 1104 τριήμερον,
1288 1023 1343 1084 καλ
1355 1020 1438 1085 πάλιν

292 1127 391 1199 ζῶντα.
435 1121 566 1206 Λέγουσι
580 1119 636 1205 γάρ
653 1117 766 1198 αῦεαῖς,
787 1117 919 1202 Ἀνέστη,
940 1117 997 1185 οῦκ
1012 1122 1088 1186 ἐστιν
1104 1113 1169 1186 ὦδε.
1217 1119 1258 1186 T&
1275 1123 1309 1187 δέ
1322 1120 1437 1203 Ἀνέσιη

292 1227 320 1287 ιλ
341 1225 414 1301 ἐστι,
445 1225 473 1287 εἰ
492 1221 532 1306 μή
554 1220 599 1288 δτι
620 1223 671 1286 καλ
688 1221 851 1305 ἐκοιμήθης
885 1223 1074 1305 Σαφέστερον
1096 1222 1149 1307 γάρ
1168 1219 1240 1288 αῦτδ
1259 1227 1435 1310 διηγοῦνται

292 1322 459 1408 Μνησθητε
474 1322 544 1411 γάρ,
578 1325 727 1406 08φασὶν,
759 1323 805 1390 ὅτι
819 1326 861 1390 ἐτι
877 1322 986 1411 περιαλν
1001 1330 1091 1390 ταῦτα
1105 1327 1198 1411 ἐλεγεν
1213 1320 1300 1408 ῦμῖν,
1335 1327 1385 1392 δτι
1400 1331 1438 1392 δεῖ

292 1435 403 1492 παθεῖν
423 1425 475 1492 τδν
495 1425 563 1493 υλδν
582 1435 636 1492 τοῦ
658 1424 840 1512 άνθράπου.

374 1732 459 1817 Σγόλ.
475 1733 522 1812 οξ.
554 1737 714 1817 Παρέκοψε
733 1733 766 1800 ιδ
784 1736 937 1817 εἰρημένον
951 1731 1026 1819 πρδς
1043 1732 1180 1798 Κλεάπαν
1201 1736 1253 1800 καλ
1270 1732 1325 1799 τδν
1340 1735 1435 1811 ἄλλον,

292 1833 340 1900 ὅτε
352 1834 529 1918 συνήντησεν
545 1834 655 1916 αὐτοῖς,
677 1835 721 1916 τά,
737 1829 777 1900 Ὦ
793 1834 911 1920 άνόητοι
925 1838 976 1902 καλ
987 1840 1104 1921 βραδεῖς
1117 1843 1171 1901 τοῦ
1184 1835 1333 1902 πιστεύειν
1351 1841 1437 1903 ο’ἐστὶ

291 1943 380 2002 πᾶσιν
401 1934 446 2014 οἷς
466 1937 604 2022 ἐλάλησαν
625 1942 657 2004 οἱ
674 1946 840 2023 προφῆται,
869 1935 933 2020 οάχλ
954 1944 1045 2003 ταῦτα
1066 1941 1125 2004 ἐδτι
1144 1947 1269 2017 παθεῖν,·
1297 1941 1354 2004 καὶ
1375 1937 1437 2004 ἀντὶ

170 2072 220 2116 τις.
233 2061 277 2106 εει.
291 2046 359 2118 τοῦ,
379 2036 443 2120 Ἐφ’
457 2037 503 2117 οἷς
519 2041 659 2124 ἐλάλησαν
675 2043 706 2106 ολ
718 2048 883 2124 προφῆται,
907 2043 1058 2123 ἐποίησεν,
1077 2038 1140 2122 Ἐφ’
1157 2038 1204 2116 οἷς
1216 2040 1343 2123 ἐλάλησα
1359 2039 1436 2124 ῦμῐν.

289 2137 443 2226 Ἐλλέγχεται
457 2145 489 2208 δέ
503 2143 549 2210 δτι
563 2142 610 2210 ὅτε
625 2147 725 2208 ἐκλασε
737 2141 790 2208 τάν
804 2141 902 2229 άρτον,
927 2141 1153 2226 Π’ἠνοέγθησαν
1168 2142 1265 2208 αῦτοῦν
1277 2146 1308 2209 ολ
1319 2140 1437 2224 α’φκθαλ-

291 2244 358 2324 μολ,
381 2247 432 2308 καλ
454 2247 618 2332 ἐπέγνωσαν
641 2243 738 2311 αῦτόν.

364 2344 481 2432 Ἔλεγχ.
497 2347 546 2426 οξ.
581 2346 685 2414 Πόθεν
699 2345 719 2430 ἡ
734 2346 833 2423 κλάσις
845 2353 899 2413 τοῦ
911 2345 1000 2430 άρτου
1015 2349 1140 2432 ἐγένετος
1162 2348 1223 2434 λέγε
1238 2341 1261 2413 ά
1276 2354 1435 2434 Μαριέων.

289 2444 361 2513 'And
380 2452 543 2530 φαντασίας
564 2448 585 2532 η’
605 2448 664 2516 άπδ
682 2448 816 2532 σώματος
833 2451 1020 2535 ἐνεργοῦντος
1036 2447 1165 2534 σ’γκηροῦ
1185 2448 1259 2515 κατά
1276 2447 1435 2532 άλήθειανς

288 2547 426 2627 Ἀναστάς
449 2551 504 2638 γάρ
525 2554 558 2617 ἐκ
578 2560 637 2618 τοῦν
654 2557 765 2636 νεκρῦν
781 2553 812 2617 ἐν
829 2549 908 2641 αῦτρῦ
926 2558 966 2640 τῷ
984 2549 1057 2640 άγέφ
1073 2551 1183 2634 σάματι
1198 2549 1300 2634 άνέσιη
1317 2554 1354 2617 ἐν
1369 2551 1433 2635 άλη-

289 2657 367 2740 asty.
409 2651 564 2737 Ἐποέησας
578 2655 625 2732 δέ,
656 2646 862 2738 αἷΜαρκέων,
891 2650 955 2718 άντλ
971 2660 1040 2732 τοῦ,
1073 2651 1118 2718 Οῦ
1135 2651 1226 2719 ταῦτά
1242 2657 1318 2720 ἐστιν
1334 2655 1358 2718 ἃ
1374 2654 1433 2721 ἐλά·

288 2762 377 2838 λησαν
389 2759 420 2820 ολ
432 2763 599 2842 προφῆταις
619 2756 710 2822 ταῦτά
727 2757 803 2821 ἐστιν
817 2755 837 2820 δ
852 2755 974 2838 ἐλάλησα
987 2753 1071 2838 ῦμῑν,·
1089 2757 1173 2819 ”Ec
1184 2757 1217 2820 δέ
1229 2752 1308 2820 εἶπεν
1320 2755 1433 2834 αὐτοῖς,

288 2854 427 2940 Ἐλάλησα
443 2856 529 2942 ὑμῖν,
558 2856 654 2941 πάντη
669 2861 828 2944 ἐγίνωσκον
847 2855 937 2922 αάτδν
953 2855 990 2922 άν
1005 2855 1064 2922 α’πδ
1081 2863 1135 2922 τοῦ
1151 2855 1239 2942 λόγου
1254 2864 1321 2936 τοῦ,
1352 2855 1432 2924 Ἠοί-

288 2966 362 3040 λησα
378 2957 457 3042 ῦμῖν.
490 2965 563 3037 Ποῦς
579 2953 634 3027 οῦν
653 2963 685 3026 ἐν
700 2967 736 3050 τῇ
751 2958 848 3024 κλάσει
862 2967 915 3025 τοῦ
928 2958 1018 3044 α”ρτου
1032 2961 1116 3044 λέγει,
1131 2957 1323 3043 Ἠνυλγθησαν
1334 2959 1433 3026 αῦτῦν

290 3064 320 3126 οἱ
340 3059 507 3145 ὀφθαλμοὶ,
537 3065 587 3128 καλ
608 3065 776 3148 ἐπέγνωσαν
798 3059 902 3141 αῦτδν,
931 3063 981 3126 καὶ
1003 3059 1133 3141 άφαντος
1154 3064 1279 3148 ἐγέυειο,Ι
1301 3062 1432 3151 'hom

289 3163 345 3250 γάρ
362 3162 441 3253 αῦτρῦ
455 3171 519 3254 θεῷ
533 3163 611 3245 ὄντι,
634 3167 685 3230 καὶ
700 3163 902 3246 μεταβάλλοντι
916 3161 1009 3230 αῦτοῦ
1022 3162 1054 3228 τδ
1071 3169 1155 3246 σῶμα
1168 3165 1210 3240 εἰς
1225 3165 1429 3248 πνευματικὸν,

290 3254 440 3331 δεικνάναι
462 3267 514 3349 μέν
536 3264 607 3331 αῦτδ
630 3274 713 3348 σῶμα
734 3265 892 3349 άληθινδν,
922 3259 1130 3347 άφαντοῦσθαι
1155 3266 1187 3330 δέ
1213 3265 1262 3331 ῦτε
1286 3266 1428 3350 ἐβοῦλιτο,

289 3366 334 3434 ὅτι
355 3367 450 3434 πάντα
467 3365 547 3456 αὐτῷ
564 3369 681 3434 δυνατά.
727 3370 788 3434 Καὶ
809 3367 863 3455 γάρ
885 3370 936 3433 καλ
951 3366 1126 3448 Ἐλισσαῖος,
1153 3367 1310 3454 προφήτης
1326 3367 1369 3436 οῦν
1383 3371 1429 3436 καλ

288 3471 321 3535 ἐκ
336 3477 411 3536 θεοῦ
426 3468 525 3554 λαβάν
541 3471 594 3554 την
610 3472 709 3556 χάριν,
731 3469 819 3560 ᾔτησε
833 3469 913 3556 παρά
931 3476 1005 3536 θεοῦ
1018 3468 1088 3545 τοῦς
1104 3466 1193 3536 αῦτδν
1207 3477 1364 3554 ζητοῦντας
1376 3499 1426 3537 πτι-

287 3580 430 3654 ιαχθῆναι
446 3571 585 3661 άορασέρι,
608 3575 657 3638 καλ
674 3571 893 3657 ἐπατάχθησαν,
915 3575 965 3637 καλ
986 3571 1040 3638 οῦκ
1056 3575 1179 3654 ἔβλεπον
1192 3569 1285 3640 αῦτδν
1297 3583 1428 3641 τοιοῦτον

288 3673 359 3740 ὄντα
376 3671 440 3750 ολος
461 3669 505 3758 ἦν.
547 3673 632 3740 Ἀλλά
648 3677 698 3740 καλ
714 3677 745 3740 ἐν
760 3675 908 3759 Σοδόμοις
922 3673 974 3758 τὴν
987 3673 1087 3761 θάραν
1100 3681 1154 3740 τοῦ
1169 3673 1243 3742 A&
1257 3675 1427 3762 α’πέτρυμαν

288 3779 319 3842 ολ
337 3775 468 3862 άγγελσι,
489 3781 540 3844 καὶ
562 3776 617 3844 οῦκ
639 3779 762 3860 έβλετισν
783 3775 875 3861 νάκην
896 3781 927 3843 σι’
943 3782 1114 3859 Σοδομῖται»
1157 3777 1216 3860 Μὴ
1238 3782 1290 3845 καλ
1310 3777 1330 3864 ἡ
1349 3779 1426 3862 θῦρσ

287 3887 340 3944 τοῦ
356 3877 428 3944 Λάτ
450 3879 570 3964 δόκησις
590 3872 644 3962 ἦν,
675 3873 879 3967 άΜαρκλωνς
912 3877 974 3963 Οῦχ
993 3876 1178 3946 ῦπολεέπεται
1200 3882 1234 3946 δέ
1254 3902 1300 3948 σοι
1321 3880 1425 3947 άντιλο

287 3985 336 4067 γέιι
355 3979 485 4065 οῦδεμλα.
520 3980 644 4049 Ἔκλασε
664 3981 720 4069 γάρ
736 3981 788 4049 τδν
803 3981 892 4067 άρτον
906 3989 1025 4064 σαφοῦς,
1047 3984 1098 4048 καλ
1115 3983 1237 4050 διέδωκε
1258 3992 1317 4058 τοῖς
1336 3980 1424 4048 αὐτοῦ

288 4093 444 4167 μαθηταῖς.

292 4203 308 4234 ⁰

320 4237 361 4292 66.
379 4234 437 4306 μεθ’
454 4237 525 4308 ῦμῦν
542 4244 605 4291 abest
621 4256 701 4304 ιιφτο.
877 4256 958 4304 supra.

320 4306 362 4360 67.
377 4304 455 4360 πολλὰ
472 4311 536 4359 abeat
552 4323 632 4372 εαμτσ.
911 4307 950 4361 70.
969 4311 1050 4373 snpra
1065 4304 1241 4379 ηἰερλγθησαι.

304 4375 363 4440 ,θέλ
379 4378 444 4426 Libri
458 4379 540 4427 λαλιιιλ
556 4375 642 4444 φηολν.
910 4375 951 4428 71.
970 4381 1043 4429 λ’τιλο
1059 4377 1093 4431 El
1110 4375 1139 4433 δέ
1153 4407 1184 4418 -
1199 4405 1232 4418 -
1244 4405 1276 4418 -
1287 4369 1360 4443 λόγον
1372 4377 1420 4436 τοῦ,

319 4441 360 4494 69.
379 4446 475 4494 θεελίλιιλ
489 4447 683 4507 praepositionem
699 4443 756 4512 ἐπὶ,
783 4463 843 4510 φασι
875 4440 1008 4512 Ἐλάληοα
1021 4443 1087 4512 δμῖν,
1101 4446 1421 4510 mammutium

285 4513 322 4562 λλα
337 4515 362 4562 λιι
375 4513 440 4562 libris
453 4513 605 4564 desideratur.
639 4515 709 4564 Ετλολ
723 4529 753 4565 ιο
764 4522 843 4566 ονλειιι
872 4518 964 4578 μήτε,
980 4529 1010 4565 τε
1025 4518 1076 4566 αοιλ
1093 4517 1167 4566 Vatia.
1182 4518 1283 4578 ειροιιιλλ
1295 4515 1406 4564 Ριλταλιε
