<?xml version="1.0" encoding="UTF-8"?>
<!DOCTYPE html PUBLIC "-//W3C//DTD XHTML 1.0 Transitional//EN"
    "http://www.w3.org/TR/xhtml1/DTD/xhtml1-transitional.dtd">
<html xmlns="http://www.w3.org/1999/xhtml" xml:lang="en" lang="en">
 <head>
  <title>
</title>
<meta http-equiv="Content-Type" content="text/html;charset=utf-8" />
  <meta name='ocr-system' content='tesseract 3.04.00' />
  <meta name='ocr-capabilities' content='ocr_page ocr_carea ocr_par ocr_line ocrx_word'/>
</head>
<body>
  <div class='ocr_page' id='page_1' title='image "./corporishaerese03oehlgoog_0714.png"; bbox 0 0 2984 4996; ppageno 0'>
   <div class='ocr_carea' id='block_1_1' title="bbox 357 323 1238 386">
    <p class='ocr_par' dir='ltr' id='par_1_1' title="bbox 357 323 1238 386">
     <span class='ocr_line' id='line_1_1' title="bbox 357 323 1238 386; baseline 0 -2"><span class='ocrx_word' id='word_1_1' title='bbox 357 331 602 386; x_wconf 75' lang='lat' dir='ltr'><strong>remandaret.</strong></span> <span class='ocrx_word' id='word_1_2' title='bbox 619 332 699 385; x_wconf 81' lang='lat' dir='ltr'><strong>ron.</strong></span> <span class='ocrx_word' id='word_1_3' title='bbox 712 332 755 385; x_wconf 91' lang='grc' dir='ltr'><strong>ιιι.</strong></span> <span class='ocrx_word' id='word_1_4' title='bbox 773 329 870 384; x_wconf 79' lang='lat' dir='ltr'><strong>aare.</strong></span> <span class='ocrx_word' id='word_1_5' title='bbox 881 331 974 384; x_wconf 78' lang='lat' dir='ltr'><strong>xciv.</strong></span> <span class='ocrx_word' id='word_1_6' title='bbox 1177 323 1238 386; x_wconf 83' lang='grc'><strong>697</strong></span> 
     </span>
    </p>
   </div>
   <div class='ocr_carea' id='block_1_2' title="bbox 84 451 1388 4644">
    <p class='ocr_par' dir='ltr' id='par_1_2' title="bbox 87 451 1365 953">
     <span class='ocr_line' id='line_1_2' title="bbox 88 451 1236 539; baseline 0.003 -25"><span class='ocrx_word' id='word_1_7' title='bbox 88 471 164 515; x_wconf 88' lang='lat' dir='ltr'><strong>vera</strong></span> <span class='ocrx_word' id='word_1_8' title='bbox 180 451 211 514; x_wconf 89' lang='lat' dir='ltr'><strong>iu</strong></span> <span class='ocrx_word' id='word_1_9' title='bbox 229 471 316 515; x_wconf 89' lang='lat' dir='ltr'><strong>cruce</strong></span> <span class='ocrx_word' id='word_1_10' title='bbox 332 451 453 518; x_wconf 83' lang='lat' dir='ltr'><strong>suffixus</strong></span> <span class='ocrx_word' id='word_1_11' title='bbox 471 463 527 532; x_wconf 87' lang='lat' dir='ltr'><strong>est,</strong></span> <span class='ocrx_word' id='word_1_12' title='bbox 553 473 674 539; x_wconf 89' lang='lat' dir='ltr'><strong>eamque</strong></span> <span class='ocrx_word' id='word_1_13' title='bbox 692 455 783 539; x_wconf 81' lang='lat' dir='ltr'><strong>ipsam</strong></span> <span class='ocrx_word' id='word_1_14' title='bbox 800 471 916 516; x_wconf 90' lang='lat' dir='ltr'><strong>carnem</strong></span> <span class='ocrx_word' id='word_1_15' title='bbox 935 451 1084 538; x_wconf 77' lang='lat' dir='ltr'><strong>discipulis</strong></span> <span class='ocrx_word' id='word_1_16' title='bbox 1098 455 1236 518; x_wconf 87' lang='lat' dir='ltr'><strong>ostendit.</strong></span> 
     </span>
     <span class='ocr_line' id='line_1_3' title="bbox 87 551 1239 641; baseline 0.003 -23"><span class='ocrx_word' id='word_1_17' title='bbox 87 551 202 618; x_wconf 80' lang='lat' dir='ltr'><strong>Postea</strong></span> <span class='ocrx_word' id='word_1_18' title='bbox 219 554 373 618; x_wconf 81' lang='lat' dir='ltr'><strong>humanam</strong></span> <span class='ocrx_word' id='word_1_19' title='bbox 389 555 466 618; x_wconf 91' lang='lat' dir='ltr'><strong>illam</strong></span> <span class='ocrx_word' id='word_1_20' title='bbox 483 577 568 639; x_wconf 86' lang='lat' dir='ltr'><strong>qnam</strong></span> <span class='ocrx_word' id='word_1_21' title='bbox 585 566 749 641; x_wconf 76' lang='lat' dir='ltr'><strong>sumpserat</strong></span> <span class='ocrx_word' id='word_1_22' title='bbox 765 567 896 619; x_wconf 87' lang='lat' dir='ltr'><strong>naturam</strong></span> <span class='ocrx_word' id='word_1_23' title='bbox 913 554 1066 619; x_wconf 82' lang='lat' dir='ltr'><strong>resolvens</strong></span> <span class='ocrx_word' id='word_1_24' title='bbox 1085 557 1239 641; x_wconf 89' lang='lat' dir='ltr'><strong>unicuique</strong></span> 
     </span>
     <span class='ocr_line' id='line_1_4' title="bbox 89 657 1240 744; baseline 0.002 -24"><span class='ocrx_word' id='word_1_25' title='bbox 89 658 242 721; x_wconf 88' lang='lat' dir='ltr'><strong>elemento</strong></span> <span class='ocrx_word' id='word_1_26' title='bbox 266 657 340 742; x_wconf 90' lang='lat' dir='ltr'><strong>qnod</strong></span> <span class='ocrx_word' id='word_1_27' title='bbox 362 658 508 742; x_wconf 91' lang='lat' dir='ltr'><strong>proprium</strong></span> <span class='ocrx_word' id='word_1_28' title='bbox 530 668 593 722; x_wconf 88' lang='lat' dir='ltr'><strong>erat</strong></span> <span class='ocrx_word' id='word_1_29' title='bbox 612 659 757 737; x_wconf 89' lang='lat' dir='ltr'><strong>restituit,</strong></span> <span class='ocrx_word' id='word_1_30' title='bbox 780 658 862 722; x_wconf 86' lang='lat' dir='ltr'><strong>velut</strong></span> <span class='ocrx_word' id='word_1_31' title='bbox 882 657 975 721; x_wconf 90' lang='lat' dir='ltr'><strong>calido</strong></span> <span class='ocrx_word' id='word_1_32' title='bbox 995 657 1135 737; x_wconf 88' lang='lat' dir='ltr'><strong>calidum,</strong></span> <span class='ocrx_word' id='word_1_33' title='bbox 1159 659 1240 744; x_wconf 79' lang='lat' dir='ltr'><strong>frigi-</strong></span> 
     </span>
     <span class='ocr_line' id='line_1_5' title="bbox 87 757 1239 848; baseline 0.002 -26"><span class='ocrx_word' id='word_1_34' title='bbox 87 761 159 822; x_wconf 89' lang='lat' dir='ltr'><strong>dum</strong></span> <span class='ocrx_word' id='word_1_35' title='bbox 180 759 297 843; x_wconf 76' lang='lat' dir='ltr'><strong>frigido,</strong></span> <span class='ocrx_word' id='word_1_36' title='bbox 321 760 430 822; x_wconf 89' lang='lat' dir='ltr'><strong>siccum</strong></span> <span class='ocrx_word' id='word_1_37' title='bbox 446 759 538 840; x_wconf 92' lang='lat' dir='ltr'><strong>sicco,</strong></span> <span class='ocrx_word' id='word_1_38' title='bbox 563 759 707 824; x_wconf 85' lang='lat' dir='ltr'><strong>humidum</strong></span> <span class='ocrx_word' id='word_1_39' title='bbox 727 759 853 846; x_wconf 70' lang='lat' dir='ltr'><strong>humido.</strong></span> <span class='ocrx_word' id='word_1_40' title='bbox 901 757 944 823; x_wconf 92' lang='lat' dir='ltr'><strong>lta</strong></span> <span class='ocrx_word' id='word_1_41' title='bbox 961 780 1085 848; x_wconf 88' lang='lat' dir='ltr'><strong>corpore</strong></span> <span class='ocrx_word' id='word_1_42' title='bbox 1098 761 1147 824; x_wconf 94' lang='lat' dir='ltr'><strong>illo</strong></span> <span class='ocrx_word' id='word_1_43' title='bbox 1164 763 1239 846; x_wconf 92' lang='lat' dir='ltr'><strong>quod</strong></span> 
     </span>
     <span class='ocr_line' id='line_1_6' title="bbox 88 856 1365 953; baseline 0.002 -30"><span class='ocrx_word' id='word_1_44' title='bbox 88 883 183 925; x_wconf 87' lang='lat' dir='ltr'><strong>carne</strong></span> <span class='ocrx_word' id='word_1_45' title='bbox 206 861 358 925; x_wconf 89' lang='lat' dir='ltr'><strong>constabat</strong></span> <span class='ocrx_word' id='word_1_46' title='bbox 380 863 509 926; x_wconf 89' lang='lat' dir='ltr'><strong>resoluto</strong></span> <span class='ocrx_word' id='word_1_47' title='bbox 532 863 560 924; x_wconf 93' lang='lat' dir='ltr'><strong>in</strong></span> <span class='ocrx_word' id='word_1_48' title='bbox 585 864 715 941; x_wconf 89' lang='lat' dir='ltr'><strong>coelum,</strong></span> <span class='ocrx_word' id='word_1_49' title='bbox 740 864 816 928; x_wconf 89' lang='lat' dir='ltr'><strong>unde</strong></span> <span class='ocrx_word' id='word_1_50' title='bbox 838 875 976 943; x_wconf 83' lang='lat' dir='ltr'><strong>venerat,</strong></span> <span class='ocrx_word' id='word_1_51' title='bbox 1000 863 1143 926; x_wconf 88' lang='lat' dir='ltr'><strong>ascendit.</strong></span> <span class='ocrx_word' id='word_1_52' title='bbox 1348 856 1365 953; x_wconf 74' lang='grc' dir='ltr'><strong> </strong></span> 
     </span>
    </p>

    <p class='ocr_par' dir='ltr' id='par_1_3' title="bbox 84 961 1388 3837">
     <span class='ocr_line' id='line_1_7' title="bbox 177 961 1388 1052; baseline -0.001 -24"><span class='ocrx_word' id='word_1_53' title='bbox 177 961 204 1028; x_wconf 96' lang='lat'>0</span> <span class='ocrx_word' id='word_1_54' title='bbox 221 965 376 1028; x_wconf 91' lang='lat' dir='ltr'><strong>mendaces</strong></span> <span class='ocrx_word' id='word_1_55' title='bbox 394 965 461 1028; x_wconf 89' lang='lat' dir='ltr'><strong>talia</strong></span> <span class='ocrx_word' id='word_1_56' title='bbox 479 964 645 1029; x_wconf 84' lang='lat' dir='ltr'><strong>iactantiam</strong></span> <span class='ocrx_word' id='word_1_57' title='bbox 665 965 794 1028; x_wconf 80' lang='lat' dir='ltr'><strong>fabulas!</strong></span> <span class='ocrx_word' id='word_1_58' title='bbox 819 965 886 1050; x_wconf 90' lang='lat' dir='ltr'><strong>qui,</strong></span> <span class='ocrx_word' id='word_1_59' title='bbox 911 977 941 1028; x_wconf 91' lang='lat' dir='ltr'><strong>ut</strong></span> <span class='ocrx_word' id='word_1_60' title='bbox 957 985 1042 1028; x_wconf 88' lang='lat' dir='ltr'><strong>nemo</strong></span> <span class='ocrx_word' id='word_1_61' title='bbox 1058 985 1115 1026; x_wconf 91' lang='lat' dir='ltr'><strong>non</strong></span> <span class='ocrx_word' id='word_1_62' title='bbox 1131 965 1238 1030; x_wconf 90' lang='lat' dir='ltr'><strong>intelli·</strong></span> <span class='ocrx_word' id='word_1_63' title='bbox 1257 975 1315 1046; x_wconf 77' lang='lat' dir='ltr'><strong>Cap.</strong></span> <span class='ocrx_word' id='word_1_64' title='bbox 1331 979 1388 1052; x_wconf 52' lang='lat' dir='ltr'><strong>nt„</strong></span> 
     </span>
     <span class='ocr_line' id='line_1_8' title="bbox 86 1066 1239 1153; baseline 0.002 -23"><span class='ocrx_word' id='word_1_65' title='bbox 86 1067 152 1153; x_wconf 81' lang='lat' dir='ltr'><strong>git,</strong></span> <span class='ocrx_word' id='word_1_66' title='bbox 178 1069 329 1131; x_wconf 88' lang='lat' dir='ltr'><strong>mimorum</strong></span> <span class='ocrx_word' id='word_1_67' title='bbox 349 1067 446 1130; x_wconf 90' lang='lat' dir='ltr'><strong>ludum</strong></span> <span class='ocrx_word' id='word_1_68' title='bbox 463 1076 549 1151; x_wconf 89' lang='lat' dir='ltr'><strong>atque</strong></span> <span class='ocrx_word' id='word_1_69' title='bbox 566 1066 708 1130; x_wconf 86' lang='lat' dir='ltr'><strong>officinam</strong></span> <span class='ocrx_word' id='word_1_70' title='bbox 727 1067 840 1150; x_wconf 89' lang='lat' dir='ltr'><strong>aperire</strong></span> <span class='ocrx_word' id='word_1_71' title='bbox 858 1067 953 1152; x_wconf 91' lang='lat' dir='ltr'><strong>potins</strong></span> <span class='ocrx_word' id='word_1_72' title='bbox 972 1087 1057 1151; x_wconf 91' lang='lat' dir='ltr'><strong>quam</strong></span> <span class='ocrx_word' id='word_1_73' title='bbox 1074 1067 1152 1131; x_wconf 88' lang='lat' dir='ltr'><strong>vitae</strong></span> <span class='ocrx_word' id='word_1_74' title='bbox 1168 1089 1239 1132; x_wconf 88' lang='lat' dir='ltr'><strong>con-</strong></span> 
     </span>
     <span class='ocr_line' id='line_1_9' title="bbox 86 1169 1236 1255; baseline 0 -21"><span class='ocrx_word' id='word_1_75' title='bbox 86 1170 258 1255; x_wconf 86' lang='lat' dir='ltr'><strong>sequendae</strong></span> <span class='ocrx_word' id='word_1_76' title='bbox 278 1169 489 1254; x_wconf 81' lang='lat' dir='ltr'><strong>professionem</strong></span> <span class='ocrx_word' id='word_1_77' title='bbox 508 1181 557 1232; x_wconf 88' lang='lat' dir='ltr'><strong>ant</strong></span> <span class='ocrx_word' id='word_1_78' title='bbox 573 1170 782 1255; x_wconf 85' lang='lat' dir='ltr'><strong>intelligentiae</strong></span> <span class='ocrx_word' id='word_1_79' title='bbox 802 1171 921 1234; x_wconf 80' lang='lat' dir='ltr'><strong>formam</strong></span> <span class='ocrx_word' id='word_1_80' title='bbox 940 1169 1073 1234; x_wconf 85' lang='lat' dir='ltr'><strong>obtinere</strong></span> <span class='ocrx_word' id='word_1_81' title='bbox 1089 1169 1236 1234; x_wconf 88' lang='lat' dir='ltr'><strong>videntur.</strong></span> 
     </span>
     <span class='ocr_line' id='line_1_10' title="bbox 85 1271 1238 1358; baseline 0 -22"><span class='ocrx_word' id='word_1_82' title='bbox 85 1271 209 1336; x_wconf 88' lang='lat' dir='ltr'><strong>Etenim</strong></span> <span class='ocrx_word' id='word_1_83' title='bbox 229 1273 254 1335; x_wconf 93' lang='lat' dir='ltr'><strong>si</strong></span> <span class='ocrx_word' id='word_1_84' title='bbox 273 1273 389 1336; x_wconf 84' lang='lat' dir='ltr'><strong>onrnino</strong></span> <span class='ocrx_word' id='word_1_85' title='bbox 408 1273 483 1356; x_wconf 90' lang='lat' dir='ltr'><strong>quud</strong></span> <span class='ocrx_word' id='word_1_86' title='bbox 503 1271 650 1339; x_wconf 82' lang='lat' dir='ltr'><strong>asciverat</strong></span> <span class='ocrx_word' id='word_1_87' title='bbox 665 1272 719 1336; x_wconf 86' lang='lat' dir='ltr'><strong>sibi</strong></span> <span class='ocrx_word' id='word_1_88' title='bbox 737 1291 842 1358; x_wconf 87' lang='lat' dir='ltr'><strong>corpus</strong></span> <span class='ocrx_word' id='word_1_89' title='bbox 862 1271 1012 1351; x_wconf 80' lang='lat' dir='ltr'><strong>dissolvit,</strong></span> <span class='ocrx_word' id='word_1_90' title='bbox 1044 1292 1096 1335; x_wconf 91' lang='lat' dir='ltr'><strong>cur</strong></span> <span class='ocrx_word' id='word_1_91' title='bbox 1110 1271 1137 1334; x_wconf 94' lang='lat' dir='ltr'><strong>id</strong></span> <span class='ocrx_word' id='word_1_92' title='bbox 1155 1272 1238 1336; x_wconf 89' lang='lat' dir='ltr'><strong>initio</strong></span> 
     </span>
     <span class='ocr_line' id='line_1_11' title="bbox 87 1372 1239 1460; baseline 0 -22"><span class='ocrx_word' id='word_1_93' title='bbox 87 1374 267 1438; x_wconf 75' lang='lat' dir='ltr'><strong>fabricarit?</strong></span> <span class='ocrx_word' id='word_1_94' title='bbox 309 1372 394 1457; x_wconf 79' lang='lat' dir='ltr'><strong>Quod</strong></span> <span class='ocrx_word' id='word_1_95' title='bbox 412 1373 437 1438; x_wconf 90' lang='lat' dir='ltr'><strong>si</strong></span> <span class='ocrx_word' id='word_1_96' title='bbox 454 1375 488 1437; x_wconf 91' lang='lat' dir='ltr'><strong>ad</strong></span> <span class='ocrx_word' id='word_1_97' title='bbox 508 1395 589 1438; x_wconf 88' lang='lat' dir='ltr'><strong>usum</strong></span> <span class='ocrx_word' id='word_1_98' title='bbox 610 1374 762 1438; x_wconf 79' lang='lat' dir='ltr'><strong>fabricavit</strong></span> <span class='ocrx_word' id='word_1_99' title='bbox 778 1374 920 1459; x_wconf 78' lang='lat' dir='ltr'><strong>aliquem,</strong></span> <span class='ocrx_word' id='word_1_100' title='bbox 953 1374 1007 1438; x_wconf 85' lang='lat' dir='ltr'><strong>hoc</strong></span> <span class='ocrx_word' id='word_1_101' title='bbox 1023 1373 1086 1460; x_wconf 91' lang='lat' dir='ltr'><strong>ipso</strong></span> <span class='ocrx_word' id='word_1_102' title='bbox 1104 1395 1157 1438; x_wconf 90' lang='lat' dir='ltr'><strong>usu</strong></span> <span class='ocrx_word' id='word_1_103' title='bbox 1174 1394 1239 1460; x_wconf 91' lang='lat' dir='ltr'><strong>per·</strong></span> 
     </span>
     <span class='ocr_line' id='line_1_12' title="bbox 87 1474 1238 1561; baseline 0 -21"><span class='ocrx_word' id='word_1_104' title='bbox 87 1479 209 1541; x_wconf 85' lang='lat' dir='ltr'><strong>iunctus</strong></span> <span class='ocrx_word' id='word_1_105' title='bbox 232 1477 396 1561; x_wconf 89' lang='lat' dir='ltr'><strong>relinquere</strong></span> <span class='ocrx_word' id='word_1_106' title='bbox 419 1476 485 1540; x_wconf 91' lang='lat' dir='ltr'><strong>illud</strong></span> <span class='ocrx_word' id='word_1_107' title='bbox 509 1477 537 1540; x_wconf 92' lang='lat' dir='ltr'><strong>in</strong></span> <span class='ocrx_word' id='word_1_108' title='bbox 557 1475 644 1540; x_wconf 86' lang='lat' dir='ltr'><strong>terris</strong></span> <span class='ocrx_word' id='word_1_109' title='bbox 660 1476 775 1555; x_wconf 88' lang='lat' dir='ltr'><strong>debuit,</strong></span> <span class='ocrx_word' id='word_1_110' title='bbox 806 1474 976 1561; x_wconf 87' lang='lat' dir='ltr'><strong>praesertim</strong></span> <span class='ocrx_word' id='word_1_111' title='bbox 999 1499 1062 1540; x_wconf 92' lang='lat' dir='ltr'><strong>cum</strong></span> <span class='ocrx_word' id='word_1_112' title='bbox 1086 1487 1238 1542; x_wconf 71' lang='lat' dir='ltr'><strong>excestra</strong></span> 
     </span>
     <span class='ocr_line' id='line_1_13' title="bbox 86 1578 1240 1664; baseline 0 -20"><span class='ocrx_word' id='word_1_113' title='bbox 86 1581 239 1644; x_wconf 88' lang='lat' dir='ltr'><strong>sententia</strong></span> <span class='ocrx_word' id='word_1_114' title='bbox 264 1581 355 1643; x_wconf 81' lang='lat' dir='ltr'><strong>forma</strong></span> <span class='ocrx_word' id='word_1_115' title='bbox 379 1581 438 1663; x_wconf 88' lang='lat' dir='ltr'><strong>ipsa</strong></span> <span class='ocrx_word' id='word_1_116' title='bbox 456 1579 681 1642; x_wconf 88' lang='lat' dir='ltr'><strong>resurrectionis</strong></span> <span class='ocrx_word' id='word_1_117' title='bbox 701 1579 797 1642; x_wconf 84' lang='lat' dir='ltr'><strong>carnis</strong></span> <span class='ocrx_word' id='word_1_118' title='bbox 815 1578 914 1662; x_wconf 89' lang='lat' dir='ltr'><strong>perlici</strong></span> <span class='ocrx_word' id='word_1_119' title='bbox 931 1579 1009 1642; x_wconf 91' lang='lat' dir='ltr'><strong>nullo</strong></span> <span class='ocrx_word' id='word_1_120' title='bbox 1025 1589 1110 1664; x_wconf 89' lang='lat' dir='ltr'><strong>paeto</strong></span> <span class='ocrx_word' id='word_1_121' title='bbox 1127 1581 1240 1644; x_wconf 87' lang='lat' dir='ltr'><strong>deside-</strong></span> 
     </span>
     <span class='ocr_line' id='line_1_14' title="bbox 85 1681 1238 1768; baseline 0.001 -22"><span class='ocrx_word' id='word_1_122' title='bbox 85 1693 147 1746; x_wconf 88' lang='lat' dir='ltr'><strong>ret.</strong></span> <span class='ocrx_word' id='word_1_123' title='bbox 194 1683 282 1766; x_wconf 77' lang='lat' dir='ltr'><strong>Atqui</strong></span> <span class='ocrx_word' id='word_1_124' title='bbox 303 1683 370 1745; x_wconf 91' lang='lat' dir='ltr'><strong>illud</strong></span> <span class='ocrx_word' id='word_1_125' title='bbox 391 1682 532 1746; x_wconf 85' lang='lat' dir='ltr'><strong>excitavit</strong></span> <span class='ocrx_word' id='word_1_126' title='bbox 549 1683 662 1761; x_wconf 84' lang='lat' dir='ltr'><strong>denuo,</strong></span> <span class='ocrx_word' id='word_1_127' title='bbox 694 1702 751 1766; x_wconf 93' lang='lat' dir='ltr'><strong>quo</strong></span> <span class='ocrx_word' id='word_1_128' title='bbox 769 1682 907 1744; x_wconf 89' lang='lat' dir='ltr'><strong>maiorem</strong></span> <span class='ocrx_word' id='word_1_129' title='bbox 927 1681 982 1744; x_wconf 90' lang='lat' dir='ltr'><strong>sibi</strong></span> <span class='ocrx_word' id='word_1_130' title='bbox 1001 1681 1129 1747; x_wconf 89' lang='lat' dir='ltr'><strong>laborem</strong></span> <span class='ocrx_word' id='word_1_131' title='bbox 1149 1684 1238 1768; x_wconf 93' lang='lat' dir='ltr'><strong>impo-</strong></span> 
     </span>
     <span class='ocr_line' id='line_1_15' title="bbox 87 1783 1239 1872; baseline 0.001 -23"><span class='ocrx_word' id='word_1_132' title='bbox 87 1796 195 1866; x_wconf 85' lang='lat' dir='ltr'><strong>neret,</strong></span> <span class='ocrx_word' id='word_1_133' title='bbox 219 1785 303 1870; x_wconf 90' lang='lat' dir='ltr'><strong>idque</strong></span> <span class='ocrx_word' id='word_1_134' title='bbox 322 1784 385 1848; x_wconf 89' lang='lat' dir='ltr'><strong>sine</strong></span> <span class='ocrx_word' id='word_1_135' title='bbox 402 1785 460 1848; x_wconf 92' lang='lat' dir='ltr'><strong>ullo</strong></span> <span class='ocrx_word' id='word_1_136' title='bbox 480 1786 778 1863; x_wconf 74' lang='lat' dir='ltr'><strong>incommunicatum,</strong></span> <span class='ocrx_word' id='word_1_137' title='bbox 802 1793 888 1867; x_wconf 90' lang='lat' dir='ltr'><strong>atque</strong></span> <span class='ocrx_word' id='word_1_138' title='bbox 904 1783 932 1846; x_wconf 93' lang='lat' dir='ltr'><strong>in</strong></span> <span class='ocrx_word' id='word_1_139' title='bbox 950 1784 1132 1870; x_wconf 86' lang='lat' dir='ltr'><strong>sepulchrum</strong></span> <span class='ocrx_word' id='word_1_140' title='bbox 1152 1787 1239 1872; x_wconf 91' lang='lat' dir='ltr'><strong>depo·</strong></span> 
     </span>
     <span class='ocr_line' id='line_1_16' title="bbox 85 1877 1239 1973; baseline 0.001 -22"><span class='ocrx_word' id='word_1_141' title='bbox 85 1891 179 1952; x_wconf 88' lang='lat' dir='ltr'><strong>situm</strong></span> <span class='ocrx_word' id='word_1_142' title='bbox 196 1897 297 1973; x_wconf 91' lang='lat' dir='ltr'><strong>postea</strong></span> <span class='ocrx_word' id='word_1_143' title='bbox 313 1897 475 1965; x_wconf 82' lang='lat' dir='ltr'><strong>retexeret,</strong></span> <span class='ocrx_word' id='word_1_144' title='bbox 500 1877 598 1971; x_wconf 82' lang='lat' dir='ltr'><strong>atque,</strong></span> <span class='ocrx_word' id='word_1_145' title='bbox 623 1896 654 1949; x_wconf 92' lang='lat' dir='ltr'><strong>ut</strong></span> <span class='ocrx_word' id='word_1_146' title='bbox 668 1885 860 1970; x_wconf 87' lang='lat' dir='ltr'><strong>aequissimus</strong></span> <span class='ocrx_word' id='word_1_147' title='bbox 876 1885 1000 1966; x_wconf 87' lang='lat' dir='ltr'><strong>debitor,</strong></span> <span class='ocrx_word' id='word_1_148' title='bbox 1025 1887 1099 1971; x_wconf 94' lang='lat' dir='ltr'><strong>quod</strong></span> <span class='ocrx_word' id='word_1_149' title='bbox 1116 1888 1151 1951; x_wconf 88' lang='lat' dir='ltr'><strong>ab</strong></span> <span class='ocrx_word' id='word_1_150' title='bbox 1167 1910 1239 1952; x_wconf 88' lang='lat' dir='ltr'><strong>uno-</strong></span> 
     </span>
     <span class='ocr_line' id='line_1_17' title="bbox 85 1987 1239 2078; baseline 0.001 -24"><span class='ocrx_word' id='word_1_151' title='bbox 85 2011 207 2078; x_wconf 89' lang='lat' dir='ltr'><strong>qnoque</strong></span> <span class='ocrx_word' id='word_1_152' title='bbox 227 1991 372 2054; x_wconf 90' lang='lat' dir='ltr'><strong>elemento</strong></span> <span class='ocrx_word' id='word_1_153' title='bbox 391 2001 556 2075; x_wconf 80' lang='lat' dir='ltr'><strong>sumpserat</strong></span> <span class='ocrx_word' id='word_1_154' title='bbox 572 1989 680 2054; x_wconf 91' lang='lat' dir='ltr'><strong>eisdem</strong></span> <span class='ocrx_word' id='word_1_155' title='bbox 700 1989 806 2075; x_wconf 89' lang='lat' dir='ltr'><strong>optima</strong></span> <span class='ocrx_word' id='word_1_156' title='bbox 830 1987 885 2051; x_wconf 86' lang='lat' dir='ltr'><strong>lide</strong></span> <span class='ocrx_word' id='word_1_157' title='bbox 900 1987 1080 2054; x_wconf 89' lang='lat' dir='ltr'><strong>restitueret.</strong></span> <span class='ocrx_word' id='word_1_158' title='bbox 1125 1988 1185 2054; x_wconf 89' lang='lat' dir='ltr'><strong>larn</strong></span> <span class='ocrx_word' id='word_1_159' title='bbox 1209 2003 1239 2055; x_wconf 93' lang='lat' dir='ltr'><strong>ut</strong></span> 
     </span>
     <span class='ocr_line' id='line_1_18' title="bbox 86 2091 1239 2179; baseline -0.002 -21"><span class='ocrx_word' id='word_1_160' title='bbox 86 2115 145 2158; x_wconf 90' lang='lat' dir='ltr'><strong>sna</strong></span> <span class='ocrx_word' id='word_1_161' title='bbox 164 2093 268 2176; x_wconf 92' lang='lat' dir='ltr'><strong>cuique</strong></span> <span class='ocrx_word' id='word_1_162' title='bbox 286 2092 459 2171; x_wconf 83' lang='lat' dir='ltr'><strong>reddiderit,</strong></span> <span class='ocrx_word' id='word_1_163' title='bbox 485 2102 552 2178; x_wconf 90' lang='lat' dir='ltr'><strong>puta</strong></span> <span class='ocrx_word' id='word_1_164' title='bbox 570 2091 673 2175; x_wconf 77' lang='lat' dir='ltr'><strong>frigido</strong></span> <span class='ocrx_word' id='word_1_165' title='bbox 694 2091 843 2176; x_wconf 82' lang='lat' dir='ltr'><strong>irigidum,</strong></span> <span class='ocrx_word' id='word_1_166' title='bbox 868 2101 897 2154; x_wconf 94' lang='lat' dir='ltr'><strong>et</strong></span> <span class='ocrx_word' id='word_1_167' title='bbox 914 2091 1006 2155; x_wconf 90' lang='lat' dir='ltr'><strong>calido</strong></span> <span class='ocrx_word' id='word_1_168' title='bbox 1023 2091 1164 2171; x_wconf 89' lang='lat' dir='ltr'><strong>calidum,</strong></span> <span class='ocrx_word' id='word_1_169' title='bbox 1188 2115 1239 2179; x_wconf 90' lang='lat' dir='ltr'><strong>pn-</strong></span> 
     </span>
     <span class='ocr_line' id='line_1_19' title="bbox 86 2194 1238 2279; baseline 0.002 -21"><span class='ocrx_word' id='word_1_170' title='bbox 86 2197 145 2260; x_wconf 87' lang='lat' dir='ltr'><strong>tuit</strong></span> <span class='ocrx_word' id='word_1_171' title='bbox 161 2197 190 2259; x_wconf 93' lang='lat' dir='ltr'><strong>id</strong></span> <span class='ocrx_word' id='word_1_172' title='bbox 209 2196 299 2259; x_wconf 89' lang='lat' dir='ltr'><strong>latere</strong></span> <span class='ocrx_word' id='word_1_173' title='bbox 315 2195 428 2279; x_wconf 88' lang='lat' dir='ltr'><strong>quidem</strong></span> <span class='ocrx_word' id='word_1_174' title='bbox 445 2194 619 2279; x_wconf 88' lang='lat' dir='ltr'><strong>discipulos,</strong></span> <span class='ocrx_word' id='word_1_175' title='bbox 652 2194 744 2279; x_wconf 90' lang='lat' dir='ltr'><strong>ipsum</strong></span> <span class='ocrx_word' id='word_1_176' title='bbox 761 2204 858 2260; x_wconf 88' lang='lat' dir='ltr'><strong>tameo</strong></span> <span class='ocrx_word' id='word_1_177' title='bbox 876 2213 980 2278; x_wconf 86' lang='lat' dir='ltr'><strong>corpus</strong></span> <span class='ocrx_word' id='word_1_178' title='bbox 997 2195 1105 2258; x_wconf 86' lang='lat' dir='ltr'><strong>siceum</strong></span> <span class='ocrx_word' id='word_1_179' title='bbox 1121 2195 1238 2260; x_wconf 89' lang='lat' dir='ltr'><strong>minime</strong></span> 
     </span>
     <span class='ocr_line' id='line_1_20' title="bbox 86 2293 1239 2384; baseline 0.001 -23"><span class='ocrx_word' id='word_1_180' title='bbox 86 2297 195 2384; x_wconf 87' lang='lat' dir='ltr'><strong>potnit.</strong></span> <span class='ocrx_word' id='word_1_181' title='bbox 242 2293 358 2361; x_wconf 89' lang='lat' dir='ltr'><strong>Siccum</strong></span> <span class='ocrx_word' id='word_1_182' title='bbox 376 2297 452 2360; x_wconf 87' lang='lat' dir='ltr'><strong>enirn</strong></span> <span class='ocrx_word' id='word_1_183' title='bbox 470 2297 553 2381; x_wconf 90' lang='lat' dir='ltr'><strong>plane</strong></span> <span class='ocrx_word' id='word_1_184' title='bbox 570 2316 675 2382; x_wconf 87' lang='lat' dir='ltr'><strong>corpus</strong></span> <span class='ocrx_word' id='word_1_185' title='bbox 690 2307 746 2376; x_wconf 88' lang='lat' dir='ltr'><strong>est,</strong></span> <span class='ocrx_word' id='word_1_186' title='bbox 771 2317 852 2377; x_wconf 91' lang='lat' dir='ltr'><strong>caro,</strong></span> <span class='ocrx_word' id='word_1_187' title='bbox 877 2297 1004 2380; x_wconf 88' lang='lat' dir='ltr'><strong>inquam,</strong></span> <span class='ocrx_word' id='word_1_188' title='bbox 1029 2308 1059 2360; x_wconf 92' lang='lat' dir='ltr'><strong>et</strong></span> <span class='ocrx_word' id='word_1_189' title='bbox 1071 2303 1150 2362; x_wconf 79' lang='lat' dir='ltr'><strong>oss&#39;a.</strong></span> <span class='ocrx_word' id='word_1_190' title='bbox 1191 2295 1239 2364; x_wconf 89' lang='lat' dir='ltr'><strong>Si-</strong></span> 
     </span>
     <span class='ocr_line' id='line_1_21' title="bbox 85 2398 1236 2483; baseline 0.001 -19"><span class='ocrx_word' id='word_1_191' title='bbox 85 2401 201 2464; x_wconf 90' lang='lat' dir='ltr'><strong>militer</strong></span> <span class='ocrx_word' id='word_1_192' title='bbox 217 2410 247 2463; x_wconf 90' lang='lat' dir='ltr'><strong>et</strong></span> <span class='ocrx_word' id='word_1_193' title='bbox 266 2401 409 2463; x_wconf 83' lang='lat' dir='ltr'><strong>humidum</strong></span> <span class='ocrx_word' id='word_1_194' title='bbox 427 2401 525 2462; x_wconf 88' lang='lat' dir='ltr'><strong>sanies</strong></span> <span class='ocrx_word' id='word_1_195' title='bbox 543 2408 604 2477; x_wconf 89' lang='lat' dir='ltr'><strong>est,</strong></span> <span class='ocrx_word' id='word_1_196' title='bbox 628 2409 658 2461; x_wconf 89' lang='lat' dir='ltr'><strong>et</strong></span> <span class='ocrx_word' id='word_1_197' title='bbox 675 2419 742 2461; x_wconf 87' lang='lat' dir='ltr'><strong>caro</strong></span> <span class='ocrx_word' id='word_1_198' title='bbox 759 2418 832 2483; x_wconf 90' lang='lat' dir='ltr'><strong>qnae</strong></span> <span class='ocrx_word' id='word_1_199' title='bbox 850 2399 877 2460; x_wconf 93' lang='lat' dir='ltr'><strong>in</strong></span> <span class='ocrx_word' id='word_1_200' title='bbox 897 2398 1045 2462; x_wconf 85' lang='lat' dir='ltr'><strong>humorem</strong></span> <span class='ocrx_word' id='word_1_201' title='bbox 1063 2399 1236 2466; x_wconf 87' lang='lat' dir='ltr'><strong>extabescit.</strong></span> 
     </span>
     <span class='ocr_line' id='line_1_22' title="bbox 86 2500 1239 2592; baseline 0.002 -26"><span class='ocrx_word' id='word_1_202' title='bbox 86 2502 178 2588; x_wconf 81' lang='lat' dir='ltr'><strong>Quae</strong></span> <span class='ocrx_word' id='word_1_203' title='bbox 195 2503 291 2566; x_wconf 89' lang='lat' dir='ltr'><strong>omnia</strong></span> <span class='ocrx_word' id='word_1_204' title='bbox 308 2523 372 2565; x_wconf 89' lang='lat' dir='ltr'><strong>cum</strong></span> <span class='ocrx_word' id='word_1_205' title='bbox 388 2502 541 2565; x_wconf 81' lang='lat' dir='ltr'><strong>manifeste</strong></span> <span class='ocrx_word' id='word_1_206' title='bbox 561 2501 735 2585; x_wconf 87' lang='lat' dir='ltr'><strong>deponeret,</strong></span> <span class='ocrx_word' id='word_1_207' title='bbox 759 2501 900 2585; x_wconf 86' lang='lat' dir='ltr'><strong>apostulis</strong></span> <span class='ocrx_word' id='word_1_208' title='bbox 916 2500 977 2564; x_wconf 91' lang='lat' dir='ltr'><strong>suis</strong></span> <span class='ocrx_word' id='word_1_209' title='bbox 995 2500 1114 2592; x_wconf 84' lang='lat' dir='ltr'><strong>omnino</strong></span> <span class='ocrx_word' id='word_1_210' title='bbox 1129 2503 1239 2589; x_wconf 78' lang='lat' dir='ltr'><strong>signiti-</strong></span> 
     </span>
     <span class='ocr_line' id='line_1_23' title="bbox 86 2602 1238 2688; baseline -0.001 -18"><span class='ocrx_word' id='word_1_211' title='bbox 86 2617 207 2684; x_wconf 87' lang='lat' dir='ltr'><strong>easset,</strong></span> <span class='ocrx_word' id='word_1_212' title='bbox 238 2617 269 2667; x_wconf 93' lang='lat' dir='ltr'><strong>ut</strong></span> <span class='ocrx_word' id='word_1_213' title='bbox 287 2615 371 2668; x_wconf 88' lang='lat' dir='ltr'><strong>antea</strong></span> <span class='ocrx_word' id='word_1_214' title='bbox 390 2606 516 2684; x_wconf 89' lang='lat' dir='ltr'><strong>lecerat,</strong></span> <span class='ocrx_word' id='word_1_215' title='bbox 548 2625 611 2667; x_wconf 91' lang='lat' dir='ltr'><strong>cum</strong></span> <span class='ocrx_word' id='word_1_216' title='bbox 626 2603 689 2666; x_wconf 91' lang='lat' dir='ltr'><strong>eins</strong></span> <span class='ocrx_word' id='word_1_217' title='bbox 707 2623 813 2688; x_wconf 88' lang='lat' dir='ltr'><strong>corpus</strong></span> <span class='ocrx_word' id='word_1_218' title='bbox 828 2602 982 2688; x_wconf 86' lang='lat' dir='ltr'><strong>sepulchro</strong></span> <span class='ocrx_word' id='word_1_219' title='bbox 999 2605 1161 2668; x_wconf 86' lang='lat' dir='ltr'><strong>mandatum</strong></span> <span class='ocrx_word' id='word_1_220' title='bbox 1180 2618 1238 2671; x_wconf 86' lang='lat' dir='ltr'><strong>est.</strong></span> 
     </span>
     <span class='ocr_line' id='line_1_24' title="bbox 84 2704 1239 2793; baseline -0.001 -20"><span class='ocrx_word' id='word_1_221' title='bbox 84 2708 167 2773; x_wconf 83' lang='lat' dir='ltr'><strong>Tum</strong></span> <span class='ocrx_word' id='word_1_222' title='bbox 191 2709 267 2771; x_wconf 88' lang='lat' dir='ltr'><strong>enim</strong></span> <span class='ocrx_word' id='word_1_223' title='bbox 286 2705 411 2793; x_wconf 86' lang='lat' dir='ltr'><strong>luseplro</strong></span> <span class='ocrx_word' id='word_1_224' title='bbox 428 2704 663 2770; x_wconf 79' lang='lat' dir='ltr'><strong>Arirnathaeensi</strong></span> <span class='ocrx_word' id='word_1_225' title='bbox 682 2707 871 2789; x_wconf 83' lang='lat' dir='ltr'><strong>permissum,</strong></span> <span class='ocrx_word' id='word_1_226' title='bbox 906 2705 1028 2770; x_wconf 87' lang='lat' dir='ltr'><strong>sindono</strong></span> <span class='ocrx_word' id='word_1_227' title='bbox 1050 2707 1167 2772; x_wconf 87' lang='lat' dir='ltr'><strong>utillud</strong></span> <span class='ocrx_word' id='word_1_228' title='bbox 1188 2709 1239 2772; x_wconf 86' lang='lat' dir='ltr'><strong>ob-</strong></span> 
     </span>
     <span class='ocr_line' id='line_1_25' title="bbox 86 2805 1237 2894; baseline 0 -20"><span class='ocrx_word' id='word_1_229' title='bbox 86 2813 226 2874; x_wconf 87' lang='lat' dir='ltr'><strong>volveret</strong></span> <span class='ocrx_word' id='word_1_230' title='bbox 243 2821 328 2894; x_wconf 87' lang='lat' dir='ltr'><strong>atque</strong></span> <span class='ocrx_word' id='word_1_231' title='bbox 346 2809 375 2872; x_wconf 94' lang='lat' dir='ltr'><strong>in</strong></span> <span class='ocrx_word' id='word_1_232' title='bbox 396 2819 582 2874; x_wconf 80' lang='lat' dir='ltr'><strong>moriumeutu</strong></span> <span class='ocrx_word' id='word_1_233' title='bbox 599 2807 768 2893; x_wconf 85' lang='lat' dir='ltr'><strong>deponeret.</strong></span> <span class='ocrx_word' id='word_1_234' title='bbox 815 2805 974 2872; x_wconf 88' lang='lat' dir='ltr'><strong>Praeterea</strong></span> <span class='ocrx_word' id='word_1_235' title='bbox 990 2807 1126 2874; x_wconf 89' lang='lat' dir='ltr'><strong>mulieres</strong></span> <span class='ocrx_word' id='word_1_236' title='bbox 1144 2810 1237 2874; x_wconf 78' lang='lat' dir='ltr'><strong>locuni</strong></span> 
     </span>
     <span class='ocr_line' id='line_1_26' title="bbox 86 2909 1236 2998; baseline -0.001 -21"><span class='ocrx_word' id='word_1_237' title='bbox 86 2914 172 2978; x_wconf 90' lang='lat' dir='ltr'><strong>illum</strong></span> <span class='ocrx_word' id='word_1_238' title='bbox 195 2913 428 2978; x_wconf 87' lang='lat' dir='ltr'><strong>animadvertere</strong></span> <span class='ocrx_word' id='word_1_239' title='bbox 453 2913 629 2998; x_wconf 88' lang='lat' dir='ltr'><strong>potuissent,</strong></span> <span class='ocrx_word' id='word_1_240' title='bbox 663 2909 708 2975; x_wconf 89' lang='lat' dir='ltr'><strong>cui</strong></span> <span class='ocrx_word' id='word_1_241' title='bbox 730 2911 871 2995; x_wconf 80' lang='lat' dir='ltr'><strong>reliquiae</strong></span> <span class='ocrx_word' id='word_1_242' title='bbox 889 2912 1107 2975; x_wconf 77' lang='lat' dir='ltr'><strong>commendatae</strong></span> <span class='ocrx_word' id='word_1_243' title='bbox 1129 2913 1236 2991; x_wconf 86' lang='lat' dir='ltr'><strong>locent,</strong></span> 
     </span>
     <span class='ocr_line' id='line_1_27' title="bbox 87 3011 1238 3099; baseline -0.001 -19"><span class='ocrx_word' id='word_1_244' title='bbox 87 3027 119 3080; x_wconf 92' lang='lat' dir='ltr'><strong>nt</strong></span> <span class='ocrx_word' id='word_1_245' title='bbox 146 3037 198 3080; x_wconf 88' lang='lat' dir='ltr'><strong>eas</strong></span> <span class='ocrx_word' id='word_1_246' title='bbox 220 3015 376 3099; x_wconf 84' lang='lat' dir='ltr'><strong>ungnentis</strong></span> <span class='ocrx_word' id='word_1_247' title='bbox 398 3029 427 3077; x_wconf 92' lang='lat' dir='ltr'><strong>et</strong></span> <span class='ocrx_word' id='word_1_248' title='bbox 448 3013 626 3078; x_wconf 88' lang='lat' dir='ltr'><strong>aromatibus</strong></span> <span class='ocrx_word' id='word_1_249' title='bbox 647 3013 804 3076; x_wconf 82' lang='lat' dir='ltr'><strong>honorilice</strong></span> <span class='ocrx_word' id='word_1_250' title='bbox 824 3013 985 3077; x_wconf 82' lang='lat' dir='ltr'><strong>condirent.</strong></span> <span class='ocrx_word' id='word_1_251' title='bbox 1032 3011 1091 3077; x_wconf 87' lang='lat' dir='ltr'><strong>Sed</strong></span> <span class='ocrx_word' id='word_1_252' title='bbox 1115 3014 1169 3078; x_wconf 86' lang='lat' dir='ltr'><strong>hoc</strong></span> <span class='ocrx_word' id='word_1_253' title='bbox 1189 3037 1238 3080; x_wconf 86' lang='lat' dir='ltr'><strong>ve·</strong></span> 
     </span>
     <span class='ocr_line' id='line_1_28' title="bbox 87 3116 1239 3203; baseline 0.001 -22"><span class='ocrx_word' id='word_1_254' title='bbox 87 3131 199 3196; x_wconf 90' lang='lat' dir='ltr'><strong>strum,</strong></span> <span class='ocrx_word' id='word_1_255' title='bbox 225 3117 407 3203; x_wconf 82' lang='lat' dir='ltr'><strong>Apelleiaci,</strong></span> <span class='ocrx_word' id='word_1_256' title='bbox 431 3116 610 3180; x_wconf 89' lang='lat' dir='ltr'><strong>mendacium</strong></span> <span class='ocrx_word' id='word_1_257' title='bbox 627 3136 663 3178; x_wconf 95' lang='lat' dir='ltr'><strong>ne</strong></span> <span class='ocrx_word' id='word_1_258' title='bbox 681 3136 755 3180; x_wconf 89' lang='lat' dir='ltr'><strong>unus</strong></span> <span class='ocrx_word' id='word_1_259' title='bbox 769 3116 883 3200; x_wconf 87' lang='lat' dir='ltr'><strong>quidem</strong></span> <span class='ocrx_word' id='word_1_260' title='bbox 901 3137 940 3180; x_wconf 87' lang='lat' dir='ltr'><strong>ex</strong></span> <span class='ocrx_word' id='word_1_261' title='bbox 957 3117 1097 3202; x_wconf 89' lang='lat' dir='ltr'><strong>apostolis</strong></span> <span class='ocrx_word' id='word_1_262' title='bbox 1113 3138 1239 3182; x_wconf 89' lang='lat' dir='ltr'><strong>comme·</strong></span> 
     </span>
     <span class='ocr_line' id='line_1_29' title="bbox 88 3216 1238 3305; baseline -0.002 -19"><span class='ocrx_word' id='word_1_263' title='bbox 88 3221 230 3286; x_wconf 87' lang='lat' dir='ltr'><strong>moravit.</strong></span> <span class='ocrx_word' id='word_1_264' title='bbox 277 3216 391 3305; x_wconf 81' lang='lat' dir='ltr'><strong>Quippe</strong></span> <span class='ocrx_word' id='word_1_265' title='bbox 410 3239 554 3304; x_wconf 87' lang='lat' dir='ltr'><strong>nunquam</strong></span> <span class='ocrx_word' id='word_1_266' title='bbox 578 3220 617 3282; x_wconf 91' lang='lat' dir='ltr'><strong>ita</strong></span> <span class='ocrx_word' id='word_1_267' title='bbox 634 3230 746 3302; x_wconf 80' lang='lat' dir='ltr'><strong>gestum</strong></span> <span class='ocrx_word' id='word_1_268' title='bbox 764 3217 833 3281; x_wconf 90' lang='lat' dir='ltr'><strong>illud</strong></span> <span class='ocrx_word' id='word_1_269' title='bbox 855 3228 912 3282; x_wconf 88' lang='lat' dir='ltr'><strong>est.</strong></span> <span class='ocrx_word' id='word_1_270' title='bbox 958 3216 1068 3283; x_wconf 88' lang='lat' dir='ltr'><strong>Verum</strong></span> <span class='ocrx_word' id='word_1_271' title='bbox 1087 3220 1159 3284; x_wconf 86' lang='lat' dir='ltr'><strong>dnus</strong></span> <span class='ocrx_word' id='word_1_272' title='bbox 1177 3221 1238 3304; x_wconf 91' lang='lat' dir='ltr'><strong>qni·</strong></span> 
     </span>
     <span class='ocr_line' id='line_1_30' title="bbox 87 3320 1239 3408; baseline -0.001 -21"><span class='ocrx_word' id='word_1_273' title='bbox 87 3327 156 3388; x_wconf 89' lang='lat' dir='ltr'><strong>dem</strong></span> <span class='ocrx_word' id='word_1_274' title='bbox 173 3345 227 3408; x_wconf 85' lang='lat' dir='ltr'><strong>pec</strong></span> <span class='ocrx_word' id='word_1_275' title='bbox 244 3343 311 3386; x_wconf 88' lang='lat' dir='ltr'><strong>sese</strong></span> <span class='ocrx_word' id='word_1_276' title='bbox 329 3323 445 3385; x_wconf 88' lang='lat' dir='ltr'><strong>minime</strong></span> <span class='ocrx_word' id='word_1_277' title='bbox 461 3320 671 3407; x_wconf 86' lang='lat' dir='ltr'><strong>aspectabiles,</strong></span> <span class='ocrx_word' id='word_1_278' title='bbox 696 3331 819 3384; x_wconf 80' lang='lat' dir='ltr'><strong>externa</strong></span> <span class='ocrx_word' id='word_1_279' title='bbox 839 3331 934 3384; x_wconf 87' lang='lat' dir='ltr'><strong>tamen</strong></span> <span class='ocrx_word' id='word_1_280' title='bbox 950 3321 1047 3405; x_wconf 87' lang='lat' dir='ltr'><strong>specie</strong></span> <span class='ocrx_word' id='word_1_281' title='bbox 1065 3333 1239 3408; x_wconf 90' lang='lat' dir='ltr'><strong>apparentes</strong></span> 
     </span>
     <span class='ocr_line' id='line_1_31' title="bbox 87 3423 1332 3510; baseline -0.006 -20"><span class='ocrx_word' id='word_1_282' title='bbox 87 3427 172 3490; x_wconf 84' lang='lat' dir='ltr'><strong>viros</strong></span> <span class='ocrx_word' id='word_1_283' title='bbox 193 3425 289 3489; x_wconf 89' lang='lat' dir='ltr'><strong>intuiti</strong></span> <span class='ocrx_word' id='word_1_284' title='bbox 306 3437 390 3502; x_wconf 91' lang='lat' dir='ltr'><strong>sunt,</strong></span> <span class='ocrx_word' id='word_1_285' title='bbox 414 3425 563 3510; x_wconf 88' lang='lat' dir='ltr'><strong>ipsumque</strong></span> <span class='ocrx_word' id='word_1_286' title='bbox 580 3425 609 3486; x_wconf 95' lang='lat' dir='ltr'><strong>in</strong></span> <span class='ocrx_word' id='word_1_287' title='bbox 624 3423 737 3498; x_wconf 79' lang='lat' dir='ltr'><strong>coelum</strong></span> <span class='ocrx_word' id='word_1_288' title='bbox 755 3425 975 3503; x_wconf 85' lang='lat' dir='ltr'><strong>ascendentem,</strong></span> <span class='ocrx_word' id='word_1_289' title='bbox 1001 3445 1035 3487; x_wconf 90' lang='lat' dir='ltr'><strong>ac</strong></span> <span class='ocrx_word' id='word_1_290' title='bbox 1049 3424 1144 3489; x_wconf 88' lang='lat' dir='ltr'><strong>lucida</strong></span> <span class='ocrx_word' id='word_1_291' title='bbox 1163 3423 1237 3489; x_wconf 87' lang='lat' dir='ltr'><strong>nube</strong></span> <span class='ocrx_word' id='word_1_292' title='bbox 1253 3440 1332 3485; x_wconf 58' lang='lat' dir='ltr'><strong>aem.</strong></span> 
     </span>
     <span class='ocr_line' id='line_1_32' title="bbox 87 3526 1235 3612; baseline -0.003 -19"><span class='ocrx_word' id='word_1_293' title='bbox 87 3529 315 3607; x_wconf 79' lang='lat' dir='ltr'><strong>circumfusum,</strong></span> <span class='ocrx_word' id='word_1_294' title='bbox 350 3527 487 3612; x_wconf 87' lang='lat' dir='ltr'><strong>reliquias</strong></span> <span class='ocrx_word' id='word_1_295' title='bbox 512 3547 584 3590; x_wconf 90' lang='lat' dir='ltr'><strong>vcro</strong></span> <span class='ocrx_word' id='word_1_296' title='bbox 614 3547 753 3611; x_wconf 88' lang='lat' dir='ltr'><strong>nusquam</strong></span> <span class='ocrx_word' id='word_1_297' title='bbox 780 3536 922 3590; x_wconf 85' lang='lat' dir='ltr'><strong>terrarum</strong></span> <span class='ocrx_word' id='word_1_298' title='bbox 948 3526 1065 3590; x_wconf 75' lang='lat' dir='ltr'><strong>relictas</strong></span> <span class='ocrx_word' id='word_1_299' title='bbox 1090 3527 1235 3592; x_wconf 87' lang='lat' dir='ltr'><strong>viderunt.</strong></span> 
     </span>
     <span class='ocr_line' id='line_1_33' title="bbox 87 3627 1236 3716; baseline -0.001 -21"><span class='ocrx_word' id='word_1_300' title='bbox 87 3631 198 3716; x_wconf 91' lang='lat' dir='ltr'><strong>Neque</strong></span> <span class='ocrx_word' id='word_1_301' title='bbox 220 3631 294 3694; x_wconf 93' lang='lat' dir='ltr'><strong>euim</strong></span> <span class='ocrx_word' id='word_1_302' title='bbox 325 3629 388 3693; x_wconf 90' lang='lat' dir='ltr'><strong>lieri</strong></span> <span class='ocrx_word' id='word_1_303' title='bbox 409 3631 485 3693; x_wconf 89' lang='lat' dir='ltr'><strong>istud</strong></span> <span class='ocrx_word' id='word_1_304' title='bbox 509 3629 677 3714; x_wconf 86' lang='lat' dir='ltr'><strong>oportebat,</strong></span> <span class='ocrx_word' id='word_1_305' title='bbox 712 3640 762 3692; x_wconf 90' lang='lat' dir='ltr'><strong>aut</strong></span> <span class='ocrx_word' id='word_1_306' title='bbox 784 3649 855 3692; x_wconf 89' lang='lat' dir='ltr'><strong>vero</strong></span> <span class='ocrx_word' id='word_1_307' title='bbox 880 3640 1002 3715; x_wconf 88' lang='lat' dir='ltr'><strong>poterat.</strong></span> <span class='ocrx_word' id='word_1_308' title='bbox 1056 3627 1156 3713; x_wconf 80' lang='lat' dir='ltr'><strong>Quare</strong></span> <span class='ocrx_word' id='word_1_309' title='bbox 1179 3641 1236 3694; x_wconf 88' lang='lat' dir='ltr'><strong>tam</strong></span> 
     </span>
     <span class='ocr_line' id='line_1_34' title="bbox 89 3731 825 3837; baseline -0.007 -39"><span class='ocrx_word' id='word_1_310' title='bbox 89 3734 214 3820; x_wconf 81' lang='lat' dir='ltr'><strong>Apelles</strong></span> <span class='ocrx_word' id='word_1_311' title='bbox 234 3734 297 3818; x_wconf 90' lang='lat' dir='ltr'><strong>ipse</strong></span> <span class='ocrx_word' id='word_1_312' title='bbox 320 3753 404 3817; x_wconf 89' lang='lat' dir='ltr'><strong>quarn</strong></span> <span class='ocrx_word' id='word_1_313' title='bbox 428 3731 590 3817; x_wconf 82' lang='lat' dir='ltr'><strong>Apelleiani</strong></span> <span class='ocrx_word' id='word_1_314' title='bbox 613 3731 724 3837; x_wconf 78' lang='lat' dir='ltr'><strong>rqentiti</strong></span> <span class='ocrx_word' id='word_1_315' title='bbox 747 3742 825 3794; x_wconf 81' lang='lat' dir='ltr'><strong>suunt.</strong></span> 
     </span>
    </p>

    <p class='ocr_par' dir='ltr' id='par_1_4' title="bbox 89 3831 1372 4644">
     <span class='ocr_line' id='line_1_35' title="bbox 176 3831 1372 3922; baseline -0.004 -23"><span class='ocrx_word' id='word_1_316' title='bbox 176 3832 285 3900; x_wconf 85' lang='lat' dir='ltr'><strong>Cetera</strong></span> <span class='ocrx_word' id='word_1_317' title='bbox 307 3856 394 3921; x_wconf 90' lang='lat' dir='ltr'><strong>porro</strong></span> <span class='ocrx_word' id='word_1_318' title='bbox 413 3857 476 3898; x_wconf 90' lang='lat' dir='ltr'><strong>curn</strong></span> <span class='ocrx_word' id='word_1_319' title='bbox 499 3843 688 3920; x_wconf 79' lang='lat' dir='ltr'><strong>praeceptore</strong></span> <span class='ocrx_word' id='word_1_320' title='bbox 706 3855 760 3898; x_wconf 92' lang='lat' dir='ltr'><strong>sno</strong></span> <span class='ocrx_word' id='word_1_321' title='bbox 780 3831 933 3898; x_wconf 85' lang='lat' dir='ltr'><strong>Marcione</strong></span> <span class='ocrx_word' id='word_1_322' title='bbox 953 3845 1151 3900; x_wconf 90' lang='lat' dir='ltr'><strong>consentanca</strong></span> <span class='ocrx_word' id='word_1_323' title='bbox 1170 3856 1237 3922; x_wconf 91' lang='lat' dir='ltr'><strong>pro·</strong></span> <span class='ocrx_word' id='word_1_324' title='bbox 1257 3847 1316 3914; x_wconf 76' lang='lat' dir='ltr'><strong>Cap.</strong></span> <span class='ocrx_word' id='word_1_325' title='bbox 1330 3845 1372 3895; x_wconf 87' lang='lat' dir='ltr'><strong>tv.</strong></span> 
     </span>
     <span class='ocr_line' id='line_1_36' title="bbox 89 3936 1239 4024; baseline 0 -22"><span class='ocrx_word' id='word_1_326' title='bbox 89 3941 200 4016; x_wconf 87' lang='lat' dir='ltr'><strong>litetur,</strong></span> <span class='ocrx_word' id='word_1_327' title='bbox 225 3959 299 4023; x_wconf 87' lang='lat' dir='ltr'><strong>quae</strong></span> <span class='ocrx_word' id='word_1_328' title='bbox 313 3938 347 4002; x_wconf 89' lang='lat' dir='ltr'><strong>ad</strong></span> <span class='ocrx_word' id='word_1_329' title='bbox 362 3937 483 4002; x_wconf 90' lang='lat' dir='ltr'><strong>aliorum</strong></span> <span class='ocrx_word' id='word_1_330' title='bbox 499 3959 627 4018; x_wconf 90' lang='lat' dir='ltr'><strong>carnem,</strong></span> <span class='ocrx_word' id='word_1_331' title='bbox 651 3959 686 4000; x_wconf 90' lang='lat' dir='ltr'><strong>ao</strong></span> <span class='ocrx_word' id='word_1_332' title='bbox 701 3937 811 4022; x_wconf 90' lang='lat' dir='ltr'><strong>reliqua</strong></span> <span class='ocrx_word' id='word_1_333' title='bbox 826 3937 852 4000; x_wconf 92' lang='lat' dir='ltr'><strong>id</strong></span> <span class='ocrx_word' id='word_1_334' title='bbox 869 3957 962 4021; x_wconf 83' lang='lat' dir='ltr'><strong>genus</strong></span> <span class='ocrx_word' id='word_1_335' title='bbox 980 3936 1136 4024; x_wconf 90' lang='lat' dir='ltr'><strong>pertinent.</strong></span> <span class='ocrx_word' id='word_1_336' title='bbox 1175 3937 1239 4002; x_wconf 92' lang='lat' dir='ltr'><strong>Ne·</strong></span> 
     </span>
     <span class='ocr_line' id='line_1_37' title="bbox 89 4040 1238 4126; baseline -0.002 -20"><span class='ocrx_word' id='word_1_337' title='bbox 89 4054 139 4126; x_wconf 82' lang='lat' dir='ltr'><strong>gat</strong></span> <span class='ocrx_word' id='word_1_338' title='bbox 158 4041 236 4105; x_wconf 90' lang='lat' dir='ltr'><strong>enim</strong></span> <span class='ocrx_word' id='word_1_339' title='bbox 255 4062 408 4126; x_wconf 85' lang='lat' dir='ltr'><strong>corporum</strong></span> <span class='ocrx_word' id='word_1_340' title='bbox 428 4061 493 4104; x_wconf 88' lang='lat' dir='ltr'><strong>esse</strong></span> <span class='ocrx_word' id='word_1_341' title='bbox 513 4041 778 4117; x_wconf 82' lang='lat' dir='ltr'><strong>resurrectionem,</strong></span> <span class='ocrx_word' id='word_1_342' title='bbox 809 4049 964 4124; x_wconf 87' lang='lat' dir='ltr'><strong>ceteraque</strong></span> <span class='ocrx_word' id='word_1_343' title='bbox 981 4040 1017 4103; x_wconf 86' lang='lat' dir='ltr'><strong>ad</strong></span> <span class='ocrx_word' id='word_1_344' title='bbox 1036 4041 1159 4104; x_wconf 88' lang='lat' dir='ltr'><strong>eundem</strong></span> <span class='ocrx_word' id='word_1_345' title='bbox 1176 4063 1238 4104; x_wconf 91' lang='lat' dir='ltr'><strong>mo-</strong></span> 
     </span>
     <span class='ocr_line' id='line_1_38' title="bbox 90 4137 1319 4230; baseline -0.002 -22"><span class='ocrx_word' id='word_1_346' title='bbox 90 4146 177 4224; x_wconf 86' lang='lat' dir='ltr'><strong>dnnr,</strong></span> <span class='ocrx_word' id='word_1_347' title='bbox 202 4165 258 4228; x_wconf 88' lang='lat' dir='ltr'><strong>qno</strong></span> <span class='ocrx_word' id='word_1_348' title='bbox 273 4143 321 4206; x_wconf 88' lang='lat' dir='ltr'><strong>ille</strong></span> <span class='ocrx_word' id='word_1_349' title='bbox 338 4165 401 4206; x_wconf 91' lang='lat' dir='ltr'><strong>cum</strong></span> <span class='ocrx_word' id='word_1_350' title='bbox 420 4144 448 4205; x_wconf 94' lang='lat' dir='ltr'><strong>in</strong></span> <span class='ocrx_word' id='word_1_351' title='bbox 467 4143 543 4208; x_wconf 85' lang='lat' dir='ltr'><strong>vivis</strong></span> <span class='ocrx_word' id='word_1_352' title='bbox 560 4153 661 4227; x_wconf 85' lang='lat' dir='ltr'><strong>ageret</strong></span> <span class='ocrx_word' id='word_1_353' title='bbox 676 4143 705 4206; x_wconf 95' lang='lat' dir='ltr'><strong>in</strong></span> <span class='ocrx_word' id='word_1_354' title='bbox 723 4143 860 4228; x_wconf 90' lang='lat' dir='ltr'><strong>opinione</strong></span> <span class='ocrx_word' id='word_1_355' title='bbox 877 4163 929 4206; x_wconf 89' lang='lat' dir='ltr'><strong>sua</strong></span> <span class='ocrx_word' id='word_1_356' title='bbox 946 4144 1052 4227; x_wconf 88' lang='lat' dir='ltr'><strong>posuit.</strong></span> <span class='ocrx_word' id='word_1_357' title='bbox 1098 4140 1157 4208; x_wconf 90' lang='lat' dir='ltr'><strong>Sed</strong></span> <span class='ocrx_word' id='word_1_358' title='bbox 1176 4144 1238 4230; x_wconf 90' lang='lat' dir='ltr'><strong>cpi·</strong></span> <span class='ocrx_word' id='word_1_359' title='bbox 1317 4137 1319 4142; x_wconf 43' lang='lat'><strong><em>⁴</em></strong></span> 
     </span>
     <span class='ocr_line' id='line_1_39' title="bbox 89 4244 1238 4333; baseline 0 -23"><span class='ocrx_word' id='word_1_360' title='bbox 89 4247 210 4311; x_wconf 90' lang='lat' dir='ltr'><strong>niounm</strong></span> <span class='ocrx_word' id='word_1_361' title='bbox 233 4246 301 4310; x_wconf 91' lang='lat' dir='ltr'><strong>illae</strong></span> <span class='ocrx_word' id='word_1_362' title='bbox 330 4266 423 4330; x_wconf 84' lang='lat' dir='ltr'><strong>nugae</strong></span> <span class='ocrx_word' id='word_1_363' title='bbox 451 4266 485 4308; x_wconf 88' lang='lat' dir='ltr'><strong>ae</strong></span> <span class='ocrx_word' id='word_1_364' title='bbox 509 4246 657 4310; x_wconf 86' lang='lat' dir='ltr'><strong>mendacia</strong></span> <span class='ocrx_word' id='word_1_365' title='bbox 680 4247 833 4310; x_wconf 78' lang='lat' dir='ltr'><strong>manifeste</strong></span> <span class='ocrx_word' id='word_1_366' title='bbox 857 4246 1080 4329; x_wconf 83' lang='lat' dir='ltr'><strong>redarguentur.</strong></span> <span class='ocrx_word' id='word_1_367' title='bbox 1131 4244 1238 4333; x_wconf 90' lang='lat' dir='ltr'><strong>Neque</strong></span> 
     </span>
     <span class='ocr_line' id='line_1_40' title="bbox 91 4347 1235 4434; baseline -0.001 -21"><span class='ocrx_word' id='word_1_368' title='bbox 91 4349 167 4413; x_wconf 90' lang='lat' dir='ltr'><strong>enim</strong></span> <span class='ocrx_word' id='word_1_369' title='bbox 189 4348 294 4412; x_wconf 87' lang='lat' dir='ltr'><strong>virium</strong></span> <span class='ocrx_word' id='word_1_370' title='bbox 317 4349 467 4434; x_wconf 89' lang='lat' dir='ltr'><strong>quiequam</strong></span> <span class='ocrx_word' id='word_1_371' title='bbox 491 4348 598 4412; x_wconf 89' lang='lat' dir='ltr'><strong>habent</strong></span> <span class='ocrx_word' id='word_1_372' title='bbox 617 4347 772 4428; x_wconf 87' lang='lat' dir='ltr'><strong>tenchrae,</strong></span> <span class='ocrx_word' id='word_1_373' title='bbox 805 4349 853 4412; x_wconf 88' lang='lat' dir='ltr'><strong>nbi</strong></span> <span class='ocrx_word' id='word_1_374' title='bbox 872 4349 1009 4434; x_wconf 85' lang='lat' dir='ltr'><strong>splendor</strong></span> <span class='ocrx_word' id='word_1_375' title='bbox 1029 4350 1102 4413; x_wconf 88' lang='lat' dir='ltr'><strong>lucis</strong></span> <span class='ocrx_word' id='word_1_376' title='bbox 1120 4351 1235 4430; x_wconf 87' lang='lat' dir='ltr'><strong>emicat,</strong></span> 
     </span>
     <span class='ocr_line' id='line_1_41' title="bbox 90 4449 1237 4537; baseline 0.003 -23"><span class='ocrx_word' id='word_1_377' title='bbox 90 4471 146 4514; x_wconf 91' lang='lat' dir='ltr'><strong>nee</strong></span> <span class='ocrx_word' id='word_1_378' title='bbox 161 4451 309 4537; x_wconf 89' lang='lat' dir='ltr'><strong>aperiente</strong></span> <span class='ocrx_word' id='word_1_379' title='bbox 324 4473 357 4514; x_wconf 93' lang='lat' dir='ltr'><strong>se</strong></span> <span class='ocrx_word' id='word_1_380' title='bbox 373 4453 498 4516; x_wconf 87' lang='lat' dir='ltr'><strong>veritate</strong></span> <span class='ocrx_word' id='word_1_381' title='bbox 516 4453 627 4516; x_wconf 88' lang='lat' dir='ltr'><strong>lalsitas</strong></span> <span class='ocrx_word' id='word_1_382' title='bbox 643 4450 788 4516; x_wconf 89' lang='lat' dir='ltr'><strong>consistit.</strong></span> <span class='ocrx_word' id='word_1_383' title='bbox 833 4449 918 4535; x_wconf 80' lang='lat' dir='ltr'><strong>Quod</strong></span> <span class='ocrx_word' id='word_1_384' title='bbox 934 4452 958 4516; x_wconf 91' lang='lat' dir='ltr'><strong>si</strong></span> <span class='ocrx_word' id='word_1_385' title='bbox 976 4471 1123 4517; x_wconf 89' lang='lat' dir='ltr'><strong>sacrarum</strong></span> <span class='ocrx_word' id='word_1_386' title='bbox 1138 4453 1237 4517; x_wconf 88' lang='lat' dir='ltr'><strong>litera·</strong></span> 
     </span>
     <span class='ocr_line' id='line_1_42' title="bbox 91 4553 1236 4644; baseline 0.003 -27"><span class='ocrx_word' id='word_1_387' title='bbox 91 4575 156 4618; x_wconf 86' lang='lat' dir='ltr'><strong>rum</strong></span> <span class='ocrx_word' id='word_1_388' title='bbox 174 4553 218 4619; x_wconf 90' lang='lat' dir='ltr'><strong>nti</strong></span> <span class='ocrx_word' id='word_1_389' title='bbox 236 4553 402 4618; x_wconf 90' lang='lat' dir='ltr'><strong>testimonio</strong></span> <span class='ocrx_word' id='word_1_390' title='bbox 421 4555 531 4641; x_wconf 87' lang='lat' dir='ltr'><strong>placet,</strong></span> <span class='ocrx_word' id='word_1_391' title='bbox 562 4554 701 4644; x_wconf 82' lang='lat' dir='ltr'><strong>Apelles,</strong></span> <span class='ocrx_word' id='word_1_392' title='bbox 729 4575 839 4644; x_wconf 84' lang='lat' dir='ltr'><strong>vosque</strong></span> <span class='ocrx_word' id='word_1_393' title='bbox 858 4554 1037 4641; x_wconf 66' lang='lat' dir='ltr'><strong>Apelleiaci,</strong></span> <span class='ocrx_word' id='word_1_394' title='bbox 1068 4555 1135 4630; x_wconf 88' lang='lat' dir='ltr'><strong>illae</strong></span> <span class='ocrx_word' id='word_1_395' title='bbox 1155 4557 1236 4644; x_wconf 87' lang='lat' dir='ltr'><strong>ipsae</strong></span> 
     </span>
    </p>
   </div>
   <div class='ocr_carea' id='block_1_3' title="bbox 0 0 1499 4996">
    <p class='ocr_par' dir='ltr' id='par_1_5' title="bbox 0 0 1499 4996">
     <span class='ocr_line' id='line_1_43' title="bbox 0 0 1499 4996; baseline 0 0"><span class='ocrx_word' id='word_1_396' title='bbox 0 0 1499 4996; x_wconf 95' lang='lat' dir='ltr'><strong> </strong></span> 
     </span>
    </p>
   </div>
  </div>
 </body>
</html>
