2986 4996
351 338 396 387 sn
414 335 784 390 mnnouausoacuur
801 339 910 390 nsunt.
1160 323 1199 386 23

153 451 189 516 lt
219 453 310 518 Primi
337 467 406 518 sunt
427 453 590 534 Gortbeni,
618 456 667 539 *qui
687 457 779 522 lestos
796 457 859 522 dies
882 457 946 522 aliis
967 475 1050 540 quam
1070 451 1199 518 IIebraci

90 555 239 640 temporabos
260 556 402 620 indicunt.

152 671 200 737 III.
231 675 291 737 atii
310 670 456 754 Sebuaei,
482 675 528 759 qui
543 675 581 738 ob
597 675 716 738 eandem
735 677 872 741 lectorum
888 675 999 741 diemm
1014 677 1197 743 occasionem

91 773 253 838 eductionis
275 776 462 839 dissentiunt.

151 889 216 957 XII.
246 891 342 956 Tertii
359 905 427 956 suut
441 891 566 972 Esseni,
590 894 638 978 qui
655 895 749 958 acutri
768 897 840 979 parti
860 906 1040 981 repugnant,
1062 897 1113 960 sed
1131 917 1196 959 oum

88 991 115 1054 iis
131 993 154 1056 io
169 1015 235 1078 pros
252 995 408 1058 inciderint
423 995 487 1058 sine
503 996 561 1058 ullo
576 995 741 1060 discrimine
755 997 829 1062 festa
845 1007 996 1082 peragunt.

150 1110 231 1176 XIII.
263 1109 412 1176 Postremi
435 1115 503 1176 suist
522 1109 674 1192 Dosithei,
703 1113 751 1197 qui
772 1113 870 1179 iisdem
893 1114 996 1201 quibus
1019 1111 1198 1179 Samaritani

83 1213 199 1278 institutis
215 1225 347 1292 utuntur,
372 1213 633 1292 circumcisionem,
657 1213 817 1296 sabbatum,
840 1239 875 1281 ao
892 1228 1020 1296 caetera,
1041 1214 1197 1300 itidemque

83 1311 290 1379 Pentateucbum
307 1315 455 1378 adhibent.
492 1311 653 1399 Praecipue
673 1337 757 1395 vero,
781 1338 815 1380 ac
829 1338 898 1404 prae
912 1318 1032 1403 reliquis
1049 1317 1194 1396 omnibus,

81 1413 126 1476 sibi
140 1416 172 1478 ab
193 1416 325 1480 minuatis
344 1427 524 1502 temperant,
549 1438 584 1479 ac
600 1426 740 1501 perpetuo
758 1419 821 1481 lere
835 1419 976 1483 ieiunant.
1022 1417 1099 1482 Sunt
1119 1416 1197 1482 inter

79 1514 134 1578 illos
149 1519 192 1602 qni
206 1518 401 1602 uirginitatem
417 1519 526 1594 colunt,
550 1517 599 1580 alii
618 1517 835 1584 continentiam.
881 1519 1113 1585 Resurrecturos
1130 1539 1197 1583 esse

78 1629 191 1684 mortuos
207 1621 345 1700 creduut3
369 1621 443 1704 quod
461 1641 477 1684 a
495 1616 746 1683 Samaritanorum
764 1621 897 1706 dogmate
918 1621 1068 1686 abhorret.

146 1734 313 1804 Iudaeorum
335 1750 433 1802 sectae
455 1759 577 1802 numero
599 1735 678 1802 VII:

145 1852 229 1920 xlv.
261 1857 309 1920 Ao
332 1856 424 1941 primo
442 1853 584 1937 Scribas,
614 1857 688 1942 Iegis
708 1857 792 1944 periti
810 1869 841 1921 et
854 1858 1059 1935 traditionum,
1084 1877 1155 1941 quas
1177 1879 1195 1926 t

74 1954 214 2020 maioribus
228 1968 407 2042 acceperant
419 1952 618 2040 (deompoioste
633 1960 801 2040 vocabant),
821 1959 1026 2024 observatores
1041 1959 1135 2037 incre,
1161 1980 1195 2022 ac

73 2055 137 2118 ritus
159 2079 257 2122 omncs
278 2057 510 2145 superstitiosius
532 2059 657 2123 caeteris
680 2059 901 2145 diligentiusque
921 2071 1094 2139 tonuerunt3
1124 2081 1195 2144 quos

72 2175 155 2220 noue
174 2160 238 2243 lege
258 2160 437 2239 didicerant,
461 2160 513 2222 sed
532 2159 720 2245 sibimetipsis
742 2172 875 2246 tauquam
895 2160 1023 2226 iustitiae
1040 2161 1113 2246 legis
1135 2161 1196 2226 siu·

71 2257 174 2337 gularcs
196 2262 290 2324 cultus
313 2283 347 2324 ao
372 2261 553 2324 ceremonias
575 2261 755 2326 indixerant.

142 2375 213 2442 XV.
245 2377 416 2456 Pharisaei,
440 2399 512 2465 quos
528 2377 706 2464 Segregotos
727 2380 911 2465 interpretari
927 2380 1040 2465 possis,
1064 2380 1112 2464 qul
1127 2399 1194 2443 san-

70 2476 212 2544 ctissimam
230 2481 309 2544 vitae
327 2482 468 2544 nationem
485 2484 609 2565 prolcssi
626 2482 766 2566 probitate
783 2481 909 2544 caeteris
927 2481 1102 2546 antecellere
1114 2483 1194 2544 ride-

69 2575 170 2644 bantur.
212 2577 397 2644 Mortuornm
415 2583 487 2667 apud
506 2583 570 2646 illos
588 2583 776 2661 resurrectio,
800 2592 832 2646 ut
848 2593 878 2646 et
893 2582 967 2668 apud
985 2579 1120 2661 Scribas,
1145 2584 1194 2645 de-

71 2678 193 2744 tenditur.
238 2679 329 2745 Iidem
349 2683 469 2766 angelos
488 2704 523 2746 ac
538 2682 669 2768 spiritum
685 2694 814 2748 sanctum
834 2703 973 2748 essenon
991 2693 1111 2768 negant.
1141 2682 1194 2747 Vi-

69 2789 110 2841 tae
130 2781 265 2846 eximium
291 2783 452 2846 institutum
481 2806 549 2868 prae
574 2805 607 2848 sc
631 2787 738 2850 lerunt.
783 2780 1001 2850 continentiam
1025 2794 1135 2849 centum
1158 2785 1193 2847 ad

68 2889 186 2966 tempus,
209 2904 245 2946 ac
262 2885 457 2968 virginitatem
477 2907 590 2970 quoque
605 2887 776 2972 suscipiunt.
820 2883 872 2950 Bis
889 2887 1067 2950 bebdomada
1081 2907 1194 2970 quaque
1207 2907 1299 2966 noete,
1311 2913 1342 2957 ua

70 2981 206 3062 ieiunare,
230 3005 336 3049 urceos
356 3008 395 3058 ,ao
409 2987 505 3050 discos
522 2998 551 3050 et
568 2988 670 3072 pocula
685 2987 801 3072 saepius
822 2988 937 3066 eluere,
961 2998 992 3050 ut
1012 2998 1041 3051 et
1058 2984 1191 3068 Scribas,

67 3083 148 3148 soliti.
188 3086 235 3150 Ad
254 3087 326 3150 haec
340 3087 465 3152 decimas
480 3087 662 3173 etprimitias
676 3089 795 3168 offerre,
814 3089 931 3152 assidue
946 3089 1071 3174 precari,
1095 3100 1193 3154 certos

67 3186 152 3249 cultos
165 3209 198 3252 ac
212 3189 663 3273 superstitiosavestimentorum
680 3209 788 3272 genera
807 3190 950 3253 curiosius
969 3191 1124 3270 adectarc3
1142 3213 1193 3254 cu·

67 3285 178 3352 iusmodi
192 3301 262 3353 suut
276 3290 457 3370 dalmaticae,
481 3313 515 3354 ao
532 3290 656 3368 colobia,
681 3300 709 3353 et
723 3290 828 3354 latiora
846 3293 984 3375 quaedam
1002 3291 1191 3378 phylacteria,

67 3385 113 3451 boc
125 3400 169 3453 est
178 3403 341 3476 segmenta,
365 3392 551 3476 fimbriaeque
568 3411 740 3477 purpureae,
755 3413 789 3454 ao
805 3393 1002 3476 malogranata
1018 3395 1053 3457 ad
1067 3396 1191 3458 restium

67 3509 125 3553 oras
148 3512 290 3577 appensa,
314 3513 388 3577 quae
404 3492 594 3579 temporariae
616 3491 692 3556 illius
718 3492 914 3557 continentiae
937 3494 1021 3577 sigon
1043 3497 1192 3580 praelere-

67 3589 137 3656 bant.
180 3591 270 3657 iidem
293 3605 439 3677 postremo
461 3614 587 3678 geneses
608 3615 643 3656 ao
665 3595 754 3656 lotum
776 3594 1008 3658 introducebant.

136 3707 223 3775 XVI.
247 3709 425 3776 Sadducaeis
439 3713 476 3777 ab
492 3711 677 3776 exactissima
695 3710 804 3775 iustitia
819 3734 923 3776 nomen
940 3723 996 3778 est.
1030 3711 1088 3796 Qui
1105 3709 1191 3777 cSa·

66 3811 260 3877 santonorum
285 3834 393 3896 genere
413 3801 604 3877 a’sacerdotc
628 3813 749 3898 quodam
774 3811 871 3878 Sadoo
897 3824 990 3878 ortum
1018 3814 1189 3879 babuerunt.

64 3905 237 3977 Ilortuorum
252 3915 496 3978 resurrectionem
512 3915 659 3978 damnant.
705 3913 850 4000 Angelum
866 3915 1045 4001 suspiritum
1063 3915 1191 3980 lunditot
1263 3948 1266 3957 ·

65 4025 178 4098 negant,
203 4025 321 4078 caetera
343 4013 515 4080 Iudaeorum
537 4015 658 4079 similes.

136 4111 238 4180 XVII.
270 4114 541 4203 Hemerobaptistae
562 4117 632 4182 nibil
650 4117 685 4181 ab
705 4115 821 4182 Iudaeis
838 4128 1038 4204 praeterquam
1055 4117 1110 4182 boo
1132 4131 1191 4183 uno

87 4313 127 4370 dl.
142 4317 170 4372 δὲ
183 4321 235 4370 coot
247 4322 311 4382 Vsu,
327 4323 472 4384 oloaeapn
488 4323 560 4383 Vulgo
571 4335 607 4372 rc.
640 4323 720 4370 taeost.
757 4325 802 4373 Via
814 4324 894 4372 dubito
915 4325 970 4386 outo
989 4323 1019 4372 stt
1035 4323 1191 4384 emmeadum

87 4385 125 4435 o‘t.
141 4383 184 4440 διὰ
194 4391 354 4452 incoeptat,
370 4395 391 4438 et
405 4391 455 4439 cod.
465 4390 520 4438 Veia.
535 4389 608 4450 Vutno
640 4385 734 4450 πάντα,
750 4404 810 4452 quos
824 4392 938 4441 uocabulo
955 4390 1019 4440 baud
1032 4403 1088 4440 roro
1100 4392 1124 4441 ln
1138 4395 1191 4444 vttt.

60 4448 100 4508 bie
123 4455 198 4516 seam
212 4457 240 4506 nt
253 4461 312 4508 recte
327 4457 564 4507 conomitl’etmrtus.
637 4460 777 4509 membranis
790 4471 808 4508 a
829 4459 931 4509 librariis
953 4458 1051 4520 contusa
1066 4459 1190 4522 cleombro-

87 4519 123 4572 cu
141 4522 224 4575 ταῦτα
241 4525 323 4586 teottar
340 4527 412 4574 etium
429 4525 453 4573 io
467 4523 604 4586 Inambu-
638 4524 733 4576 dantia.
