2984 4996
344 321 480 375 ruusnu
495 319 559 374 ιιι
569 321 589 374 ι.
606 321 687 376 rou.
700 319 743 373 m.
761 319 860 372 uasa.
871 319 951 372 xuu.
1160 309 1223 376 ιιι

65 437 187 506 Pudeat
203 451 233 506 te
247 441 376 506 emunda
393 437 541 528 Babylon,
565 461 599 506 ao
613 439 805 506 Sodomorum
821 459 898 504 nova
913 441 1059 506 euniusio.
1104 439 1222 525 Quous-

65 564 128 628 que
152 543 267 627 linquae
287 543 359 608 istas
381 544 562 608 ennlundeal
606 540 766 630 Quousque
788 553 889 607 eontra
914 563 966 607 eos
988 542 1091 628 quibus
1114 563 1221 610 nouare

65 645 144 710 nihil
159 657 243 731 putea
257 655 334 710 tua·
349 646 474 710 armabis
486 646 657 711 audaciam?
681 643 760 710 Nam
774 643 887 729 angelis
902 646 960 709 rim
975 647 1086 710 moliris
1099 645 1219 726 afferre,

64 759 99 811 et
124 748 163 810 ab
185 747 309 812 euelesia
330 746 465 812 veritatis
485 769 637 812 sermones
656 747 822 825 abietinas,
853 747 935 830 quasi
954 747 994 811 ita
1012 757 1144 812 sanetum
1162 745 1223 812 Lot

65 851 240 936 alloquaras
263 853 344 912 Educ
359 855 435 912 m'rm
452 853 527 912 allas.
574 847 684 915 Verum
701 859 768 914 tuus
784 849 814 912 iu
832 858 860 913 te
876 859 998 913 uenatus
1014 851 1141 928 residet,
1166 871 1221 916 neu
1233 865 1290 910 usa.
1299 867 1331 922 ιι,
1339 865 1359 910 ι.

65 953 137 1016 ideo
160 951 293 1016 veritatis
314 951 380 1016 illos
403 971 554 1016 sermones
573 951 672 1032 eiicis,
704 952 755 1016 sed
773 949 940 1035 tibimetipsi
957 953 1126 1016 eaecitatem
1144 953 1221 1017 iudi-

65 1055 133 1136 gis‚
156 1064 244 1138 atqua
261 1053 290 1120 in
307 1053 479 1118 densissima
495 1053 589 1118 nautis
604 1054 729 1139 ealigine
745 1053 888 1130 versaris
913 1054 992 1116 iores
1008 1053 1140 1139 palpans
1164 1075 1221 1120 neo
1315 1041 1321 1054 ’

64 1155 241 1234 inveniens,
274 1155 368 1220 donee
388 1156 433 1220 sol
456 1166 536 1220 ortus
559 1155 664 1235 luerit,
699 1166 786 1240 tuque
804 1153 902 1219 iudicii
921 1154 995 1218 diem
1014 1155 1157 1242 aspicias,
1189 1156 1219 1222 in

66 1279 126 1342 quo
149 1258 307 1322 mendaciis
329 1258 386 1320 tuis
406 1256 545 1322 vindex
537 1257 612 1341 ignis
630 1268 776 1322 noeurret.
821 1254 900 1320 Nam
917 1257 963 1320 hie
981 1268 1028 1360 te,
1062 1256 1105 1321 uti
1121 1257 1216 1337 vides,

65 1369 218 1444 expeetat.
264 1355 403 1424 Ceterum
419 1361 493 1445 apud
509 1359 670 1444 apostolum
686 1379 744 1422 uon
759 1357 881 1444 legitur,
904 1363 1024 1441 Propter
1036 1363 1142 1442 legem
1166 1359 1218 1424 aed

65 1461 138 1525 illud
154 1481 172 1524 a
189 1467 218 1524 te
235 1481 385 1547 perperam
400 1473 447 1526 est
460 1462 615 1526 adieutum.
660 1459 786 1545 Quod
762 1483 787 1524 ιι
803 1461 879 1526 istud
895 1461 1070 1542 addidisset,
1094 1483 1218 1530 eonsen-

65 1574 186 1626 laneum
210 1562 238 1627 ei
260 1565 354 1641 iuret,
385 1564 460 1648 quod
484 1563 568 1628 ab'
541 1584 605 1628 erus
627 1562 744 1627 domino
766 1564 861 1628 luerat
881 1564 1006 1645 dietum,
1039 1585 1095 1628 aaa
1112 1569 1220 1628 meisa

64 1687 96 1728 se
119 1669 419 1747 sclagamarum,
443 1669 493 1728 aed
514 1677 548 1728 ut
565 1668 739 1746 adimpleret.

153 1764 255 1834 Salat.
271 1763 348 1832 xlv
365 1777 396 1830 et
411 1763 518 1832 XXII.
552 1772 585 1829 la
610 1771 672 1849 lege
692 1772 828 1848 seriptum
850 1779 909 1831 est:
941 1772 1075 1847 (lunarium
1096 1772 1126 1830 ria
1148 1771 1367 1842 adducentem.

65 1873 175 1951 hugum
195 1883 225 1933 et
244 1872 326 1933 ludri's
346 1873 412 1933 ulri'a
434 1873 534 1952 laquem
551 1872 656 1951 popula
677 1873 754 1932 luri.

151 1971 254 2036 llelut.
271 1969 348 2038 XlV
364 1969 513 2037 etXllll.
547 1969 614 2036 Nisi
637 1971 685 2034 illa
707 1991 782 2056 quae
804 1971 833 2035 iu
856 1972 921 2057 lege
938 1971 1082 2058 praeliata
1100 1972 1218 2037 luerunt

64 2073 202 2139 dominus
216 2074 380 2160 implesset,
405 2075 471 2158 quid
487 2073 628 2138 attinebat
643 2073 805 2158 apostolum
821 2095 856 2138 ea
874 2094 1119 2154 commemorare,
1142 2094 1216 2160 quae

65 2197 106 2240 ex
123 2178 188 2261 lega
202 2177 295 2242 veteri
312 2178 427 2240 inerant
443 2175 472 2240 in
487 2195 565 2240 noro
581 2185 757 2241 testamento
774 2179 921 2263 perlaeta?
964 2173 1215 2259 Quemadmodum

65 2288 97 2341 et
111 2279 243 2344 salrator
256 2279 320 2365 ipse
337 2279 534 2357 demonstrat,
559 2279 681 2343 eundem
699 2300 732 2344 se
749 2299 816 2344 esse
834 2279 881 2363 qui
900 2290 958 2342 tum
974 2280 1003 2342 in
1021 2277 1086 2362 lege
1100 2278 1216 2342 loeutus

65 2391 132 2460 est,
155 2381 185 2445 in
201 2381 277 2445 huus
292 2382 407 2446 modum
423 2379 645 2445 interminatum
671 2385 737 2444 Idea
751 2383 1123 2466 ffemmsm'geaeruu‘am'
1133 2384 1209 2455 lure,
1226 2397 1264 2443 ua.
1274 2397 1308 2455 ιι,
1321 2397 1353 2446 ιι.

65 2496 95 2546 et
111 2488 190 2560 dr'ass',
221 2505 329 2564 sempor
346 2487 380 2546 m·
393 2496 492 2546 errarat
508 2488 607 2558 eorde,
641 2497 686 2563 et,
716 2488 817 2546 lurum'
830 2488 859 2546 si
872 2485 1030 2546 aiamm'duat
1045 2488 1075 2546 r'n
1091 2487 1215 2566 reqmism

66 2609 165 2649 meam.
210 2583 372 2671 Propterea
388 2587 419 2650 iu
433 2585 498 2650 aliis
514 2585 622 2702 linguis
639 2586 801 2650 leomarum
819 2605 853 2650 se
869 2604 937 2650 esse
954 2585 1151 2664 denuntiavit,
1183 2595 1217 2650 ut

66 2700 98 2753 et
116 2688 230 2752 lunatas
249 2699 312 2768 est,
343 2709 398 2752 neu
414 2689 539 2773 ingressu
531 2687 598 2753 'illi
615 2699 694 2753 sunt
740 2686 913 2752 Huiusmodi
930 2687 1006 2751 enim
1024 2687 1157 2773 quiddam
1172 2687 1215 2753 di·

66 2790 188 2876 seipulia
201 2791 262 2856 suis
277 2790 389 2856 dixisse
405 2791 528 2876 legitur.
553 2792 636 2853 Velia
647 2794 742 2853 datum
756 2803 800 2853 est
813 2813 895 2853 nosse
908 2795 1040 2870 mysteria
1051 2811 1134 2871 regas
1132 2795 1209 2854 'deis
1225 2808 1266 2852 ιιι
1267 2807 1309 2853 ιιι

66 2897 127 2956 a'lla‘s
143 2905 234 2955 uatem
252 2899 281 2956 ris
294 2895 454 2975 mmm,
487 2897 655 2956 utusdeates
673 2915 730 2956 aen
747 2897 925 2956 mdmatetr.
973 2888 1074 2957 Cum
1065 2903 1163 2978 utaque
1181 2861 1262 2958 iniit
1263 2861 1326 2968 siit,
1332 2909 1364 2956 ιι

67 3017 145 3060 nuru
162 3006 337 3060 testamento
352 3013 388 3059 aa
405 2995 510 3079 ubique
524 2996 584 3060 aiut
594 2995 711 3081 impleta
725 3015 798 3081 quae
813 2995 842 3058 iu
858 3005 959 3058 vetere
976 2995 1212 3074 continebantur,

65 3097 200 3162 dubitare
223 3118 308 3162 nemo
330 3106 426 3182 potest
447 3097 515 3181 quin
538 3095 666 3162 eiusdem
689 3097 773 3162 ambo
790 3107 964 3161 testamenta
984 3097 1031 3160 dei
1048 3096 1125 3179 siut,
1155 3119 1213 3161 uon

65 3199 187 3264 alteriue
208 3221 244 3264 aa
266 3199 387 3264 diversi.

151 3299 253 3366 Sohol.
271 3297 335 3365 XV
350 3312 381 3365 et
397 3297 519 3365 xxttt.
553 3305 689 3366 Hult'em
704 3305 734 3364 ia
752 3305 869 3364 aarum
891 3314 1011 3366 merant.
1057 3305 1363 3378 limmiswiler.

60 3407 238 3487 pmmittitur
257 3406 316 3466 illia
337 3407 428 3486 loqui,
453 3409 504 3466 aad
522 3407 649 3468 subditae
669 3409 740 3478 arist,
764 3409 842 3468 ιίιιιι
859 3415 890 3468 et
909 3409 957 3468 len
977 3410 1056 3468 dris't.

151 3607 254 3674 llelut.
272 3606 335 3674 XV
353 3619 384 3673 et
395 3604 516 3676 Xlllll.
551 3605 586 3674 Si
602 3631 643 3674 ex
659 3609 733 3696 legis
750 3610 929 3696 praesorium
947 3610 1150 3676 sanctissimae
1165 3610 1213 3675 dei

65 3711 215 3799 apostolus
237 3711 380 3777 eeclesiae
405 3711 534 3776 ordinem
557 3733 592 3775 ao
611 3711 789 3798 diseipliua·
806 3713 973 3792 constituit,
1004 3735 1062 3778 nou
1085 3714 1143 3777 erit
1162 3712 1213 3777 lex

66 3813 177 3880 ordinis
196 3833 320 3900 expers,
344 3833 361 3878 e
379 3833 434 3897 qua
451 3813 581 3879 ordinem
600 3816 749 3900 apostolus
764 3814 927 3895 transtulit,
951 3835 1046 3900 neque
1064 3815 1100 3880 alr
1117 3816 1213 3882 alieno

65 3918 121 3982 deo
135 3917 351 4002 prudeisuetur,
374 3936 447 4000 quaa
464 3916 528 3980 viru
544 3915 678 3980 leminam
694 3937 759 3981 esse
774 3917 932 3982 subiectam
950 3917 1102 4004 praecipit.
1146 3915 1214 3982 llos

65 4019 142 4084 enim
159 4029 189 4082 et
203 4017 335 4103 apostola
349 4017 379 4081 iu
396 4018 553 4084 suadendis
570 4018 713 4084 eeclesiae
727 4019 838 4105 legibus
854 4018 971 4106 placuit,
996 4032 1028 4084 ut
1043 4019 1106 4106 ipse
1123 4030 1212 4084 testa·

65 4133 124 4200 tur,
144 4123 426 4184 Sa'eutetleedim’t.
467 4117 527 4186 Sed
545 4121 659 4186 ubinam
675 4122 787 4186 demum
804 4122 861 4187 ista
874 4121 925 4188 lex
939 4123 1028 4189 diuiti
1063 4121 1210 4187 Nimirum

64 4243 101 4288 eu
117 4223 147 4288 in
163 4222 228 4286 loeo
246 4220 295 4286 uli
311 4223 352 4288 ita
367 4222 500 4288 daminus
515 4223 608 4290 livam
626 4223 797 4308 alloquitur:
820 4229 871 4288 Al
886 4231 977 4288 uuum
992 4232 1050 4290 era't
1064 4230 1207 4290 mauorm'o
1221 4245 1278 4292 un.
1288 4247 1308 4302 a,
1319 4245 1351 4291 ιι

65 4339 130 4400 tua,
155 4337 183 4389 et
199 4330 258 4407 apsa
273 4329 460 4390 dominabitur
476 4330 536 4389 tili.
582 4325 659 4391 Nam
678 4326 733 4391 etsi
751 4327 896 4413 plerisque
914 4327 978 4393 aliis
996 4327 1026 4392 in
1045 4327 1118 4393 loeis
1134 4328 1208 4392 idem

64 4428 216 4516 repetitum
242 4427 343 4508 luerit,
374 4428 433 4494 illie
456 4443 550 4494 tamea
575 4429 696 4528 primum
719 4440 765 4494 est
783 4441 962 4516 usurpatum.
1009 4427 1068 4494 lam
1087 4452 1151 4496 eum
1171 4451 1209 4498 ιι
