3008 4996
264 295 326 357 254
691 303 812 356 amen
828 303 996 356 ml’fflml

265 429 326 487 νῦν
338 421 501 506 γινομίνων
517 425 558 509 τῷ
571 417 704 508 Ἰωσήπῳ
721 418 936 486 όνωιοινοῦται.
980 420 1041 484 Καί
1056 426 1176 504 πρῦτον
1192 419 1245 502 μὲν
1257 422 1403 496 ταλανίοας

267 521 372 588 ἑαυτόν
392 525 467 605 ἔφη,
502 520 642 598 Τόλανες,
671 523 778 602 φησὶν,
805 518 903 603 ήμεῖς,
931 519 1051 600 ἆδελιγδ,
1078 523 1129 586 καί
1147 518 1289 597 ότιωλείας
1308 519 1403 601 σκεόη,

266 629 324 689 τίνι
342 622 588 708 προςεδρεόομενς
614 619 649 686 ‘0
664 623 697 687 δὲ
710 619 851 704 Ἰοίσηττος
865 621 920 704 τήν
935 625 1031 688 αίτίαν
1047 623 1196 706 ίρωτήσας
1213 620 1250 688 οῦ
1265 622 1403 708 πρότερον

266 723 376 808 ήκουσε
389 724 458 812 παρ’
473 723 565 789 αῦτοῦ
579 722 629 788 διδ
645 722 750 808 λόγιον,
772 727 844 808 πρίν
857 721 950 789 αότοῦ
962 723 1125 806 λαβόμενος
1136 731 1189 806 τῆς
1201 722 1295 809 χειρός
1308 721 1326 790 ό
1340 748 1403 806 πρε·

266 825 376 910 σβῦτης
387 824 518 912 όπήγαγε
531 823 584 890 τόν
596 822 735 907 Ἰοόσηπον
745 828 822 890 ἔνθα
834 823 867 890 τό
880 824 1031 908 ἄθροισμα
1043 830 1075 890 οί
1085 835 1264 909 φθοριμαῖοι
1275 823 1346 909 μετδ
1355 831 1405 890 τοῦ

264 930 409 1012 νεωτέρου
430 931 461 994 ίν
481 937 543 1002 τοῖς
561 925 689 1008 μνήμασι
705 931 881 1012 μαγγανείας
899 929 983 992 δνεκα
999 929 1163 993 ἐποιοῦντο.
1208 929 1269 992 Καί
1286 930 1339 1004 ίξω
1355 927 1406 1008 μίν

264 1038 317 1113 τῆς
329 1029 429 1114 θῦρας
440 1028 560 1103 στόντες
575 1025 611 1092 τό
627 1024 695 1113 παρ’
710 1031 829 1093 ἐκείνων
843 1027 982 1114 γινόμενα
993 1027 1238 1114 κατηκροιίσαντο.
1274 1025 1407 1094 'Eadm

264 1133 298 1197 δὲ
314 1131 449 1210 ἐξιόντων
464 1127 670 1212 ὑπεχώρησαν·
699 1127 783 1194 οῦπω
801 1127 857 1214 γῦρ
873 1129 964 1212 πολλή
980 1132 1087 1211 ἑσπέρα
1105 1124 1158 1213 ἦν,
1187 1126 1258 1195 ἄλλοί
1276 1126 1318 1206 τός
1334 1125 1406 1212 πρός

265 1231 359 1317 αῦτήν
372 1231 426 1316 τήν
439 1230 524 1314 ήλίου
536 1229 631 1310 δόσιν,
647 1233 691 1296 ἔτι
704 1232 869 1312 δυναμένου
881 1229 1042 1312 σ’φθαλμοῦ
1055 1231 1195 1314 ἀμαυρῶς
1208 1233 1290 1296 ίδεῑν.
1322 1227 1406 1296 Μιτδ

265 1329 321 1402 οὖν
339 1333 393 1418 τήν
414 1341 473 1399 τῦν
494 1330 691 1414 ιῖσεβεστότιον
714 1336 816 1410 ἔξοδον
834 1329 892 1398 ότοό
911 1339 964 1398 τοῦ
982 1338 1124 1415 μνημείου
1140 1336 1172 1398 οἱ
1184 1333 1252 1414 περὶ
1264 1330 1406 1414 Ἰοίσηττον

265 1441 418 1519 είςήλθον,
446 1437 498 1500 καί
515 1433 771 1516 καταλαμβάνουσι
787 1434 839 1497 καλ
851 1431 922 1497 ι’ίλλα
938 1431 1003 1498 τινοδ
1019 1433 1231 1516 ἐπιτηδεύματα
1246 1438 1407 1520 περιεργίας

266 1541 354 1623 χαμαί
371 1537 544 1622 ἐρριμμένα,
573 1531 619 1610 οίς
633 1533 885 1620 προςτενοίσαντες
900 1527 976 1617 οὖρα
991 1537 1043 1600 καί
1058 1532 1145 1618 αίμα,
1167 1539 1299 1617 μίξαντες
1315 1535 1404 1612 κόνιν,

265 1639 308 1717 τός
322 1643 432 1712 ίκεῖνος
448 1640 522 1718 ίφη,
545 1638 677 1718 ἐξῆλθον.
711 1635 865 1720 Ἔγνωσαν
880 1636 912 1700 δὲ
926 1635 980 1719 τήν
995 1635 1171 1720 ἐπιβουλήν,
1192 1635 1243 1702 διδ
1256 1641 1347 1702 ποίαν
1359 1663 1408 1720 γα·

265 1753 352 1808 ναῖκα
369 1738 470 1813 αῦτοῖς
483 1737 692 1822 ίιιακουργήθη
705 1745 811 1816 ταῦτα,
840 1740 891 1802 καί
907 1746 1123 1823 παρετηροῦντο
1139 1741 1166 1802 εί
1177 1737 1407 1821 κατισχύσουσιν.

265 1843 317 1920 Ὦς
333 1834 388 1908 οῦν
404 1839 441 1906 οῦ
456 1845 630 1921 κατίσχυσαν
648 1843 679 1904 οί
693 1839 795 1924 γόητες
813 1837 874 1914 (διδ
890 1838 946 1924 γὰρ
961 1847 1014 1922 τῆς
1029 1844 1194 1924 σφραγῖδος
1206 1847 1261 1906 τοῦ
1278 1845 1408 1923 Χριστοῦ

267 1948 319 2011 καί
333 1949 458 2018 πίστεως
472 1938 631 2023 ἐβοηθήθη
648 1938 668 2023 ἦ
682 1940 768 2024 γυνή)
782 1943 913 2025 ἔγνωσαν
927 1939 978 2006 τόν
989 1940 1131 2026 κενότερον
1143 1943 1175 2008 ίν
1189 1943 1265 2025 τρισί
1277 1943 1346 2020 νυξί
1359 1935 1407 2005 διό

265 2044 322 2128 τήν
335 2053 389 2111 τοῦ
403 2047 526 2129 γυναίου
541 2041 642 2122 όφιξιν
657 2041 961 2126 προςκαρτερήσαντα,
976 2045 1017 2116 είς
1030 2041 1152 2128 ὕστερον
1166 2044 1199 2109 δὲ
1213 2046 1409 2126 μαχεσάμενον

266 2157 329 2222 τοῖς
343 2144 397 2228 τήν
412 2147 576 2228 περιεργίαν
591 2146 815 2226 ποιησαμένοις,
843 2141 888 2210 ότι
904 2141 959 2208 οῦκ
973 2145 1101 2226 ίπίτυχε.
1149 2152 1241 2210 Τοῦτο
1257 2149 1356 2228 τρίτον
1368 2149 1409 2230 τῇ

265 2245 397 2335 Ἰωσήπῳ
413 2243 598 2328 κατηχήσεως
613 2247 699 2330 ίργον
714 2248 837 2330 ίγίνετα,
859 2243 905 2310 ότι
919 2241 974 2310 οῦκ
989 2248 1113 2328 ίσχυσεν,
1133 2248 1212 2312 ἔνθα
1225 2243 1320 2327 ὄνομα
1338 2251 1408 2328 Χρι·

267 2355 341 2415 στοῦ
354 2351 406 2414 καί
420 2349 546 2432 σφραγίς
561 2353 708 2432 σταυροῦ,
730 2351 913 2431 φαρμακείας
925 2344 1059 2429 δύναμις.
1105 2345 1150 2412 Οῦ
1163 2346 1222 2432 μήν
1236 2349 1270 2413 δὲ
1285 2349 1409 2430 ἐπείσθη

270 2448 447 2536 Χριστιανός
466 2451 610 2535 γενέσθαι.

130 2564 197 2630 Κεφ.
216 2555 250 2613 θ’.
343 2550 466 2616 ’Ἔπειτα
487 2553 621 2631 φαίνεται
642 2547 719 2637 αὐτῷ
741 2551 775 2614 ίν
794 2547 900 2624 ῦπνοις
920 2545 937 2614 ό
955 2546 1075 2632 κόρεις,
1103 2549 1227 2629 φάσκων
1244 2548 1307 2629 δτι,
1335 2547 1410 2635 Ἐγό

268 2655 328 2736 ιίμι
338 2651 473 2736 Ἰησοῦς,
501 2651 537 2716 δν
551 2654 584 2716 οί
598 2653 647 2716 σοί
660 2658 756 2736 γονεῖς
771 2649 970 2734 ἐσταύρωσαν,
998 2648 1069 2714 α’λλδ
1086 2655 1201 2716 πίστευε
1218 2653 1261 2726 είς
1274 2653 1336 2734 ίμί.
1377 2649 1411 2716 ‘0

145 2792 197 2840 μγ.
211 2777 255 2824 ιιι
270 2757 302 2821 δὲ
316 2752 380 2820 οῦδ
396 2753 474 2818 σῦκα
494 2755 628 2827 πεισθείς
641 2748 769 2816 όπίπεσε
779 2749 859 2839 νόσφ
873 2750 1000 2840 μεγάλη,
1020 2753 1071 2817 καί
1083 2749 1285 2838 όιιηγορεόθη.
1325 2749 1364 2818 ‘O
1380 2751 1413 2818 δί

267 2855 371 2944 κῦρεος
387 2854 474 2920 πόλιν
489 2851 645 2919 δπτόνεται
661 2851 758 2940 αὐτῷ,
785 2851 884 2935 φήσας
898 2850 979 2941 αῦτῷ
993 2851 1137 2919 πιστεύειν
1151 2857 1203 2920 καί
1219 2855 1412 2938 δοθήσεσθαι.

265 2956 302 3023 ‘0
317 2959 349 3022 δί
364 2953 603 3042 ἐπαγγειλάμενος
618 2950 771 3037 όνίσφηλε,
792 2956 841 3019 καί
858 2952 945 3020 πόλιν
964 2957 1101 3038 ιἐνέμενε
1114 2963 1150 3044 τῇ
1167 2959 1412 3044 ’σεληραυχενίμ

271 3062 328 3134 Ele
348 3058 486 3143 δευτέραν
507 3056 539 3120 δί
558 3055 647 3121 πόλιν
667 3052 826 3120 ὑποπίπτει
846 3053 951 3134 νόσον,
979 3059 1030 3121 καὶ
1051 3053 1188 3132 οόςαότως
1206 3055 1413 3143 ἆττηγορεῦθη.

273 3159 497 3240 ι’Τποληφθείς
512 3158 544 3222 δὲ
558 3163 690 3222 τελευτᾶν
703 3153 763 3222 dno*
778 3163 838 3222 τῶν
853 3164 1002 3242 συγγενῶν
1016 3155 1109 3222 αῦτοῦ
1121 3155 1279 3224 Ἰουδαίων
1290 3157 1326 3224 τό
1342 3155 1414 3244 παρ’

270 3259 369 3327 αῦτῦν
383 3258 430 3324 όεὶ
445 3262 656 3342 μυστηριωδῦς
669 3256 823 3342 γινόμενον
834 3257 916 3342 παρδ
928 3257 1040 3324 τοῦτον
1054 3257 1173 3342 ήκοασι.
1213 3265 1279 3325 Τοῦν
1291 3258 1350 3345 γῦρ
1365 3285 1415 3324 νο-

270 3369 420 3448 μομαθοδν
436 3358 511 3444 δνήρ
528 3385 572 3435 τις
586 3357 782 3444 πρεσβύτερος
800 3359 897 3426 ίλθσόν
914 3363 955 3436 είς
969 3358 1003 3426 τό
1021 3353 1075 3436 οῦς
1090 3357 1181 3426 σότοῦ
1199 3358 1357 3446 όττήγχσιλε
1371 3361 1415 3427 λί-

270 3491 333 3553 γαν
346 3464 402 3541 ότι,
423 3467 546 3526 Πίοτευε
558 3459 677 3542 Ἰησοῦν
690 3458 741 3526 τδν
754 3462 973 3546 ίσταυραμίνον
986 3464 1035 3528 ίπί
1052 3465 1181 3527 Παπίου
1199 3458 1332 3528 Πιλόταιι
1347 3459 1415 3548 ήγι·

270 3565 363 3651 μόνος
376 3562 444 3630 υδδν
457 3569 533 3628 θεοῦ
545 3560 631 3640 όντα,
662 3563 713 3626 καί
730 3565 763 3628 ἐκ
778 3567 901 3645 Μαρίας
915 3561 1037 3648 ὕστερον
1050 3564 1258 3648 γεγενημίνον,
1282 3563 1417 3648 Χριστόν

270 3671 304 3735 δί
319 3666 391 3734 όντα
405 3672 496 3746 θεοῦ,
516 3666 566 3730 καί
583 3666 617 3730 ἔτι
632 3669 744 3746 νεκροῑν
759 3661 940 3739 όναστοίντα,
960 3666 1011 3728 καί
1025 3663 1071 3730 δτι
1087 3661 1175 3739 αῦτός
1190 3666 1301 3748 ἔρχεται
1314 3675 1417 3750 κρῖινιι

271 3778 381 3849 ζῶντας
397 3768 446 3832 καί
461 3764 591 3852 ναιροῦς.
639 3769 736 3828 Ταῦτα
750 3761 769 3829 ό
784 3761 874 3839 αῦεδς
888 3761 1034 3847 ’λαὀηπος
1050 3767 1082 3832 ίν
1098 3773 1134 3854 τῇ
1148 3762 1294 3850 ῦφηγήσει
1308 3773 1419 3848 σαφοῦς

272 3897 322 3954 μοι
338 3868 516 3955 διήγγειλα,
544 3863 586 3940 οἱς
600 3872 773 3947 φιλαληθῦς
787 3867 863 3932 δστιν
877 3868 977 3930 είπεῖν.
1018 3863 1102 3930 'AM
1116 3869 1174 3932 καλ
1182 3862 1253 3950 παρ’
1267 3864 1360 3934 δλλου
1373 3894 1416 3932 τι-

272 3969 325 4048 νός
338 3970 371 4038 τό
385 3977 521 4037 τοιοῦτον
534 3965 648 4051 ἤκουσα
661 3968 703 4031 ἔτι
717 3965 803 4040 ὄντος
815 3963 976 4045 Ἰουδαίου,
992 3965 1041 4033 διδ
1054 3965 1107 4032 τόν
1119 3974 1177 4034 τῦν
1188 3965 1348 4034 Ἰουδαίων
1359 3969 1420 4050 φό-

271 4077 335 4156 βον,
356 4071 503 4154 οίναμίσον
518 4069 550 4136 δὲ
567 4074 750 4152 Χριστιανῶν
765 4067 904 4144 πολλάκις
920 4072 1129 4152 διατρίβοντος,
1150 4071 1201 4135 καί
1217 4070 1420 4156 Χριστιαναῦς

270 4173 414 4257 τιμῦνιός
426 4197 457 4238 τε
471 4173 523 4238 καὶ
540 4167 728 4255 ῦγαπῦντος,
749 4167 978 4245 συνοδεῦσαντός
992 4195 1043 4251 μοι
1060 4172 1093 4236 ίν
1106 4177 1143 4261 τῇ
1159 4169 1259 4261 ίρήμμ
1272 4177 1325 4254 τῆς
1343 4179 1420 4240 Βαι·

306 4363 420 4414 (2le.
432 4387 464 4400 -
481 4360 503 4413 1.
516 4357 616 4425 ίιίμιιι
628 4361 678 4410 uod.
692 4361 774 4420 λὀλια,
786 4363 844 4432 λιι-Ι
891 4357 915 4409 2
933 4359 1115 4428 σκληρωιχτιλφ
1128 4362 1179 4410 σοί,
1191 4363 1264 4410 m
1287 4361 1422 4428 σκληραυ-

270 4433 343 4494 διηαι
359 4433 413 4510 ιδλλ.
427 4433 507 4480 Ριίσα.
539 4421 642 4492 όνίμειι
661 4429 712 4478 οσδ.
725 4429 824 4490 mdiu.
857 4423 901 4547 χίρ
912 4429 1070 4507 τοιλυθλιδλρ.
1082 4433 1104 4478 ελ
1116 4430 1171 4480 odit.
1180 4431 1255 4490 μελισ.
1285 4429 1422 4496 ww

270 4505 292 4550 ιι
308 4500 344 4550 ιιί
358 4511 434 4560 prum.
857 4509 915 4562 χερ
933 4496 985 4544 τοι.
999 4497 1080 4545 Ριιαυ.
