2994 5024
263 292 323 356 508
685 301 989 356 ειυοτιτιιειιιυιι

261 424 369 506 λέγειν,
391 419 442 484 καί
459 415 550 484 αύτοῡ
566 420 700 505 λέγοντος
715 426 768 484 τού
783 425 930 504 σωτῆρος,
953 421 996 482 El
1010 425 1130 507 Μωύσῇ
1147 417 1327 498 ίπιστεύετε,
1353 421 1410 484 ἔπι

263 522 375 588 στεύετε
397 521 435 587 ίίν
456 524 505 587 ιιαί
529 525 605 605 έμοί·
630 524 740 597 εἰιεῖνος
761 520 815 608 γύρ
838 524 906 607 ’περὶ
928 524 1001 604 ἐμοῦ
1022 523 1141 607 ἔγραψε.

345 726 431 810 Σχόλ.
444 725 499 810 ιη’.
530 724 593 792 oda
608 723 672 809 εἶχε,
695 725 755 792 Διό
770 735 854 794 τοῦτο
870 724 949 792 εἶπεν
963 723 984 810 ἡ
999 731 1090 809 σοφία
1100 733 1155 792 τοῦ
1167 733 1254 804 θεοῦ,
1279 725 1413 792 ‘stim-

261 831 364 896 στέλλω
380 833 421 906 είς
436 828 545 906 αύτούς
563 827 731 915 προφήτας·
754 832 804 896 ιιαὶ
821 832 889 915 περλ
905 833 1030 912 αἵματος
1049 833 1197 915 Ζαχαρίου
1215 829 1413 912 “mim

261 936 311 998 καί
332 941 391 998 τῶν
411 940 589 1018 προφητῶν,
610 931 670 1010 ότι,
692 929 942 1014 Ἐιιζητηθύσεται
964 929 1023 998 οίτιύ
1046 940 1099 1015 τῆς
1119 939 1219 1017 γενεᾶς
1241 931 1362 1014 ταύτης.

335 1034 453 1121 Ἕλεγχ.
469 1033 523 1117 ιη’.
558 1035 618 1098 Καὶ
635 1033 775 1122 ἐντούτῳ
793 1055 840 1100 σοι
857 1032 948 1118 πολλὴ
964 1032 1103 1118 αίσχύνη,
1127 1027 1151 1099 τί
1167 1039 1336 1118 Μαρτίων,
1359 1041 1413 1100 τού

260 1146 441 1224 χαρακτῆρος
456 1145 509 1221 τῆς
527 1134 666 1219 οίληθείας
680 1137 860 1218 σωζομένου,
882 1139 933 1203 ιιαί
948 1145 1000 1220 τῆς
1012 1143 1196 1221 παρειτομῆς
1209 1145 1268 1202 τῶν
1283 1136 1412 1220 αλεχτριό-

260 1267 318 1306 των
334 1262 388 1308 σου
404 1237 625 1326 εύρισκομίνης,
649 1236 708 1304 duo*
727 1247 779 1305 τοῦ
795 1237 977 1326 α’ντιγρύφου
993 1247 1045 1306 τοῦ
1060 1237 1135 1305 ιιατύ
1152 1246 1277 1306 Λουκᾶν
1293 1237 1410 1326 εύαγγε-

259 1348 324 1410 λίον
339 1351 398 1410 τῶν
413 1341 513 1409 τόπων
530 1339 761 1427 εύρισιιομένων,
783 1343 834 1408 καί
850 1350 910 1408 τῶν
926 1341 1006 1428 παρύ
1022 1349 1076 1408 σού
1091 1339 1317 1428 ἀφαιρεθέντων
1335 1345 1412 1428 ἔλεγ-

258 1448 398 1530 χομένων.

343 1547 427 1631 Σχόλ.
445 1546 506 1612 κθ’.
536 1548 624 1632 Λέγω
649 1547 680 1611 δέ
701 1555 764 1622 τοῖς
786 1551 884 1627 φίλοις
905 1573 980 1630 μου,
1009 1545 1067 1631 Μὴ
1089 1550 1247 1630 φοβηθῆτε
1268 1545 1331 1614 dud
1350 1554 1412 1614 τοῖν

259 1647 492 1717 όποιιτεινόντων
510 1647 542 1715 τό
559 1657 658 1732 σῶμα,
690 1647 846 1732 φοβήθητε
864 1650 896 1716 δέ
910 1647 962 1716 τόν
978 1648 1048 1732 μετοί
1066 1647 1099 1715 τό
1118 1647 1289 1716 ύποιιτεῑναι
1306 1653 1412 1734 έχοντα

262 1751 359 1836 Μτὴν
380 1756 514 1830 ἐξουσίαν
535 1755 633 1834 βαλεῖν
655 1754 696 1826 είς
714 1753 840 1836 γέενναν.
887 1750 951 1818 Ούιι
970 1748 1024 1834 εἶχε
1042 1752 1089 1832 δέ,
1116 1749 1185 1835 oia}
1202 1753 1291 1816 πέντε
1306 1775 1412 1838 στρου-

259 1861 313 1922 θία
332 1853 478 1940 ύσσαρίων
494 1852 549 1920 δύο
571 1861 767 1934 86πωλεῖται,
789 1856 840 1920 ιιαλ
853 1859 888 1920 ἓν
902 1857 932 1932 ἐξ
948 1851 1046 1920 τούτων
1059 1851 1114 1920 ούιι
1131 1855 1210 1920 ἔστιν
1225 1855 1411 1938 έπελελησμί·

258 1985 312 2024 νον
334 1956 460 2025 ίνοίπιον
480 1963 534 2022 τοῦ
554 1963 645 2035 θεοῦς

335 2059 451 2144 Ἔλεγχ.
467 2058 527 2124 ιβ’.
564 2058 621 2137 Τό,
642 2060 731 2144 Λέγω
748 2057 804 2145 ίγαί
819 2068 880 2136 τοῖς
892 2063 989 2141 φίλοις
1003 2085 1076 2141 μου,
1098 2055 1155 2140 Μὴ
1171 2061 1332 2142 φοβηθῆτε
1348 2056 1409 2124 dud

260 2169 318 2227 τόν
333 2160 565 2229 ἀποκτεινόντων
578 2159 611 2227 τό
626 2168 719 2243 σῶμα,
742 2160 897 2244 φοβήθητε
910 2163 942 2227 δὲ
958 2161 1009 2226 τόν
1023 2164 1126 2244 έχοντα
1140 2161 1275 2240 ἐξουσίαν
1285 2161 1321 2226 τό
1336 2160 1410 2244 μετὰ

168 2323 169 2330 ,
259 2265 291 2332 τό
309 2262 477 2331 οίποιιτεῖνσι
493 2262 525 2331 τό
544 2271 628 2346 σῶμα
642 2261 696 2344 τὴν
709 2262 810 2346 ψυχὴν
824 2268 922 2347 βαλεῖν
936 2266 979 2340 είς
993 2264 1121 2349 γέενναν,
1145 2261 1300 2348 αίναγιιιίξετ
1316 2285 1360 2341 σε,
1384 2255 1409 2327 οἷ

246 2372 423 2452 Μαρκίων,
453 2369 503 2433 καὶ
525 2365 562 2432 τοί
585 2368 650 2448 ἑξῆς
671 2373 724 2447 τῆς
744 2369 916 2449 παραβολῆς
938 2362 1124 2452 ὁμολογῆσαι.
1159 2362 1250 2430 'Am
1272 2363 1330 2450 χύρ
1352 2373 1409 2431 τοῦ

260 2476 334 2535 θεοῦ
349 2467 435 2535 οὐδέν
449 2473 566 2555 γίνεται,
588 2466 644 2534 τόν
658 2466 771 2557 έπύρης
786 2466 818 2534 τό
836 2469 903 2555 περί
918 2475 978 2534 τῶν
991 2469 1165 2554 στρουθίων.
1208 2463 1408 2554 Ἀπολόγησαι

259 2563 314 2637 οὖν
330 2574 394 2656 περί
413 2578 471 2638 τῶν
487 2575 519 2638 έν
533 2578 574 2660 τῷ
590 2573 670 2660 βητρῖ
685 2573 939 2652 καταλειφθέντων
954 2566 1014 2637 ύπό
1031 2576 1104 2649 σοῦ,
1126 2560 1150 2634 d
1167 2573 1332 2655 Μαρκίων,
1356 2573 1407 2636 ιιαλ

259 2671 416 2759 α’πόιιριναι
435 2670 507 2758 ἡμῖν
529 2678 557 2739 τί
576 2677 681 2762 διανοῇ
701 2674 769 2757 περὶ
789 2681 843 2739 τοῦ
861 2675 996 2750 ἐξουσίαν
1014 2675 1138 2756 ἔχοντος.
1182 2673 1225 2736 Et
1237 2670 1293 2758 γόρ
1310 2678 1409 2756 φαίης

258 2774 348 2842 αύτόν
363 2773 438 2842 εἶναι
452 2774 505 2842 τόν
519 2776 630 2861 πατέρα
647 2782 700 2841 τοῦ
719 2781 865 2861 Χριστοῦ,
894 2772 946 2842 τόν
961 2776 1012 2840 ιιαλ
1030 2773 1112 2860 παρύ
1127 2763 1178 2840 σοί
1190 2771 1307 2861 ύγαθόν
1323 2774 1405 2861 λεγό·

258 2903 345 2961 μενον
365 2876 455 2956 θεόν,
485 2880 512 2942 εί
528 2882 580 2943 ιιαλ
596 2885 694 2954 κακῶς
709 2881 844 2963 θιαιρεῑς,
875 2877 970 2962 ὅμως,
1001 2875 1101 2958 ἐπειδὴ
1118 2879 1174 2960 ἔχει
1188 2876 1240 2960 τήν
1255 2879 1406 2957 ἐξουσίαν,

257 2982 387 3056 δέδωκας
404 2977 494 3046 αύτόν
512 2979 613 3066 κριτὴν
630 2978 701 3046 όντα
717 2981 768 3046 καί
783 2978 893 3069 έιιύσιρι
909 2982 1034 3062 νέμοντα
1049 2977 1083 3045 τό
1097 2976 1160 3044 κατ’
1176 2976 1266 3057 ύξίιιν.
1307 2984 1360 3043 Εί
1375 2981 1407 3045 δέ

257 3079 293 3148 ού
308 3089 393 3149 τούτο
409 3083 514 3167 λίγεις,
535 3080 606 3146 όλλοί
622 3080 672 3148 τόν
689 3079 869 3168 δημιουργόν
885 3079 935 3148 τόν
951 3080 1032 3167 πυροί
1048 3083 1096 3147 σοί
1110 3079 1198 3162 φύσει
1212 3078 1312 3162 τριτην
1329 3079 1406 3168 ᾀδό-

257 3209 358 3267 μενον,
388 3186 450 3270 λέγε
471 3211 522 3267 μοι
543 3189 586 3261 τίς
602 3183 696 3274 τούτῳ
714 3185 825 3250 mom
846 3181 899 3267 τὴν
916 3186 1056 3262 ἐξουσίαν.
1100 3187 1143 3248 Et
1155 3181 1210 3269 γόρ
1228 3178 1278 3261 εἶφ’
1290 3182 1406 3248 lewe&

257 3288 328 3369 ἔχει,
357 3284 414 3370 ύρα
436 3289 526 3372 μέγας
547 3289 623 3366 έστλ,
651 3289 701 3352 καλ
717 3289 850 3364 ἐξουσίαν
866 3287 936 3368 έχει·
968 3289 995 3350 εί
1009 3287 1042 3352 δέ
1058 3292 1112 3351 τού
1129 3289 1236 3372 ιιρίνειν
1252 3285 1405 3362 ἐξουσίαν,

257 3392 312 3472 ἔχει
330 3390 380 3454 καλ
393 3397 447 3454 τοῦ
462 3389 568 3468 σοόξειν.
610 3387 644 3453 ‘0
658 3388 713 3474 γύρ
729 3388 889 3471 δυνάμενος
900 3392 1024 3473 κρίνειν,
1046 3387 1169 3453 δύναται
1185 3389 1236 3452 παλ
1250 3383 1404 3453 όπολύετν.

134 3526 185 3572 ρας.
198 3515 243 3559 τοι.
259 3493 318 3556 Καί
336 3489 444 3569 όίλλως,
476 3494 502 3557 εί
521 3500 573 3558 τοῦ
590 3499 692 3576 κριτοῦ
710 3489 866 3573 βάλλοντος
883 3489 936 3566 τός
949 3488 1048 3574 ψυχύς
1065 3493 1106 3566 είς
1123 3491 1239 3576 γέενναν
1255 3485 1273 3554 ό
1289 3487 1370 3567 θεός
1388 3487 1405 3555 ό

254 3591 370 3680 οίγαθός
386 3591 422 3658 ού
437 3592 538 3678 βύεται
552 3591 657 3672 αύτύς,
680 3591 697 3659 ό
714 3591 898 3675 πανταχόθεν
912 3599 971 3658 των
986 3589 1083 3658 αύτιόν
1100 3590 1321 3675 ἐπιμελούμενος
1337 3609 1403 3674 ψυ-

254 3703 328 3780 χαῖν,
350 3703 414 3771 πῶς
431 3693 468 3760 όν
486 3699 530 3778 τίη
549 3693 679 3780 τίγαθός;
704 3693 748 3760 Ἢ
759 3693 813 3780 γόρ
830 3693 875 3760 ὅτι
891 3693 1074 3779 ἰσχυρότερος
1089 3691 1182 3760 αύτοῦ
1196 3695 1268 3772 ἔστι,
1289 3695 1342 3758 ιιαλ
1363 3692 1404 3760 ού

255 3796 377 3864 δύναται
391 3800 423 3862 ἐκ
440 3796 536 3882 χειρός
551 3798 692 3881 βύεσθαι,
719 3795 800 3880 ἢότι
813 3796 936 3861 δύναται
952 3797 1019 3878 μέν,
1050 3794 1086 3862 ου’
1102 3794 1235 3882 βούλεται
1248 3797 1288 3860 ὀί.
1334 3799 1402 3862 Καί

254 3907 314 3966 ποῦ
329 3897 349 3982 ἦ
362 3897 528 3984 α’γαθότης,Ι
561 3903 602 3963 El
618 3900 664 3979 δέ,
685 3897 786 3980 ἐπειδὴ
801 3896 888 3974 αύτός
902 3901 1030 3976 έττισεν,
1052 3899 1186 3976 ἐξουσίαν
1202 3900 1259 3980 ἔχει
1269 3897 1319 3962 ταί
1331 3905 1402 3986 ττρί-

255 4025 331 4079 νειν,
360 4009 424 4078 παῖς
442 3999 461 4067 ό
478 3999 539 4068 ύνω
558 4001 631 4078 θεός
647 3999 665 4067 ό
682 3999 741 4068 ύπό
761 4007 816 4066 σού
836 3998 1040 4084 μυθευόμενός
1055 4027 1137 4076 τινας
1153 4025 1279 4086 μεριιιιτς
1294 4001 1401 4078 σοίζεις

256 4105 298 4166 Et
309 4103 361 4186 μέν
372 4101 432 4169 οίπό
445 4111 504 4169 τοῖν
519 4102 675 4190 οίλλοτρίων
687 4101 844 4186 λαμβάνων
854 4102 947 4183 σοίξει,
968 4109 1133 4170 πλεονεκτεῖ
1143 4099 1298 4186 τίλλοτρίιιν
1310 4103 1401 4186 ίριῖν,

257 4207 283 4270 εί
295 4206 326 4271 δέ
340 4203 376 4272 ού
390 4204 514 4286 φύσειεις
528 4211 693 4284 πλεονεξίαν
711 4203 795 4284 εἶναι,
818 4204 865 4271 διό
880 4204 913 4271 τό
930 4208 972 4282 είς
987 4203 1103 4292 οίγαθύν
1116 4202 1150 4272 τό
1165 4206 1250 4290 ἔργον
1260 4207 1401 4290 γίνεσθαι

288 4393 330 4446 83.
346 4397 424 4459 snpra
441 4402 505 4448 ταλαί
520 4393 672 4452 Ἀποστελῶ.
872 4395 914 4449 85.
930 4393 976 4462 τὴν
992 4411 1033 4448 υιι
1048 4411 1123 4460 ταρτο
1138 4398 1221 4462 habet,
1244 4410 1315 4458 υτςιιι
1331 4399 1400 4458 λιστα

288 4461 329 4514 84.
347 4463 390 4516 καλ
406 4479 479 4528 συρτει
494 4481 540 4517 υοιι
556 4469 631 4518 habel.
842 4469 866 4516 ίιι
880 4467 978 4516 elencho.

872 4532 914 4588 86.
931 4535 1010 4598 θαρτα
1026 4534 1165 4588 πολοῦνται.
