3018 4994
330 324 464 378 ruuuuu
482 325 545 376 ute.
554 325 573 375 1.
590 325 672 376 rou.
688 324 720 378 u.
738 323 835 376 uara.
849 324 951 374 xxxi.
1159 309 1220 372 379

67 457 152 510 ratae
171 444 252 531 priua
269 453 374 530 gentas
395 443 425 508 in
441 443 517 508 idem
536 463 600 508 num
616 443 726 508 motta
742 441 788 508 ius
807 442 975 507 hereditatis
993 463 1028 506 ac
1046 440 1136 507 veluti
1155 463 1220 507 cor·

69 569 124 633 pus
140 555 172 612 et
188 547 358 612 societatem
378 565 395 608 a
415 547 470 610 deo
488 545 597 610 luerint
615 544 744 610 ascitaer
776 545 825 630 qui
845 543 908 608 heri
927 545 1020 630 possit
1039 555 1070 608 nt
1089 543 1220 608 mortalis

68 651 127 716 ista
142 649 298 714 araneola
314 648 576 726 immortalitatem,
602 659 632 712 et
648 647 834 732 corruptibile
847 647 902 710 hoc
914 646 1161 732 incorruptionem
1174 646 1218 710 iu·
1233 661 1251 704 1·
1259 659 1364 756 qorqqta.

66 753 155 830 duat,
187 762 238 815 aut
255 751 494 836 quemadmodum
513 750 643 814 dicturus
660 751 717 827 sit,
747 754 812 812 Nou
824 753 947 830 popotm
957 753 1080 830 populas
1095 753 1166 823 erit,
1191 760 1220 810 et
1231 744 1359 834 0„,'2‚{³‚

67 877 125 916 aon
146 858 250 916 dilecto
270 857 388 926 dilecta,
419 853 564 937 quomodo
583 857 683 916 Plures
699 857 842 926 desertae,
875 873 957 934 quarn
979 856 1069 914 odam
1091 853 1218 914 onomat
1232 849 1371 903 ΜΗ·

66 962 129 1018 aaut
140 959 214 1038 fiat.
259 952 338 1018 Nam
361 956 396 1018 de
420 955 464 1018 his
486 975 521 1020 ac
542 955 685 1019 similibus
703 955 849 1018 exclamat
864 953 1028 1040 apostolusa
1061 957 1220 1016 coenredo
1230 916 1372 1037 gilfil:

66 1061 229 1122 &mithram
246 1079 281 1120 oc
296 1062 458 1138 supientiae,
482 1070 512 1119 ct
523 1062 656 1120 sciendae
669 1062 733 1120 dei!
752 1078 835 1139 quam
849 1056 1139 1138 incomprehensibilia
1154 1067 1221 1118 snat
1230 1053 1371 1107 nominat.

67 1165 176 1222 nauem
196 1164 273 1234 nior,
302 1171 332 1220 et
352 1161 560 1240 rhoera'goda'lea
582 1165 643 1222 otha
663 1165 743 1222 eric!
786 1156 856 1223 Non
881 1158 910 1222 id
932 1168 1028 1222 autern
1050 1168 1158 1240 agunt,
1190 1167 1222 1220 ut

67 1282 159 1347 supra
173 1257 347 1326 Creatorem
362 1282 397 1325 aa
413 1258 603 1326 Conditorem
618 1261 719 1326 hornrn
733 1259 861 1324 Matrem
876 1281 910 1324 no
922 1260 990 1344 vagi
1001 1258 1115 1324 Aeonis
1131 1255 1222 1342 Cogi·

68 1365 210 1428 tationem
233 1364 308 1427 male
330 1363 603 1442 comminiscantur,
639 1383 674 1426 ao
696 1373 754 1427 tam
775 1362 920 1448 insignem
942 1364 998 1425 deo
1017 1360 1220 1426 contumeliam

60 1465 190 1546 danunt,
214 1486 309 1550 oeque
326 1463 506 1531 utPleroma
520 1465 707 1550 nescioquod
722 1464 771 1529 illa
787 1464 922 1550 superins
939 1464 1024 1528 modo
1037 1459 1135 1526 XXX
1150 1463 1221 1526 dun·

67 1577 155 1631 taxat
176 1566 329 1632 Aeonihus
352 1568 505 1644 deliniant,
540 1569 625 1630 modo
647 1567 787 1631 iufiuitem
810 1568 926 1632 illorum
946 1565 1092 1630 nationem
1113 1564 1221 1628 consti-

66 1681 171 1749 tuant,
205 1680 237 1734 nt
258 1669 370 1755 egregii
391 1670 432 1734 illi
455 1669 586 1754 magistri
608 1689 642 1732 ac
664 1669 761 1732 diviua
784 1669 869 1754 plane
889 1668 1012 1732 scientia
1030 1667 1159 1734 destituti
1178 1669 1220 1730 ie·

67 1773 169 1850 ciant,
200 1794 264 1836 com
284 1793 340 1837 una
359 1772 517 1856 eademqne
534 1769 590 1849 sit,
615 1782 646 1835 nt
663 1771 807 1850 diximus,
831 1782 893 1835 toto
910 1771 982 1834 orbe
998 1789 1155 1854 germanae
1173 1789 1221 1834 ec·

71 1873 183 1938 clasiae
205 1873 289 1937 fides.

154 1977 221 2060 Aga
243 1996 316 2040 varo
339 1975 488 2041 rideamus
507 1975 592 2040 modo
610 1986 717 2060 quanta
735 1975 774 2038 sit
791 1975 913 2040 duorum
932 1974 980 2040 rel
998 1973 1084 2038 trium
1101 1973 1222 2038 istorum
1270 1986 1330 2048 cap.

67 2077 285 2156 inconstantia,
314 2087 401 2162 atque
417 2077 454 2142 de
469 2077 570 2142 iisdem
589 2099 647 2141 uon
663 2077 765 2140 eadem
781 2078 992 2162 pronuncient,
1020 2076 1072 2142 sed
1090 2086 1120 2138 et
1135 2075 1223 2138 rebus
1235 2052 1357 2104 xxm·

67 2179 145 2264 ipsis
162 2189 193 2242 et
209 2180 360 2244 vocabulis
378 2201 395 2243 a
410 2178 584 2244 seinvicem
602 2179 787 2243 dissentiant.
806 2256 810 2264 ⁵
833 2177 950 2242 Etenim
966 2177 1016 2264 qui
1031 2199 1048 2241 a
1066 2176 1224 2242 Gnostico-

67 2302 137 2344 rum
152 2280 266 2346 haeresi
279 2282 447 2367 deprompta
462 2281 603 2366 quaedam
617 2279 700 2344 initia
712 2280 820 2365 primus
834 2280 988 2366 peculiaris
1000 2281 1034 2344 ad
1048 2291 1148 2344 sectae
1164 2280 1223 2342 lor-

67 2403 148 2448 mam
167 2383 331 2462 transtulit,
363 2381 538 2448 Valentinus
554 2383 594 2446 ite
612 2381 739 2446 delinita
769 2379 918 2446 Bicorium
936 2383 1077 2466 quendum
1092 2381 1156 2446 sine
1171 2403 1223 2446 no·

67 2486 151 2548 mine
167 2485 330 2564 constituit,
354 2505 396 2549 ex
409 2483 541 2549 Arrheto
555 2494 585 2548 at
600 2481 672 2568 Siga
689 2493 884 2552 denotantem.
930 2482 977 2547 dh
993 2484 1048 2548 hoo
1063 2483 1223 2548 secundum

67 2596 262 2673 propagatum
278 2607 344 2652 essa
361 2584 530 2664 Binarium,
554 2607 610 2670 quo
627 2583 718 2650 Pater
733 2607 768 2650 ac
785 2584 903 2650 Veritas
922 2585 1098 2650 continetur.
1145 2585 1223 2650 Tum

67 2711 111 2754 ex
132 2685 331 2771 Quateroario
355 2686 484 2752 Verbum
508 2698 539 2751 et
562 2686 678 2766 Vitaru,
708 2687 883 2766 Hominem,
916 2685 1136 2771 Ecclesiamque
1156 2708 1223 2773 prc-

67 2791 180 2869 diisse3
203 2790 277 2854 hanc
293 2811 360 2855 esse
377 2789 497 2873 primam
513 2786 694 2874 Ogdoadem.
734 2787 805 2853 lude
820 2810 858 2854 ex
874 2787 975 2853 Verho
990 2811 1024 2854 ao
1040 2787 1065 2854 V
1068 2789 1108 2854 ita
1123 2790 1223 2854 decem

67 2891 249 2979 profluxisse
268 2889 419 2970 Virtutes,
451 2913 524 2976 quas
541 2902 625 2954 antea
645 2891 814 2956 retulimus:
847 2892 882 2956 ah
899 2891 1026 2956 Homine
1043 2900 1073 2954 et
1088 2889 1224 2956 Ecclesia

68 2993 245 3072 duodecim
276 3015 294 3058 a
323 2994 427 3078 quihus
458 3014 515 3058 una
543 2993 683 3056 deficiens
705 2993 894 3078 ordinemque
921 2993 1061 3056 deserens
1082 2994 1223 3077 reliquum

68 3117 158 3160 omne
181 3117 255 3180 opus
276 3095 413 3160 obsolvit.
458 3094 577 3158 Adiecit
597 3105 627 3158 et
646 3093 744 3158 lloros
766 3095 856 3173 duos,
888 3095 1010 3158 alterum
1027 3095 1075 3179 qui
1095 3093 1223 3182 Bythum

70 3199 152 3264 inter
173 3219 208 3262 ao
225 3196 363 3262 Pleroma
379 3196 522 3281 reliquom
540 3196 695 3260 intercedit
715 3206 746 3259 et
762 3196 877 3281 genitos
895 3196 1016 3260 Aeonas
1038 3197 1074 3260 ah
1091 3195 1224 3282 lugenito

69 3298 162 3364 Patre
185 3299 312 3378 dirimit,
346 3299 469 3364 alterum
494 3299 542 3384 qui
565 3297 691 3362 Matrem
716 3299 831 3362 illorum
857 3319 874 3362 a
894 3297 1060 3364 Pleromate
1083 3300 1223 3364 secernit.

70 3399 225 3467 Christum
244 3421 333 3486 porro
350 3423 407 3464 nco
426 3423 442 3464 a
461 3399 635 3465 Pleromatis
653 3389 805 3466 Acontius
826 3401 952 3481 editum,
984 3401 1035 3466 sad
1055 3401 1092 3466 ah
1111 3402 1225 3466 extorri

68 3503 173 3568 Matre
202 3523 240 3566 ex
263 3503 414 3567 meliorum
439 3503 640 3566 recordatione
665 3523 728 3566 oum
754 3503 875 3585 quadam
902 3503 1003 3567 umhra
1027 3515 1222 3589 procreatum.

68 3605 279 3691 Eandemque,
302 3626 367 3669 cum
380 3616 460 3670 esset
475 3603 632 3683 masculus,
655 3603 768 3668 abiecta
784 3615 908 3668 asemel
922 3606 1022 3670 umbra
1039 3607 1073 3670 ad
1089 3605 1224 3670 Pleroma

69 3707 256 3786 recurrisse,
286 3703 411 3772 Matrem
431 3725 502 3770 vero
518 3727 582 3770 cum
599 3706 701 3770 umbra
717 3707 847 3770 relictam
868 3727 903 3769 an
921 3708 1043 3792 spiritali
1061 3709 1223 3774 substantie

69 3810 249 3874 exhaustam
273 3808 359 3872 alium
383 3827 554 3891 procreasse
580 3808 688 3887 lilium,
721 3808 858 3872 videlicet
880 3803 1091 3890 Conditorem,
1124 3811 1170 3874 oni
1194 3811 1223 3874 iu

67 4003 155 4064 reliqui
169 4001 231 4048 libri.
264 3991 324 4048 τότε
337 3993 381 4062 μὲν
397 3994 473 4064 λ(υι1
488 3993 631 4061 τριάκοντα)
664 4009 732 4058 ratu,
755 3999 781 4046 in
795 4011 841 4059 quc
858 3997 940 4062 legitur
955 3995 1129 4065 ἐξηφέρησει,
1152 4014 1224 4062 quoru

67 4071 195 4120 emendant
209 4067 331 4117 colonatu
347 4065 430 4114 fronte
447 4067 567 4126 meatur,
583 4065 632 4113 ott·
665 4065 786 4126 uolgatam
810 4061 1004 4132 ἐξηροφὸρησεν.
1043 4067 1090 4116 Vct.
1111 4069 1225 4128 lecturas

66 4141 132 4201 lior,
149 4138 261 4188 Gmhiat.
665 4133 732 4182 hehel
755 4131 804 4193 Qut
819 4131 886 4182 anim
903 4143 941 4183 ent
957 4133 1050 4200 primns
1067 4134 1098 4184 ab
1115 4151 1144 4184 ea
1161 4151 1224 4201 quae

107 4207 147 4256 10.
163 4199 250 4268 πάσης
265 4203 412 4252 derideretur·
427 4203 453 4250 itt
468 4201 518 4250 eod.
535 4202 589 4250 Veu.
666 4197 757 4250 dicitur
775 4200 895 4250 Gnostica
912 4200 1035 4266 haeresis,
1062 4202 1175 4270 antiquas
1197 4203 1223 4252 in

108 4272 167 4322 Gar.
178 4270 300 4320 XXXIV.
311 4297 343 4308 -
358 4271 379 4320 l.
394 4263 515 4334 ὀνόμασιν
526 4265 632 4326 καὶτοῖς
664 4283 735 4316 anttm
749 4267 917 4318 chaneterem
931 4269 1056 4321 doctrinas
1070 4271 1222 4321 transferens

68 4339 217 4408 πράγμασιν
234 4340 286 4389 cad.
303 4341 357 4388 Vtra.
390 4339 496 4388 Eundem
511 4338 632 4386 uacuum
665 4335 809 4386 Valentinus
823 4337 860 4386 sic
870 4335 995 4388 delinivit:
1011 4337 1157 4390 dualitatem
1171 4345 1221 4390 cali.

68 4413 178 4462 mm
195 4411 253 4457 tenu
271 4407 318 4456 Vct.
331 4408 451 4469 lateam.
697 4402 722 4455 3.
740 4399 823 4457 adreio
847 4407 897 4456 cod
915 4407 969 4456 Van.
993 4409 1082 4469 sadans
1101 4423 1153 4458 curn
1175 4410 1221 4458 Vct.

103 4478 131 4531 2.
148 4471 298 4544 ἰξαφόρισει
312 4477 464 4526 reuduintro
476 4475 579 4537 perlem
595 4487 631 4524 te·
662 4475 792 4534 immite.
829 4475 902 4536 Vulgo
919 4478 983 4524 cetat
999 4469 1078 4543 αὐτῷ.

68 4549 283 4608 murmuratam
293 4545 370 4606 mugit
383 4544 434 4594 eod.
446 4544 520 4593 leuet.
531 4543 631 4603 scriptu-
697 4537 721 4592 4.
738 4540 952 4608 προςειέγκασθαι
967 4544 1018 4593 cod.
1035 4547 1088 4594 ch.
