2986 4996
392 317 437 370 AB
451 315 640 370 epistotam
657 315 765 367 AGACll
782 316 827 368 ΕΤ
843 317 953 368 PAULl.
1226 307 1246 368 9

119 455 162 499 cae
178 433 317 500 ecelesiae
338 436 424 500 hdem
446 457 463 500 a
487 435 572 500 nohis
592 455 765 521 expressam
783 447 988 521 percurrentes
1008 437 1176 500 condonare
1196 457 1247 502 ve·

118 537 181 616 litis,
211 535 307 623 utpote
327 537 506 616 hominibus,
537 549 567 602 ct
589 536 629 600 ita
649 538 830 623 potissimum
849 539 980 616 allectis,
1011 549 1044 601 ot
1060 559 1125 602 oum
1145 538 1247 603 labore

116 659 145 700 ae
160 640 252 704 divino
275 640 342 704 zelo
365 641 481 724 pietatis
501 649 598 725 partes
618 659 802 724 propugnare
821 660 977 718 conemur,
1003 639 1091 720 illud,
1115 640 1244 724 inquam,

114 740 275 824 ignoscatis,
307 741 332 805 si
353 742 419 825 quid
440 744 526 826 paolo
549 740 672 826 amplius
692 761 727 804 ao
745 741 939 826 praestantius
963 742 998 806 ad
1018 743 1194 806 sanctissimi
1218 753 1247 805 et

114 844 178 906 omni
203 844 394 908 veneratione
418 843 579 928 dignissimi
607 843 796 928 patrocinium
821 843 946 907 nominis
972 865 1114 928 usurpare
1140 843 1247 908 divinis

113 944 166 1007 ireti
182 945 294 1008 viribus
311 945 375 1008 ansi
393 946 544 1022 fuerimus,
568 945 596 1008 id
615 946 706 1030 ipsum
725 945 905 1008 eoncedente
923 945 990 1022 deo,
1015 944 1246 1029 quarrdoquidem
1289 987 1292 992 ,

113 1065 140 1106 ea
152 1067 223 1130 quae
239 1045 406 1110 facultatem
423 1057 552 1110 nostram
571 1055 711 1132 superant
728 1046 912 1129 inquirimus.
957 1044 1035 1109 Nom
1052 1058 1082 1109 et
1101 1068 1152 1131 pro
1168 1046 1247 1110 veri·

112 1157 160 1211 tate
176 1148 271 1212 oratio
287 1149 357 1227 ista,
381 1159 411 1210 et
424 1169 477 1232 pro
493 1149 600 1234 pietate
615 1147 777 1211 lucubratio
792 1146 961 1234 suscipitur.
1005 1147 1052 1212 Ad
1070 1147 1142 1213 baec
1157 1149 1247 1212 vehe-

111 1262 211 1313 menter
227 1272 246 1314 a
262 1251 345 1314 vobis
361 1250 486 1336 postulo,
511 1259 543 1314 ut
559 1249 585 1312 si
603 1249 668 1332 quid
685 1249 761 1312 iorte
777 1249 987 1334 reperiatis-
1002 1269 1172 1333 quamquam
1188 1269 1247 1314 nou

110 1351 167 1414 iilud
183 1353 258 1415 adeo
276 1353 367 1416 moris
383 1364 427 1416 est
442 1351 540 1431 nobis,
563 1351 701 1414 vellicare
718 1352 893 1436 quempiam,
918 1363 967 1415 aut
983 1352 1012 1414 iu
1031 1371 1096 1414 eum
1113 1351 1188 1414 dieta
1205 1351 1248 1414 ia-

110 1473 185 1530 eere3
199 1489 240 1501 -—
255 1473 358 1517 verum
375 1453 399 1516 si
417 1475 469 1538 pro
482 1453 687 1517 ardentissimo
702 1464 803 1516 nostro
823 1455 964 1518 adversus
981 1452 1120 1516 haereses
1137 1451 1245 1529 studio,

110 1565 134 1615 et
148 1565 177 1616 nt
190 1553 318 1617 lectores
335 1557 371 1617 ab
386 1554 422 1618 iis
441 1557 659 1633 deterreamus,
684 1555 857 1618 ocrroitatius
872 1553 978 1638 aliquid
993 1553 1171 1629 dixerimus,
1201 1563 1247 1615 ut-

110 1666 166 1738 puta
183 1657 208 1718 si
226 1656 422 1740 impostores,
445 1657 653 1734 circulatores,
677 1666 728 1718 aut
745 1656 870 1720 miseros
889 1657 1080 1740 appellemus,
1105 1655 1133 1718 id
1151 1653 1247 1718 velitis

107 1756 265 1839 ignoscere.
310 1755 390 1821 Nam
407 1769 438 1822 et
453 1758 515 1844 ipsa
533 1757 700 1820 certaminis
718 1779 751 1820 ao
769 1758 971 1842 disputationis
988 1756 1150 1820 necessitas
1168 1755 1247 1818 eius-

108 1860 174 1920 modi
192 1859 322 1922 laborem
338 1859 423 1923 nobis
440 1859 592 1945 imposuit,
617 1880 674 1942 qno
692 1860 728 1922 ab
746 1859 802 1922 illis
818 1861 944 1922 lectores
959 1869 1166 1937 avocarentur,
1190 1856 1248 1922 uti·

107 1981 156 2042 qne
171 1961 285 2024 illorum
301 1963 466 2024 functiones
481 1962 621 2046 mysteria
637 1982 672 2024 ae
687 1962 820 2044 dogmata
837 1961 873 2024 ab
890 1961 1022 2024 instituto
1037 1970 1139 2024 nostro
1151 1959 1247 2022 aliena

107 2080 165 2124 esse
183 2073 271 2146 atque
293 2063 450 2126 interdicta
472 2073 637 2141 constaret,
670 2073 755 2146 atque
777 2072 809 2126 ut
830 2085 868 2126 ex
889 2063 1021 2125 oratione
1044 2063 1107 2147 ipsa
1130 2073 1160 2124 et
1179 2081 1248 2124 acu·

106 2163 176 2226 niue
201 2164 405 2249 disputationis
425 2165 568 2228 libertatis
592 2165 737 2248 ingenuae
759 2165 906 2249 specimen
927 2165 1098 2241 ederemus,
1132 2173 1190 2226 turo
1216 2171 1249 2225 ot

106 2263 224 2349 denique
246 2266 349 2329 maiori
373 2265 422 2329 ilia
445 2267 602 2330 verborum
626 2267 782 2351 asperitate
807 2266 919 2350 aliquos
943 2265 1045 2330 saltem
1074 2264 1110 2328 ab
1132 2265 1247 2329 illorum

106 2368 274 2451 contagione
296 2388 439 2432 revocare
462 2389 627 2453 possemus.

184 2465 268 2551 Quae
286 2470 401 2554 quidem
419 2471 514 2534 omnia
533 2470 587 2532 huo
604 2469 634 2532 in
653 2490 742 2554 opere
761 2470 970 2554 comprehensa
986 2470 1079 2534 trihus
1094 2467 1175 2532 libris
1193 2487 1247 2530 ex·
1266 2463 1326 2546 cnop.
1344 2480 1375 2530 11.

106 2569 261 2652 plicantur,
289 2571 399 2655 primo,
423 2573 551 2634 secundo
570 2591 604 2634 ac
625 2571 723 2635 tertio.
770 2569 860 2634 lidem
883 2593 971 2656 porro
994 2570 1059 2635 libri
1084 2579 1194 2653 septem
1217 2569 1248 2631 iu

107 2680 194 2734 tomos
212 2671 359 2735 distributi
378 2683 457 2750 sunt,
482 2694 602 2757 quornm
621 2672 727 2758 singuli
747 2684 857 2736 certum
876 2673 1039 2736 haereseon
1057 2693 1092 2736 ac
1107 2671 1248 2734 schisma·

107 2783 159 2834 tum
188 2795 339 2838 numerum
364 2775 532 2853 continent,
568 2795 640 2858 quae
668 2775 753 2838 simol
779 2773 901 2838 collecta
925 2771 1052 2839 LXXX
1077 2773 1245 2836 conficiunt.

106 2871 232 2956 Quorum
245 2875 455 2960 appellationes
469 2876 522 2938 hae
536 2886 605 2938 sunt
616 2897 650 2938 ac
664 2877 815 2959 dogmata:
836 2873 861 2938 l.
880 2873 1096 2954 llarharismus,
1113 2871 1153 2936 ll.
1172 2871 1247 2957 Scy·

104 2975 234 3053 thismns,
260 2975 317 3039 lll.
343 2975 554 3055 Heliconismus,
581 2975 635 3041 lV.
660 2975 836 3055 ludaismos,
862 2975 901 3041 V.
926 2975 1158 3042 Samaritismus.
1198 2974 1247 3038 Ab

105 3075 138 3137 iis
156 3079 295 3162 deinceps
312 3079 442 3162 reliquae
463 3089 563 3141 sectae
580 3080 794 3163 produxerunt.
840 3077 917 3143 Nam
938 3089 1006 3141 ante
1021 3073 1131 3142 Christi
1151 3077 1248 3140 salva·

105 3178 172 3244 toris
188 3180 344 3243 adrentum
363 3190 429 3264 post
443 3180 597 3243 barbaram
612 3191 643 3242 et
659 3179 826 3266 Scythicam
844 3180 1080 3266 superstitionem
1097 3199 1113 3242 e
1131 3176 1248 3242 Graeca

104 3279 173 3343 istae
194 3281 381 3365 prodierunt:
415 3280 471 3346 Vl.
496 3279 760 3366 Pythagoreorum,
784 3283 832 3366 qni
855 3293 885 3346 et
902 3279 1101 3365 Peripatetici,
1125 3289 1247 3344 anctore

105 3381 252 3446 divisionis
268 3382 442 3460 Aristotele,
460 3381 530 3446 Vll.
549 3380 777 3462 Platonicorum,
799 3380 883 3447 tht.
904 3379 1082 3458 Stoicorum,
1102 3378 1161 3446 lX.
1177 3379 1249 3466 Epi·

104 3504 267 3548 cureorum.
307 3483 387 3548 Tum
403 3483 693 3564 Samaritanaseota,
718 3505 792 3568 quae
810 3505 849 3547 ex
867 3481 983 3546 lndaiea
1002 3482 1162 3568 pullulavit.
1201 3479 1250 3545 Ea

104 3606 187 3668 porro
207 3597 333 3668 quatuor
351 3586 380 3647 in
402 3587 543 3649 lectiones
561 3585 647 3664 abiit,
679 3583 723 3648 X.
749 3584 984 3664 Gortheuorum,
1013 3581 1072 3647 ΧΙ.
1098 3581 1249 3648 Sebuaeo·

102 3705 181 3765 rom,
210 3683 287 3750 Xll.
310 3685 510 3766 bissenorum,
540 3684 629 3750 Xlll.
649 3685 869 3752 Dositheorum.
916 3683 1056 3770 Sequitur
1073 3683 1246 3763 ludaismos,

103 3787 208 3871 dequo
224 3787 402 3867 dictumest,
425 3788 474 3872 qui
489 3788 634 3873 propriam
649 3790 685 3852 ab
700 3790 851 3853 Abraamo
867 3790 987 3872 liguram
1004 3808 1037 3850 ac
1051 3797 1148 3848 notam
1165 3805 1249 3850 acce·
1371 3798 1372 3802 ’

102 3889 153 3972 pit.
198 3887 313 3952 Deinde
333 3909 386 3973 per
401 3887 515 3976 Moysis
539 3892 631 3974 legem
653 3891 806 3955 collatatus
826 3890 860 3954 ab
884 3888 953 3954 luda
973 3886 1071 3953 laeohi
1094 3886 1170 3966 blio,
1200 3887 1250 3971 qni

103 3987 193 4054 lsrael
212 3990 372 4076 appellatus
388 4003 450 4070 cst,
483 4013 536 4078 per
552 3991 693 4056 Davidem
711 3993 805 4077 populi
824 3993 909 4056 istius
925 4013 966 4056 ex
984 3991 1083 4054 eadem
1103 3989 1153 4052 illa
1173 3989 1250 4054 tribu

103 4113 200 4175 regern
217 4089 355 4155 ludaismi
373 4093 591 4178 appellationem
609 4093 742 4157 obtinuit.
788 4093 836 4158 Ab
859 4093 912 4158 hoe
932 4103 1041 4176 septem
1063 4092 1118 4154 bad
1134 4091 1250 4176 prodie-

103 4203 169 4256 runt
184 4194 340 4258 haereses:
363 4191 452 4258 XlV.
472 4191 654 4274 Scribarum,
676 4193 750 4259 XV.
767 4193 1004 4273 Pharisaeorum,
1028 4189 1117 4258 xvi.
1135 4193 1249 4258 Saddu-

133 4327 158 4379 t.
175 4347 220 4396 per
232 4329 413 4382 vehementiam
424 4335 508 4382 rectius
519 4335 588 4382 vertit
603 4333 659 4383 Gor·
695 4327 810 4398 φῦσασαι
829 4333 974 4383 ιἠενσηείίίυε
997 4335 1137 4394 usurpatum
1158 4331 1251 4379 invenio

104 4400 191 4447 writte-
693 4403 764 4450 mom
779 4405 887 4451 troam
903 4413 956 4461 cop.
973 4397 1011 4450 ta.
1028 4402 1053 4451 ia
1067 4399 1232 4463 motinella.

136 4463 195 4514 Gor.
211 4465 243 4515 il.
258 4491 293 4506 ·-
315 4465 338 4518 i.
354 4469 490 4530 cooaocom
503 4468 590 4536 picot.
611 4469 658 4519 Sed
727 4469 752 4520 Ἰ.
771 4471 844 4531 Vatgo
858 4464 895 4528 ἓξ.

194 4564 199 4573 ·
644 4571 648 4578 -
728 4537 753 4590 3.
774 4538 846 4600 rotro
863 4533 996 4602 Fophnaol.
