3006 4990
330 301 465 353 PANAllll
483 302 545 352 Llll.
559 302 579 350 Ι.
598 301 680 353 ΤΟΜ.
693 303 725 351 ll.
742 301 840 351 aaut.
856 301 954 352 XXIV.
1152 291 1211 353 llll

69 445 118 506 quo
135 443 199 486 cum
217 421 328 484 caeteri
346 421 515 484 universum
531 418 758 504 iuAngelomm
774 419 985 483 multitudinem
1002 417 1107 485 sortitu
1127 443 1209 485 mun·

68 526 125 586 dum
142 524 369 600 distribueruut3
403 543 443 586 ex
465 543 522 606 quo
540 524 646 584 lactum
672 533 718 585 est
739 532 769 585 nt
785 520 828 585 illi
849 519 1021 585 ludueomm
1041 543 1134 608 gemm
1156 524 1208 587 ob-

67 626 184 690 reniret.
226 623 278 689 Sic
293 625 520 709 omnipotentem
538 623 587 686 ille
604 624 749 687 dominum
765 643 867 686 verum
886 645 921 686 uc
941 624 1033 687 solum
1052 627 1136 689 deum
1153 647 1207 690 nec

65 729 141 791 olium
163 725 376 791 contumeliose
399 735 542 810 appetens
562 727 634 808 (nos
656 724 732 788 enim
751 725 874 788 eundem
892 725 1001 789 domiui
1024 729 1117 790 uestri
1140 727 1207 792 lesu

65 826 168 894 Christi
189 842 300 914 putrem
317 829 504 909 confitemur)
523 826 600 890 bunc
614 828 731 912 inquom
747 825 897 910 abnegans
912 848 1001 892 uuum
1018 847 1059 892 ex
1074 829 1111 893 iis
1133 851 1207 915 qrros
1227 899 1233 912 ⁸

65 932 183 1016 appellet
198 930 324 1014 Angelis
344 928 507 1008 constituit,
532 939 564 992 ut
579 939 626 994 est
643 949 660 992 e
678 927 762 992 uobis
779 939 939 992 ostensum.
980 925 1062 1014 Ergo
1081 928 1206 996 ludaeos

63 1034 159 1097 sortito
178 1033 221 1096 illi
244 1031 403 1114 contigisse
421 1030 526 1110 tradit,
550 1051 634 1115 quem
652 1041 682 1094 et
697 1030 784 1114 louge
800 1030 920 1113 reliquis
937 1030 1061 1114 Angelis
1076 1035 1206 1118 praefra-

64 1135 176 1198 ctiurem
195 1153 281 1212 esse,
314 1155 349 1197 oc
371 1132 475 1196 virium
503 1153 620 1196 suumn
643 1131 763 1196 audacia
789 1132 894 1196 netum
912 1129 1062 1196 lsradlitas
1088 1153 1128 1197 ex
1144 1137 1205 1198 Ao·

63 1248 143 1321 gypto
162 1236 327 1314 liberasse,
351 1235 427 1320 quod
447 1233 574 1298 caeteris
593 1234 630 1297 od
646 1234 808 1296 autentum
824 1233 952 1318 paratior
965 1233 1203 1319 pervicaciorque

64 1339 141 1401 iuret.
188 1338 286 1421 Atque
305 1358 346 1400 ex
365 1335 466 1400 eudem
491 1335 658 1418 arrogantia
677 1336 847 1400 factumest
872 1335 912 1399 oti
936 1355 989 1420 per
1011 1355 1151 1399 summam
1173 1339 1203 1400 in

63 1439 137 1502 deoru
159 1437 393 1502 maledicentium
419 1437 627 1524 praestigiator·
651 1436 701 1499 ille
727 1448 844 1515 uomet,
876 1436 950 1500 idem
976 1447 1008 1500 ut
1030 1433 1204 1502 ludaeorum

63 1541 125 1627 dens
141 1541 273 1624 reliquas
292 1540 426 1603 nationes
449 1539 511 1603 sois
533 1539 606 1623 ipsis
621 1537 763 1604 lsradlitis
779 1540 869 1602 vellet
887 1539 1051 1617 sublinere,
1081 1560 1204 1624 eumque

63 1643 243 1706 obmussant
266 1642 341 1706 bellu
358 1641 530 1706 concitaret.
576 1637 655 1706 Sunt
671 1651 702 1704 et
718 1641 775 1704 nlia
792 1641 873 1726 plum
893 1661 966 1724 quiue
983 1641 1081 1704 lurotu
1101 1653 1203 1706 eontra

63 1744 137 1807 deum
157 1743 257 1827 lingua
273 1743 408 1827 elatoque
428 1763 479 1805 ore
496 1743 678 1806 miserrimus
698 1742 854 1806 homuncio
877 1743 986 1805 iactare
1011 1763 1069 1806 uon
1088 1755 1134 1808 est
1151 1766 1203 1808 ve·

62 1847 139 1910 ritus.
185 1843 285 1909 Veluti
307 1866 373 1909 eum
402 1843 481 1908 addit
502 1858 658 1930 propterea
686 1844 820 1908 notiones
843 1843 969 1928 reliquas
993 1866 1056 1907 eum
1081 1844 1203 1910 ludaeo-

63 1967 116 2010 rom
138 1958 228 2030 gente
250 1947 325 2011 bella
341 1947 488 2031 gessisse,
513 1966 635 2029 eamque
650 1945 780 2032 plurimis
796 1944 933 2008 affecisse
953 1945 1053 2025 mulis,
1077 1947 1115 2010 ob
1132 1948 1204 2012 ulio-

63 2070 117 2111 mm
135 2049 319 2133 Angelorum
344 2047 482 2112 videlicet
501 2049 659 2125 invidiam,
691 2047 740 2131 qui
762 2047 837 2130 quod
866 2045 901 2110 ab
923 2045 973 2110 illo
1001 2050 1148 2112 contemni
1169 2071 1202 2114 sc

63 2151 188 2214 viderent
209 2151 346 2214 commoti
375 2148 602 2235 unumquisque
633 2159 750 2232 gentem
779 2160 881 2214 contra
903 2145 1055 2212 lsradlitae
1082 2151 1204 2236 impule-

63 2263 133 2314 mnt.
180 2249 310 2336 ludeque
333 2253 441 2315 lectrum
463 2263 510 2314 est
536 2262 569 2315 ot
596 2261 736 2336 perpetuu
763 2250 793 2314 iu
821 2250 875 2314 ltus
903 2248 978 2313 bellu
1007 2253 1202 2338 tumultusque

62 2353 191 2416 concitati
212 2355 333 2417 luerint.

137 2451 291 2520 Eiusmodi
306 2465 352 2518 est
370 2466 437 2541 apta
454 2452 502 2518 illa
519 2456 554 2519 ud
572 2455 804 2539 persuadendum
820 2454 988 2537 impostoris
1011 2458 1117 2520 oratio.
1143 2455 1201 2540 Qui
1220 2472 1282 2544 cap.
1293 2478 1335 2531 ιιι,

62 2555 142 2619 etiem
165 2556 201 2618 de
219 2553 341 2620 Christo
360 2556 480 2641 perinde
502 2558 610 2636 sentit,
641 2557 741 2641 specie
763 2566 847 2619 tenus
866 2556 1008 2620 duntuxat
1031 2558 1202 2622 mortalibus

61 2656 237 2741 apparuisse.
283 2655 398 2743 Quippe
416 2658 490 2742 quod
509 2658 538 2722 in
558 2677 594 2721 eo
613 2658 804 2736 cernebatur,
829 2655 899 2720 uilril
914 2668 1031 2743 praeter
1046 2659 1201 2744 imaginem

62 2758 166 2838 luisses
182 2779 276 2844 neque
292 2781 363 2824 vcro
380 2771 430 2825 unt
445 2759 589 2824 hominem
607 2759 744 2823 extitisse
759 2770 811 2824 aut
824 2781 941 2822 caruem
958 2761 1100 2824 induisse.
1125 2761 1200 2826 Sob-

61 2859 118 2923 iicit
137 2871 166 2923 et
181 2860 266 2925 aliam
284 2859 410 2925 velutin
429 2883 519 2925 scena
537 2861 661 2925 subudum
679 2861 825 2924 secundus
844 2861 958 2940 histrio,
982 2882 1046 2925 eum
1063 2863 1099 2925 de
1115 2860 1202 2928 Chri·

61 2961 94 3023 sti
112 2983 198 3026 emec
214 2963 353 3047 disputat.
396 2961 498 3048 Neget
516 2963 592 3026 euim
612 2959 710 3026 lesum
732 2984 798 3026 esse
821 2983 956 3047 possum,
984 2964 1036 3026 sed
1060 2963 1200 3028 ricarium
1226 2955 1231 2979 '

62 3064 85 3124 ei
104 3060 252 3128 Simonem
269 3060 457 3148 Cyrenaeum
476 3064 635 3128 substituit.
681 3061 749 3148 Quo
773 3065 850 3128 euim
876 3075 1005 3150 tempore
1026 3063 1201 3152 llicrosulp·

63 3165 111 3227 nis
129 3165 261 3229 domiuus
279 3165 390 3232 eiectus
409 3177 471 3243 est,
503 3177 534 3230 ιιι
555 3167 585 3229 in
601 3165 754 3249 evaugelio
777 3167 998 3252 scriptumest,
1026 3168 1352 3250 angariare-mmmm.

63 3277 123 3329 mot
138 3265 290 3332 Simonem
306 3268 448 3351 quendum
465 3263 652 3353 Cyrenaeum
671 3281 701 3330 ut
718 3269 808 3331 ferret
829 3289 956 3332 emcem.
1002 3265 1052 3332 Ex
1073 3290 1130 3353 quo
1153 3289 1200 3332 co-

64 3365 171 3431 rillaudi
190 3367 442 3453 concinnuudique
461 3368 585 3433 labnlum
603 3389 685 3434 suum
707 3370 891 3432 occasionem
909 3369 1042 3454 erripuit,
1066 3371 1200 3434 nimirum

64 3464 203 3534 Christum
220 3467 389 3548 Simonem,
414 3491 479 3534 cum
494 3472 520 3533 is
537 3491 653 3534 crucem
669 3481 814 3556 perteret,
838 3471 868 3534 in
887 3491 967 3534 suam
990 3485 1199 3552 commutasse,

63 3568 173 3655 eiusque
187 3571 318 3635 vicissim
335 3571 466 3634 induisse
488 3573 609 3634 formam
631 3573 729 3655 ituque
744 3569 896 3636 Simonem
918 3573 952 3636 ad
975 3575 1072 3638 crucis
1094 3575 1201 3659 suppli·

64 3669 128 3734 cium
149 3694 205 3737 suo
227 3674 294 3736 loco
315 3671 481 3737 tradidisse.
527 3671 587 3756 Qui
610 3676 675 3738 dum
698 3675 728 3737 in
757 3693 844 3738 emec
871 3675 1031 3758 suffigitur,
1065 3673 1160 3738 lesum
1183 3697 1199 3737 a

63 3775 167 3838 nemine
196 3785 402 3858 conspectum,
434 3795 543 3859 eosque
564 3775 613 3858 qni
641 3771 790 3838 Simonem
818 3777 986 3859 colligerent
1007 3777 1199 3852 deridentem,

63 3893 99 3935 ex
117 3875 240 3938 adverso
262 3875 442 3940 constitisse.
487 3875 565 3940 'l'uut
584 3875 620 3939 etl
635 3897 758 3962 superos
773 3895 840 3940 esse
857 3877 1041 3958 subvectum,
1065 3899 1129 3941 cum
1147 3899 1199 3962 pro

62 3994 93 4034 se
107 3974 247 4060 figendum
258 3974 409 4040 Simonem
426 3977 639 4056 substituisset,
662 3977 791 4062 ninilque
808 3978 882 4041 odeo
900 3999 1069 4064 perpessum
1085 3980 1114 4042 iu
1133 4001 1201 4044 soe-

63 4075 114 4137 lum
132 4078 279 4142 evolasse.
316 4075 434 4143 luteres
449 4075 564 4156 Simon,
587 4099 646 4142 uun
661 4075 800 4144 Christus
813 4081 843 4143 in
861 4099 977 4144 crucem
996 4079 1126 4144 sublatus
1142 4093 1199 4144 est.

62 4171 139 4240 lesus
154 4181 245 4262 enim,
264 4180 316 4258 uit,
337 4180 367 4244 in
383 4182 496 4244 eoelum
517 4192 638 4246 evectus
648 4179 780 4246 Virtutes
797 4203 899 4246 omues
918 4182 1093 4266 penetrarit,
1109 4183 1202 4246 donec

62 4357 146 4415 τούτου
161 4363 233 4419 buxa
248 4367 301 4418 eod.
317 4369 413 4431 uncum.
427 4375 448 4418 et
462 4371 519 4419 editt
534 4371 593 4419 tun.
644 4383 730 4434 φωσιι
746 4373 830 4434 redunt
846 4371 906 4422 tnrt

95 4428 151 4480 Cn.
166 4433 207 4484 ιιι.
233 4461 269 4474 --
305 4435 328 4487 l.
354 4435 612 4503 μιταμεμορφωκέιαι
677 4437 702 4488 2
718 4437 925 4505 repubescebat
944 4440 994 4488 eod.
1014 4439 1129 4491 Vuttecet
1149 4439 1204 4490 edtt.

63 4499 110 4547 cod
129 4501 196 4552 tutte
211 4507 232 4554 rt
247 4504 302 4554 inde
314 4503 352 4554 ed.
366 4505 447 4555 Petne.
481 4499 612 4572 μιταμὸρ-
645 4507 744 4558 romeu.
770 4505 973 4572 witnessed.
990 4508 1086 4570 Μία.
