2994 5024
133 999 200 1064 Κεφ.
218 991 246 1056 ς’.

265 281 327 342 560
688 289 809 344 οιοοτι
828 291 995 342 mmm!

264 434 327 487 τοι,
350 406 402 472 ἐάν
419 406 459 490 μὴ
476 404 628 496 άποθάνη.
674 409 733 474 Καὶ
750 407 911 485 ἐξάπαντος
925 409 1031 484 ἔλειξεν
1046 404 1066 490 ἦ
1080 405 1181 493 γραφη
1196 413 1249 472 τού
1262 403 1412 472 πεκτωτά-

264 536 316 586 τος
333 507 462 590 κύκκου,
490 511 620 575 τουτέστι
640 517 694 575 τοῦ
713 508 848 592 στόματος
867 517 922 575 τοῦ
937 511 1147 592 θοπτομένον,
1177 512 1228 575 καλ
1248 507 1285 576 ού
1302 515 1414 592 ψυχῆς,

264 610 318 694 τήν
334 609 492 677 ἀνάστασιν
507 617 647 698 γίνεσθαι.
695 618 767 688 Παῖς
784 612 816 678 δέ
831 611 912 695 ψυχὴ
930 611 1073 678 ἐλεύσεται
1088 610 1182 695 μόνης
1204 619 1268 688 τεοῖς
1285 612 1317 678 δέ
1332 615 1414 694 βασι-

264 713 359 780 λεύσει
380 713 456 798 μόνη
478 711 498 797 ἡ
519 711 596 797 ὁμοῦ
616 711 671 779 σύν
687 711 801 797 σοι’ματι
819 715 998 800 ἐργασαμένη
1016 712 1049 781 τύ
1067 717 1182 780 δίκαιον
1198 712 1219 797 ἢ
1234 712 1268 780 τύ
1284 720 1415 794 φαῦλονς

257 817 362 883 Ἔσται
384 816 438 904 γάρ
460 819 592 896 ἐναντία,
612 818 664 881 καλ
686 813 723 881 ού
745 819 859 896 δικαία,
882 813 902 899 ἦ
922 821 1024 902 κρίσις.

351 1012 423 1080 Πῶς
444 1006 476 1070 δὲ
492 1001 707 1087 συσταθήσεται
723 1001 741 1068 ύ
756 1001 825 1090 παρ’
842 1001 921 1093 αύτηῖ
944 1011 1006 1093 ιτῷ
1023 1009 1184 1091 Μοριιίωνι
1206 1011 1297 1090 τριῶν
1319 1001 1415 1088 άρηοῖν

265 1108 365 1194 λόγοςς
388 1113 452 1182 πῶς
467 1107 498 1172 δέ
513 1104 531 1171 ύ
547 1105 663 1192 άγοθύς
677 1103 867 1191 εὑρεθήσεται
881 1108 912 1172 ἐν
927 1115 989 1182 τοῖς
1003 1114 1055 1172 τοῦ
1069 1105 1186 1188 φαύλου
1200 1109 1316 1192 μέρεσιν
1332 1109 1417 1192 ἔργον

265 1214 401 1277 ἐπιτελῶν
415 1208 436 1292 ἢ
452 1213 612 1294 σωτηρίας,
634 1207 654 1290 ἢ
668 1215 728 1274 τοῖν
743 1207 835 1275 ύλλων
841 1237 850 1286 3
883 1212 926 1272 Et
940 1207 994 1295 γάρ
1009 1207 1065 1275 ουίι
1081 1207 1173 1275 ούτοῦ
1187 1207 1320 1296 τυγχάνει
1336 1204 1356 1273 o‘
1369 1205 1416 1273 κύ-

264 1335 352 1395 σμος,
385 1309 529 1376 άπέστειλε
550 1313 582 1376 δὲ
600 1308 693 1377 αύτοῦ
712 1309 764 1376 τύν
780 1317 923 1396 μονογενῆ
940 1314 982 1388 είς
998 1309 1049 1376 τύν
1065 1311 1177 1395 κόσμον
1193 1315 1292 1394 λαβεῖν
1311 1313 1345 1376 ἐκ
1363 1317 1416 1375 τοῦ

263 1413 377 1496 κόσμου
392 1419 446 1479 τοῦ
461 1411 610 1498 άλλοτρίυυ
628 1411 646 1476 ά
661 1411 701 1495 μή
716 1410 807 1490 αύτύς
822 1415 946 1500 ἔσπειρε,
967 1415 1041 1497 μηδέ
1059 1416 1202 1497 ἐποίησεν,
1224 1410 1416 1500 εὑρεθήσεται

264 1515 285 1598 ἢ
302 1525 360 1582 τοῖν
375 1513 531 1601 οίλλοτρίων
547 1517 713 1598 ἐφιέμενος,
738 1513 755 1598 ἢ
772 1521 874 1608 πενίαν
893 1513 1116 1598 ’ὑφιστάμενος
1131 1519 1180 1582 καί
1197 1519 1258 1583 ww
1273 1513 1315 1598 μή
1332 1517 1415 1598 έχων,

265 1619 314 1683 ἐτιί
335 1616 371 1682 τά
394 1615 528 1702 άλλύτρια
549 1616 654 1683 ἕαυτύν
672 1615 838 1696 ἐπιδιδούς,
870 1616 952 1694 ὅπως
968 1621 1063 1710 έαυιηῖ
1080 1622 1312 1706 προςπορίσητοι
1333 1617 1354 1682 ά
1376 1615 1416 1698 μη

263 1719 407 1805 πρότερον
424 1723 487 1804 ἔχει.
534 1726 608 1796 Ποῖς
629 1720 660 1784 δὲ
676 1718 778 1805 κριτὴς
794 1717 941 1803 άνωμέσον
959 1719 1135 1804 άμφοτέρων
1152 1719 1302 1806 γενήσεται
1325 1715 1344 1784 ύ
1366 1723 1418 1800 θη-

264 1822 418 1908 μιουργύςς
449 1819 526 1900 εἶτα,
555 1826 636 1898 τίνας
654 1825 710 1906 ἔχει
728 1831 841 1908 κρῖνοις
874 1825 917 1886 El
930 1822 987 1908 γάρ
1002 1831 1061 1888 τοῖν
1077 1821 1137 1888 άπύ
1154 1831 1207 1888 τοῦ
1222 1821 1284 1888 άνω
1301 1829 1417 1888 σκευῶν

264 1923 403 2006 δικαστὴς
418 1925 643 2008 προκαθέζεται,
675 1923 766 2007 ἰσχύει
781 1921 854 2010 ύτιλρ
872 1923 922 1990 τύν
939 1921 1019 2004 άνιο,
1050 1923 1152 2008 ἐπειδὴ
1166 1926 1250 2010 φέρει
1266 1927 1308 2000 είς
1327 1928 1417 2008 μέσον

263 2033 322 2092 τῶν
338 2023 429 2092 αύτοῦ
445 2030 600 2111 κριτηρίων
616 2025 653 2090 τά
671 2033 724 2091 τού
740 2023 802 2092 άνω
818 2023 1001 2111 ύπάργοντα,
1032 2023 1074 2102 ως
1091 2035 1132 2116 τῷ
1147 2032 1307 2113 Μαρκίωνι
1326 2031 1415 2104 ἔδοξε.

266 2130 326 2192 Καί
341 2131 368 2194 εί
383 2127 457 2204 ὅλως
472 2125 573 2212 κριτής
588 2126 737 2213 τυγχάνει,
768 2128 882 2204 δίκαιός
897 2131 964 2194 ἐστι.
1009 2132 1157 2211 Δείξωμεν
1172 2131 1204 2195 δέ
1222 2125 1282 2195 άπύ
1301 2137 1359 2194 τοῦ
1374 2133 1417 2194 ὃτ-

265 2235 352 2296 κοίου
374 2228 517 2312 ὀνόματος
533 2229 578 2295 ίίτι
593 2228 701 2297 τούτύν
716 2233 776 2296 ἐστι
792 2229 824 2296 vo*
842 2228 959 2318 άγωθύν
979 2233 1029 2296 καί
1051 2230 1084 2298 τύ
1103 2235 1226 2297 δίκαιον.
1273 2237 1346 2296 Πᾶν
1362 2228 1416 2316 γάρ

263 2331 282 2397 ὃ
295 2332 410 2398 δίκαιόν
425 2335 494 2411 ἐστι,
511 2334 662 2398 τοῦτοκαὶ
677 2329 801 2418 άγαθύν.
843 2331 915 2398 'And
932 2331 986 2419 γάρ
1000 2341 1056 2398 τοῦ
1070 2330 1188 2418 α’γαθύν
1203 2330 1280 2398 εἶναι
1294 2331 1329 2398 τύ
1345 2331 1416 2418 σ’γο-

265 2432 325 2500 θύν
340 2439 480 2517 χαρίζεται
498 2438 619 2510 δικαίως
640 2432 711 2517 μετά
729 2432 869 2518 άληθείας
889 2442 929 2523 τῷ
946 2433 1047 2521 άγαθοῖ
1064 2434 1220 2521 δράσαντι,
1247 2438 1299 2500 καῖ
1316 2433 1418 2502 ούκέτι

264 2539 343 2602 ἐσται
359 2535 434 2622 πρύς
450 2535 482 2602 τύ
499 2533 616 2622 άγαθύν
631 2539 769 2614 ἐναντίως
783 2545 824 2626 τηῑ
841 2533 962 2627 οίγαθῷ,
991 2536 1066 2602 κατά
1083 2537 1274 2620 δικαιοσύνην
1289 2534 1323 2603 τύ
1346 2535 1416 2623 άγα-

263 2638 322 2703 θύν
342 2645 382 2727 τῷ
403 2636 509 2727 άγοθρῖ
528 2640 678 2722 παρέχων,
709 2641 760 2704 καί
780 2645 819 2727 τῷ
837 2638 942 2728 φαύλῳ
960 2637 1013 2722 τὴν
1032 2642 1179 2721 ἐπιτιμίου
1196 2647 1248 2722 τῆς
1263 2644 1416 2724 τιμωρίας.

267 2737 345 2804 Ούύέ
365 2741 451 2806 πάλιν
473 2738 588 2826 άγαθύς
610 2739 647 2805 άν
667 2744 712 2824 είη
734 2738 752 2806 ύ
773 2748 813 2830 τῷ
835 2749 955 2830 πονηρῷ
976 2739 1028 2807 τύν
1046 2739 1163 2828 άγαθύν
1179 2739 1289 2824 μισθύν
1306 2743 1361 2808 ἐτιλ
1377 2749 1416 2828 τῷ

262 2844 334 2908 τέλει
349 2840 513 2918 ύτσοδιιλούς
528 2841 569 2925 μή
586 2851 788 2924 μετανοοῦντι·
812 2847 840 2910 εί
851 2845 900 2910 καλ
915 2846 947 2909 ἐν
962 2850 1002 2932 τῷ
1018 2843 1143 2928 παρόντι
1157 2842 1304 2910 άνατέλλοι
1319 2841 1416 2909 αύτοῦ

263 2942 314 3010 τύν
329 2943 410 3027 ἥλιον
426 2947 476 3010 ἐπὶ
492 2941 626 3031 οῖγαθούς
640 2949 691 3012 καί
708 2944 855 3028 φαύλους,
878 2947 926 3012 καί
947 2943 999 3011 τύν
1012 2943 1098 3011 ύετύν
1116 2943 1209 3012 αὐτοῦ
1224 2947 1347 3030 παρέχοι
1366 2941 1416 3011 διά

262 3045 295 3112 τύ
310 3052 364 3112 νῦν
378 3043 567 3124 αὐτεξούσιον
583 3057 644 3124 τοῖς
660 3073 690 3112 τε
705 3057 848 3134 πονηροῖς
861 3051 912 3113 καλ
929 3045 1055 3134 άγαθοῖς
1070 3045 1252 3132 άνθρύποις.
1295 3044 1415 3132 Ἀγαθνὶ

263 3147 318 3234 γάρ
334 3145 432 3214 ούκίτι
450 3151 529 3215 ἐσται
545 3147 636 3230 φύσις
656 3152 707 3214 καλ
722 3154 821 3216 δικαία
840 3157 893 3216 τοῦ
909 3157 950 3239 τῷ
965 3157 1088 3240 πονηρῷ
1104 3149 1214 3233 μισθύν
1237 3152 1269 3215 ἐν
1285 3156 1327 3237 τῷ
1348 3151 1413 3232 μέλ-

263 3259 340 3316 λοντι
355 3253 441 3316 αίοῖνι
455 3256 601 3336 σωτηρίας
615 3253 801 3336 παρέχοντος,
823 3254 873 3318 καὶ
887 3249 923 3318 ού
937 3260 1046 3336 μᾶλλον
1061 3259 1219 3335 μισοῦντος
1233 3249 1265 3316 τύ
1279 3251 1416 3336 πονηρὸν

33 3397 37 3405 =
136 3387 187 3432 μς.
201 3375 246 3419 τοι.
264 3355 315 3419 καί
332 3360 455 3432 φαῦλον.
498 3349 531 3416 Ὁ
545 3353 577 3416 δὲ
593 3357 688 3438 τρίτος
703 3351 909 3439 εύρισκόμενος
922 3351 991 3438 παρ’
1008 3351 1086 3443 αύτῷ
1102 3351 1233 3437 πονηράς
1246 3356 1274 3418 εί
1289 3355 1346 3434 ἔχει
1362 3351 1416 3436 την

264 3457 400 3532 ἐξουσίαν
421 3453 457 3519 τά
473 3453 588 3538 πονηρά
605 3455 777 3541 ἐργάζεσθαι
794 3458 845 3520 καί
860 3455 1022 3539 κατισχύειν
1038 3463 1097 3522 τοῖν
1112 3459 1144 3522 ἐν
1160 3462 1200 3545 τῷ
1215 3455 1332 3543 κύσμητ,
1373 3453 1416 3536 ’ἢ

263 3564 321 3622 τοῖν
343 3555 461 3624 άνωθεν
477 3554 615 3642 άγαθοῖν,
638 3555 659 3640 ἢ
680 3565 732 3624 τοῦ
750 3560 840 3640 μέσον
857 3562 990 3637 δικαίου,
1012 3555 1200 3644 εύρεθήσεται
1218 3554 1415 3642 ἐσγυρύτερος

263 3650 351 3736 οὗτος
365 3658 420 3724 δύο
435 3666 516 3726 θεοῖν
530 3665 588 3726 τῶν
605 3658 686 3744 παρά
702 3664 860 3744 Μαρκίωνι
874 3662 1050 3746 λεγομένων,
1073 3657 1174 3742 ἐπειδὴ
1188 3655 1345 3738 ἐξουσιάζει
1362 3657 1415 3744 άρ-

264 3759 364 3838 στάζειν
384 3759 419 3826 τά
439 3758 586 3846 άλλύτρια·
616 3763 667 3825 καί
689 3759 824 3847 άδρονεῖς
843 3759 947 3828 λοιπύν
964 3761 1281 3846 καταψηφισθήσονται
1303 3761 1334 3824 οῖ
1356 3761 1414 3826 δύο

263 3861 343 3948 παρά
359 3862 411 3929 τίν
424 3865 475 3928 ένα
490 3861 638 3946 πονηράν,
662 3866 692 3927 οί
704 3862 745 3945 μή
759 3863 918 3948 δυνάμενοι
931 3861 1059 3948 άντέχειν
1074 3866 1124 3929 καί
1138 3863 1268 3948 (λύεσθαι
1281 3860 1338 3928 άπύ
1358 3871 1415 3930 τοῦ

263 3961 443 4050 ἁρπάζοντος
464 3963 500 4030 τά
523 3961 643 4030 *ούτῶν
665 3963 751 4044 ὄντα,
772 3968 823 4030 κοί
844 3967 885 4043 είς
906 3970 1051 4052 πονηρίαν
1071 3964 1307 4049 μεταβάλλοντος.

131 4269 198 4340 Κεφ.
217 4265 248 4334 ζ’.
341 4251 453 4332 ’Ἄλλως
473 4255 506 4322 δὲ
525 4252 614 4322 πάλιν
630 4252 796 4338 νοήσωμεν,
823 4259 874 4322 ίνο
895 4252 949 4338 τὴν
968 4253 1073 4340 χλεύην
1092 4263 1146 4321 τοῦ
1164 4251 1292 4342 α’γύρτοο
1306 4253 1412 4340 φωρά-

296 4393 355 4443 Gn.
369 4393 412 4445 v1.
428 4421 461 4434 -
479 4393 503 4445 1.
520 4394 572 4464 τῷ,
595 4397 659 4458 ηυοτλ
673 4397 819 4448 desideratur
852 4398 930 4448 ιονῖατ
942 4411 972 4446 τε
986 4397 1035 4446 τοο.
1049 4409 1092 4446 ms.
1103 4397 1191 4458 σλῖςοο,
1208 4398 1248 4460 ριιι·
1258 4408 1303 4446 m
1316 4399 1349 4444 εελ
1363 4397 1413 4444 Vn·

261 4464 287 4511 ιίι
303 4463 385 4544 τείρει,
401 4467 494 4542 reposui
510 4478 539 4513 ιτ
555 4465 606 4544 qod.
622 4465 747 4544 λὀιίιοοο.Ι
850 4467 941 4514 timaus
952 4467 991 4514 θίι
1002 4467 1067 4514 cuins
1080 4465 1151 4526 υυλςο
1163 4469 1196 4513 ιιλ
1209 4478 1273 4524 αισι,
1289 4465 1315 4512 λιι
1327 4463 1413 4512 θελοι·

294 4527 319 4579 2.
337 4543 502 4596 υφιοτομτνος
517 4537 658 4594 ιστιρινιοοι
673 4537 757 4594 τιοιριι
773 4533 817 4582 Ρι-
850 4535 909 4583 σοιν·
929 4533 1029 4595 exempti
1047 4533 1154 4596 πατρίων
1174 4531 1318 4582 οτλτοττλοοι.
1353 4527 1413 4597 ἐφι-
