3036 4998
273 265 335 328 280
695 277 816 330 οιιιστι
835 275 1001 329 ονινιιιινιι

283 389 329 458 Οό
344 389 437 476 μόνον
452 391 507 478 γάρ
524 392 628 478 ίλίγγιι
642 388 752 468 αότοάς
765 390 842 458 κατά
856 389 954 458 πάντα
967 389 1081 478 τρόπον
1095 393 1188 478 λόγων
1197 389 1265 471 ότι,
1284 388 1334 456 Ἐν
1348 389 1416 480 άρηή

278 487 460 580 ήνόλόγος,
480 495 532 559 καί
544 491 563 560 6
576 492 663 578 λόγος
677 487 716 575 ήν
731 491 809 578 πρός
820 491 874 560 τόν
888 493 971 572 θεόν,
993 497 1045 558 καί
1059 491 1133 569 θεός
1149 486 1187 576 ήν
1201 491 1220 559 6
1232 491 1330 578 λόγος,
1353 491 1417 556 dua*

160 627 211 674 μη
225 613 270 657 ιιι
281 596 333 662 καλ
348 596 395 662 ὅτι
408 592 462 670 τάς
477 601 535 660 τῶν
547 591 638 680 άγίων
654 601 817 679 προφητῶν
830 600 1000 682 μαρτυρίας,
1023 598 1055 662 ἒν
1070 586 1140 682 βίον
1158 593 1325 677 πνεύματος
1338 591 1418 679 άγίου

282 695 453 781 όρμῶμενος
465 699 516 760 καί
528 693 564 762 τά
575 693 635 762 άπό
649 704 704 762 τοῦ
714 704 845 781 σωτῆρος
856 698 993 780 είρημόνα
1004 703 1100 772 καλῶς
1112 694 1346 781 άεριβολογήσας
1356 696 1419 780 περί

281 797 405 881 ἑκάστης
420 795 594 874 άποθίσεως
607 805 660 880 τῆς
674 800 716 873 είς
731 796 860 880 Χριστόν
875 801 1090 881 πληρωθείσης,
1114 795 1156 873 ῶς
1169 793 1263 876 είπον,
1284 795 1339 873 τάς
1353 822 1419 879 μαρ·

152 945 155 952 ·
280 904 383 984 τυρίας
397 900 527 977 ίξίθετο,
548 894 600 977 ἐφ’
617 892 660 964 ῶν
674 905 836 980 προφητῶν
850 891 934 965 οὗτοι
949 897 1072 974 ἓαυτοάς
1087 896 1333 982 άπηλλοτρίωσαν.
1366 900 1421 960 Καί

184 1075 189 1084 ἱ
282 999 377 1077 ιόθάς
388 1003 494 1078 ἔδειξεν
507 997 547 1075 ῶς
559 1009 621 1076 τοῖς
633 997 859 1085 πρόςἸωάννην
868 998 921 1066 τόν
934 999 1101 1084 Βαπτιστήν
1110 997 1171 1066 άπδ
1184 1007 1243 1065 τῶν
1256 1003 1421 1080 Φαρισαίων

282 1111 463 1186 πεμφθεῖσιν
476 1099 565 1176 αόεός
578 1099 723 1183 Ἰωάννης
736 1099 939 1186 άποκρίνεται,
968 1105 1073 1187 λέγων,
1101 1098 1175 1186 Ἐγῶ
1192 1099 1279 1183 φωνή
1295 1105 1422 1182 βοῶντος

284 1206 317 1270 ίν
331 1211 367 1293 τῇ
382 1202 499 1292 ἐρήμην,
521 1200 666 1268 εάθόνατε
683 1200 735 1284 τήν
751 1200 822 1268 όδόν
835 1207 957 1287 κυρίου,
977 1200 1082 1278 καθῶς
1096 1200 1175 1268 εἶπεν
1188 1199 1308 1276 Ἡσαΐας
1323 1199 1341 1266 6
1356 1226 1422 1284 προ-

283 1304 389 1389 φήτης.
434 1307 496 1370 Καί
512 1303 599 1370 πάλιν
613 1301 702 1380 αάτός
714 1302 733 1371 ό
745 1301 889 1386 Ἰωάννης
901 1305 986 1389 λίγει,
1008 1301 1068 1368 άπό
1083 1310 1142 1368 τῶν
1155 1309 1318 1386 προφητῶν
1331 1299 1423 1384 λαβεῖν

282 1405 337 1490 τήν
358 1411 535 1490 μαρτυρίαν,
565 1407 643 1488 φημί
660 1406 692 1472 δὲ
711 1402 770 1471 άπό
788 1411 842 1470 τοῦ
857 1406 971 1486 Δαβῖδ,
1000 1403 1048 1471 ότι
1065 1401 1203 1486 όκάριος
1218 1403 1271 1480 τάς
1285 1406 1423 1487 τραπέζας

283 1515 343 1576 τῶν
357 1513 552 1594 κολλυβιστῶν
566 1509 758 1591 κατίστρεψε,
779 1508 828 1572 καί
848 1503 927 1583 είπε,
949 1503 1008 1588 Μή
1023 1514 1127 1587 ποιῆτε
1141 1503 1193 1572 τόν
1207 1503 1290 1572 οίκον
1303 1513 1358 1572 τοῦ
1372 1531 1421 1571 πα·

284 1609 356 1696 τρός
370 1636 430 1693 μου
444 1605 527 1675 οίκον
542 1610 702 1690 ἐμπορίου,
722 1605 929 1690 Ἐμνήσθησαν
944 1607 990 1673 ότι
1004 1599 1042 1688 ἦν
1056 1609 1269 1693 γεγραμμένον,
1296 1605 1332 1672 ‘O
1348 1614 1424 1688 ζῆλος

285 1718 339 1778 τοῦ
361 1713 446 1777 οίιιου
467 1731 521 1775 σου
540 1710 688 1794 κατίφαγί
709 1733 752 1792 με.
796 1712 858 1773 Καί
874 1707 962 1774 πάλιν
980 1705 1070 1785 αάτδς
1085 1705 1229 1792 Ἰωάννης
1245 1705 1343 1790 είττεν,
1363 1707 1423 1772 ’Ότι

273 1809 406 1894 ΙἩσαΐας
426 1807 502 1876 είδεν
523 1808 567 1876 ῶν
587 1811 619 1876 ἐν
639 1808 782 1891 πνεύματι
802 1807 885 1898 άγίρτ.

135 1923 202 1990 Κιρ.
219 1915 268 1976 κδ’.
373 1910 469 1978 Πάλιν
485 1912 517 1978 δδ
533 1908 553 1978 6
565 1909 655 1988 αάτός
670 1909 752 1996 άγιος
765 1908 908 1994 Ἰωάννης
919 1909 1070 1996 κηρύττων
1084 1914 1116 1978 ἐν
1130 1919 1166 2002 τη
1180 1909 1261 1999 Ἀσίιγ
1274 1914 1426 1996 ἱστορεῖται

288 2013 457 2100 παράδοξον
477 2016 563 2098 ίργον
579 2039 608 2078 τι
624 2010 794 2095 πεποιηκῶς
809 2016 851 2088 είς
867 2009 1062 2098 άπογραμμόν
1077 2019 1130 2095 τῆς
1146 2011 1294 2096 άληθείσς.
1343 2019 1425 2076 Πολι·

288 2122 367 2182 τείαν
380 2114 436 2199 γάρ
452 2117 526 2196 ίγων
537 2114 801 2196 θαυμασιωτάτην,
821 2116 873 2179 καί
886 2115 1115 2198 συμπρίπουσαν
1128 2111 1222 2180 αάτσῦ
1233 2121 1275 2202 τῶ
1290 2111 1426 2196 άξιόμστι

288 2225 342 2300 τῆς
362 2215 558 2298 Ιάποστολῖγς,
580 2217 630 2281 καῖ
648 2213 715 2298 μηδ’
732 2216 807 2292 δ’λως
822 2214 992 2298 λουόμενος,
1012 2212 1188 2301 ἠναγκάσθη
1203 2213 1264 2280 άπό
1280 2223 1334 2281 τοῦ
1349 2212 1428 2300 όγίου

289 2317 455 2401 πνεάματος
476 2325 632 2401 προελθεῖν
652 2319 707 2394 ἕως
726 2325 780 2382 τοῦ
801 2321 973 2400 βαλανείου,
1002 2315 1092 2382 είπιόν
1109 2315 1168 2396 ότι,
1196 2315 1314 2401 Λάβετί
1333 2343 1382 2401 μοι
1394 2339 1427 2378 το

289 2417 366 2504 πρός
383 2424 544 2502 βαλανεῖον.
588 2420 648 2482 Καί
665 2425 725 2483 τῶν
742 2421 948 2501 συνεπομένων
962 2417 1177 2500 θαυμαζόντων
1192 2410 1285 2502 ήλθεν
1304 2423 1347 2495 είς
1362 2413 1428 2482 αότό

290 2520 324 2588 τό
338 2519 470 2606 λουτρόν.
514 2522 574 2585 Καί
589 2519 744 2603 γενόμενος
758 2519 834 2604 πρός
848 2517 900 2586 τόν
917 2517 1046 2586 είωθότα
1061 2517 1257 2601 άποδίγεσθαι
1274 2527 1336 2585 τῶν
1352 2528 1428 2584 λουο-

291 2625 387 2705 μόνων
402 2621 437 2686 τά
455 2620 554 2704 ίμάτια
571 2619 657 2705 ήρετο
674 2626 718 2698 τίς
735 2624 821 2688 ἔνδον
835 2623 912 2688 ἐστίν
930 2623 961 2687 ἒν
979 2628 1021 2708 τῷ
1036 2624 1178 2709 βαλανείῳ
1184 2671 1194 2701 ,
1223 2618 1241 2686 ό
1256 2621 1288 2686 δὲ
1303 2618 1431 2706 όλεάρισς

291 2726 341 2791 ἐπί
362 2731 403 2810 τῷ
424 2721 578 2803 φυλάττειν
594 2723 694 2805 ίμάτια
708 2728 932 2808 προςκαρτερῶν
952 2725 994 2800 (ἐν
1010 2731 1073 2798 τοῖς
1089 2720 1145 2807 γάρ
1161 2727 1334 2808 γυμνασίοις
1350 2725 1431 2808 ἔργον

291 2824 378 2892 τοῦτό
391 2847 466 2890 τισιν
479 2823 601 2906 ὑπάρχει
614 2833 761 2908 πορισμοῦ
773 2829 856 2891 ἕνεκα
868 2833 921 2906 τῆς
933 2825 1083 2907 ἐφημέρου
1096 2829 1220 2906 τροφῆς)
1235 2827 1295 2906 ίφη
1307 2832 1350 2911 τῷ
1364 2821 1431 2909 όγίρ

290 2923 413 3015 Ἰωάννη
435 2925 480 2991 ότι
499 2923 606 3008 Ἐβίου
627 2928 714 2992 ἔνδον
736 2928 821 2993 ἐστίν.
860 2924 998 3008 Ἰωάννης
1018 2926 1051 2989 δὲ
1072 2923 1165 3000 εόθός
1187 2927 1285 3002 συνείς
1309 2925 1366 3008 τήν
1384 2928 1433 2990 τοῦ

293 3025 380 3114 άγίου
397 3024 560 3109 πνιάματος
577 3023 715 3112 όδηγίαν,
745 3025 782 3092 δι’
803 3027 840 3111 ἣν
861 3029 955 3092 αίτίαν
976 3027 1183 3110 προυτρίψατο
1201 3025 1293 3092 αὐτόν
1309 3031 1369 3102 ἕως
1384 3030 1434 3090 τοῦ

294 3133 448 3212 βαλανείου
463 3127 560 3210 ήκειν,
582 3124 624 3205 ῶς
640 3130 731 3212 ίφην,
753 3128 870 3212 μνήμης
886 3131 970 3195 ῖνεκα
984 3135 1037 3194 τοῦ
1050 3136 1218 3194 καταλιπεῖν
1233 3125 1306 3210 ήμῖν
1322 3127 1376 3212 τήν
1389 3133 1437 3209 τῆς

294 3227 437 3311 άληθείας
456 3227 618 3313 άπόθεσιν,
648 3229 694 3296 ὅτι
714 3234 790 3306 τίνες
806 3232 879 3295 είσίν
895 3235 927 3297 σί
940 3234 1040 3296 δοιῖλοι
1060 3236 1192 3314 Χριστοῦ
1207 3233 1259 3294 καί
1277 3227 1435 3296 άπόστολοι

295 3334 347 3398 καί
363 3334 424 3398 υίοί
442 3337 494 3414 τῆς
511 3329 602 3415 αάτής
617 3329 771 3415 άληθείας,
793 3337 857 3397 τίνα
874 3333 907 3396 δά
920 3335 979 3397 ίστι
993 3329 1030 3396 τά
1046 3329 1137 3414 σκιάη
1152 3339 1204 3396 τοῦ
1223 3337 1371 3414 πονηροῦ,
1392 3329 1438 3396 καί

295 3431 387 3499 πάλαι
404 3431 481 3521 ᾅδου
498 3432 540 3516 μή
556 3432 762 3516 κατισχάουσαι
783 3441 837 3516 τῆς
852 3435 960 3517 πέτρας
979 3435 1100 3516 καὶτῆς
1117 3430 1161 3496 ἐπ’
1177 3430 1269 3515 αὐτῆς
1283 3435 1438 3512 οἰκοδομη-

296 3541 400 3618 θείσης
419 3533 504 3620 άγίας
519 3543 596 3600 θεοῦ
613 3537 781 3616 ίκκλησίας,
802 3573 845 3586 ·-
873 3532 966 3610 εόθάς
980 3533 1107 3617 ταράξας
1123 3531 1228 3599 ἔαυτόν
1245 3535 1296 3598 καί
1311 3531 1441 3616 οίμοῖξας

296 3634 392 3720 ήρίμα
413 3639 455 3712 εἰς
475 3635 509 3702 τό
529 3636 641 3711 πάντας
658 3633 799 3714 άκοιῖσαι,
829 3639 871 3712 είς
889 3633 1048 3721 μαρτύριον
1065 3633 1275 3719 παραστάσεως
1294 3632 1440 3721 άχράντου

177 3767 229 3814 ρας.
242 3757 287 3801 ιιι
301 3741 503 3818 διδασκαλίας,
526 3736 678 3802 Σπεύσατε
694 3735 831 3817 άδελφοί,
852 3739 925 3819 ἔφη,
948 3739 1110 3819 ίξίλθωμεν
1127 3739 1279 3816 ἐντεῦθεν,
1309 3737 1354 3820 μή
1370 3737 1442 3824 πίση

296 3839 330 3905 τό
344 3845 507 3924 βαλανεῖον,
529 3841 579 3905 καί
594 3835 777 3920 άπολῶμεθα
790 3837 861 3920 μετά
873 3837 1012 3922 Ἐβίωνος
1026 3845 1079 3903 τοῦ
1091 3841 1176 3905 ἔνδον
1190 3840 1223 3904 ίν
1235 3845 1275 3926 τῷ
1287 3841 1442 3924 βαλανείῳ,

299 3939 349 4008 διά
362 3940 416 4022 τήν
429 3939 521 4006 αότοῦ
535 3938 677 4022 άσίβειαν.
712 3942 773 4005 Καί
786 3941 888 4022 μηδείς
901 3941 1074 4021 θαυμαζέτω
1088 3941 1137 4004 ἐπί
1148 3947 1189 4028 τηῖ
1202 3937 1331 4006 άκοιῖσαι
1342 3938 1443 4022 Ἐβίω-

299 4071 336 4110 να
348 4042 468 4134 Ἰωάννη
484 4043 729 4126 συντετιηηκίναι.
760 4039 959 4126 Πολυγρόνιος
974 4038 1029 4126 γάρ
1044 4045 1219 4122 καταμείνας
1232 4049 1273 4128 τῶ
1287 4045 1349 4130 βίην
1363 4038 1382 4106 ό
1394 4061 1444 4121 μα-

299 4143 404 4231 κάριος
418 4143 556 4228 Ἰωάννης
574 4143 725 4229 διήρκεσεν
741 4140 805 4228 άγρι
821 4149 876 4226 τῆς
890 4151 943 4208 τοῦ
963 4150 1112 4228 Τραϊανοῦ
1130 4145 1284 4226 βασιλείας.
1332 4141 1446 4213 Πάντες

301 4247 335 4314 δδ
352 4251 383 4314 οῖ
394 4245 550 4314 άπόστολαι
566 4245 612 4312 δτι
630 4243 854 4331 άπαλλοτριοιῖσι
869 4242 923 4328 τήν
937 4251 991 4311 τοῦ
1006 4242 1147 4329 Ἐβίωνος
1161 4249 1272 4324 πίστιν,
1292 4245 1350 4309 καί
1367 4240 1445 4308 ἄλλο·

298 4401 393 4534 μίξιν.
408 4403 508 4456 ΧΧΝ.
525 4431 556 4442 -
578 4406 599 4456 Ι.
616 4396 758 4467 α’ποστολῆς
773 4405 842 4454 ouda.
855 4403 927 4454 λ’σλλι.
944 4403 1040 4466 My.
1053 4405 1074 4453 ιλ
1088 4402 1141 4452 αλλ.
1155 4403 1237 4453 Ριλαυ.
1272 4395 1401 4466 άληδείατ
1413 4397 1447 4448 ιδ.

354 4487 374 4521 τ.
