3010 5000
360 359 494 411 PANlel
513 359 574 410 ete.
587 359 606 410 l.
622 357 704 410 ΤΟΜ.
717 357 759 408 ill.
777 357 875 408 nunu.
889 359 1036 410 xxxvnt.
1210 347 1268 408 511

127 475 158 539 in
181 477 242 540 salo
261 487 291 541 et
308 479 434 564 procella
451 477 669 557 conllietantnr,
701 499 735 542 ao
755 478 834 542 velut
856 497 871 539 ε
888 477 978 560 spinis
1000 488 1030 540 ct
1047 477 1183 562 repribns
1201 477 1271 540 cmi-

127 590 249 658 nentes‚
275 602 388 665 unaque
405 581 552 665 spinarum
571 591 652 644 strue
670 579 887 665 comprehensi,
918 579 1060 643 duntaxat
1074 581 1272 664 appellationi·

126 679 182 744 bus
200 681 376 768 discrepant.
422 681 499 746 Nam
519 682 666 768 spinarum
683 703 790 768 genera
809 681 922 766 quidem
946 682 1025 746 varia
1047 693 1131 761 sarit,
1163 685 1214 748 sod
1237 687 1270 749 ad

127 786 311 868 pungendum
335 785 555 870 nocendumque
577 785 622 850 vis
644 785 778 850 omnibus
799 795 845 849 εει
865 785 1057 848 cornmnoitcr
1077 785 1175 850 insito.

211 985 303 1073 igitur
314 986 419 1054 Caiaui
437 1011 453 1052 a
474 989 630 1074 potentiori
644 991 765 1074 quadam
782 987 897 1053 Virtute
910 1010 944 1052 ao
961 989 1081 1054 coelesti
1098 992 1269 1058 auctoritate

124 1089 286 1154 derivatam
303 1112 370 1155 esse
386 1088 510 1156 Caluum
529 1092 712 1177 praedicant,
743 1113 797 1155 nec
813 1113 870 1154 non
888 1103 918 1154 et
934 1089 1012 1155 Esau
1031 1103 1060 1154 ct
1076 1090 1173 1171 (lore,
1205 1117 1269 1158 cum

123 1193 205 1273 suis,
227 1195 354 1278 itemque
371 1191 556 1258 sodomitas:
587 1195 711 1258 Abelum
731 1215 802 1258 vero
819 1194 855 1257 ab
872 1193 1053 1257 imbecilliori
1072 1193 1187 1260 Virtute
1203 1219 1269 1282 pro-

123 1293 227 1358 diisse.
273 1293 468 1378 Quamobrem
490 1295 556 1359 illos
579 1317 681 1360 omues
703 1297 837 1382 opinione
860 1318 913 1360 sua
934 1297 1092 1360 laudandos
1114 1319 1148 1361 ae
1169 1319 1267 1362 secum

123 1397 340 1462 necessitudine
353 1399 524 1463 coniunctos
538 1411 685 1479 asserunt,
709 1401 801 1483 deque
818 1399 958 1463 eiusmodi
976 1421 1039 1462 cum
1057 1396 1151 1462 Caino
1167 1411 1196 1462 et
1212 1397 1268 1464 So·

123 1499 259 1578 domitis,
285 1498 363 1565 Cora
379 1513 407 1566 et
425 1499 504 1565 Esau
519 1503 691 1586 cogitatione
706 1503 867 1586 gloriantur
883 1523 916 1564 ac
934 1503 1079 1584 perlectae
1095 1502 1269 1566 sublimiori·

123 1621 181 1684 quc
202 1603 343 1668 scientiae
365 1605 429 1668 illos
452 1606 631 1669 adscribunt.
678 1601 748 1668 idco
770 1603 866 1666 mundi
893 1603 976 1668 buius
1000 1604 1130 1688 opilicern
1155 1614 1265 1688 putant,

123 1723 190 1766 oum
215 1706 249 1768 ad
271 1725 322 1769 eos
344 1707 469 1771 lrmditus
489 1707 684 1792 profligandos
700 1706 896 1784 incumberet,
930 1726 1036 1768 nocere
1059 1704 1127 1768 nibil
1151 1706 1268 1769 omnino

123 1806 265 1890 potuisse.
317 1809 365 1872 Ab
389 1829 424 1873 eo
447 1810 551 1895 quippe
577 1808 750 1893 semetipsos
775 1808 955 1888 occultasse,
990 1819 1019 1872 ει
1044 1807 1073 1870 in
1102 1827 1267 1892 supremum

122 1908 257 1972 Aeonem
276 1931 342 1974 esse
358 1922 567 1988 commutatos,
592 1912 667 1974 uode
685 1921 714 1974 et
730 1911 887 1973 fortissima
905 1910 952 1973 illa
971 1907 1073 1974 Virtus
1090 1921 1145 1973 est.
1190 1907 1267 1973 Nam

121 2008 189 2072 illos
202 2013 238 2073 ad
254 2031 321 2076 sese
339 2011 490 2098 Sapientia
508 2024 606 2098 utpote
622 2013 806 2078 necessarios
821 2012 945 2075 admisit.
990 2009 1150 2096 Propterea
1168 2009 1266 2076 ludam

122 2124 261 2178 accurate
284 2115 380 2196 omnia
404 2117 475 2179 baec
498 2115 632 2180 habuisse
652 2125 801 2200 perspecta
821 2125 992 2177 irremorant.
1040 2111 1134 2196 Quem
1153 2114 1266 2198 quidem

122 2216 235 2278 affinem
258 2237 322 2280 esse
341 2239 424 2282 suum
439 2217 586 2298 iactitant,
611 2219 762 2301 eidemque
778 2217 969 2280 excellentem
987 2217 1127 2300 quandam
1144 2216 1201 2278 rim
1218 2237 1267 2280 co-

121 2317 262 2400 gnitionis
284 2319 454 2385 attribuunt.
501 2318 587 2403 Quod
609 2341 701 2404 usquo
723 2321 795 2384 adeo
811 2320 984 2396 delendum,
1017 2328 1048 2381 ut
1069 2319 1132 2383 cius
1151 2319 1267 2381 nomine

120 2419 291 2504 inscriptam
308 2423 475 2506 opuseulum
491 2422 697 2487 circumierant
711 2423 785 2506 quod
802 2418 889 2484 ludae
904 2418 1096 2504 Evangelium
1112 2418 1265 2504 appellant.
1299 2493 1311 2516 v

122 2517 180 2585 Cui
199 2521 303 2587 similia
320 2525 462 2608 quaedam
481 2523 537 2588 alia
554 2525 700 2588 volumina
718 2523 923 2587 confinxerunt
939 2524 1079 2586 adversus
1098 2520 1266 2607 Hysteram‚

121 2623 177 2688 boo
195 2635 240 2688 cst
259 2623 395 2703 Uterum‚
428 2647 485 2712 quo
503 2627 618 2691 nominc
635 2627 723 2690 totius
739 2625 954 2702 universitatis,
986 2624 1040 2687 boo
1058 2633 1102 2686 est
1117 2623 1192 2687 coeli
1209 2634 1266 2687 ter·

120 2745 243 2810 raeque,
268 2727 472 2792 fabricatorem
486 2740 604 2793 nocant.
649 2727 769 2812 Negant
783 2748 870 2811 porro
886 2726 1003 2790 liberari
1019 2725 1092 2789 nllos
1107 2746 1193 2810 posse
1210 2726 1265 2789 nisi

121 2829 292 2912 peremnia
315 2831 498 2910 transierint,
523 2832 599 2916 qnod
622 2843 652 2894 ct
674 2827 869 2915 Carpocrates
892 2823 1026 2913 opinatus
1048 2839 1105 2890 εει.

178 3015 183 3020 q
209 2927 339 3012 Quilibet
353 2933 429 2996 enim
444 2933 557 2997 illorum
575 2933 658 2997 buius
673 2933 826 2996 occasione
842 2929 983 3014 dogmatis
1000 2929 1110 2992 nelarie
1124 2931 1262 3013 quaedam
1289 2942 1349 3012 Cap.
1363 2947 1395 2998 tt.

121 3043 309 3119 perpetrans,
343 3055 432 3120 seque
460 3035 635 3100 execrandis
661 3035 691 3098 in
715 3033 879 3098 libidinibus
906 3054 941 3096 ac
963 3031 1133 3116 flagitiorum
1155 3051 1265 3115 genere

121 3135 199 3198 omni
224 3135 375 3214 volutans,
410 3138 589 3222 singulorum
612 3136 781 3220 angelorum
802 3135 918 3199 nomina
942 3144 998 3197 tam
1021 3155 1156 3196 verorum
1179 3153 1263 3217 quam

120 3235 155 3299 ab
175 3237 248 3322 ipsis
267 3239 454 3302 confictorum
474 3240 612 3306 invocans
630 3239 784 3322 unicuique
804 3237 1002 3300 detestandum
1022 3236 1135 3319 aliquod
1155 3235 1265 3298 lacinus

120 3359 155 3400 ao
172 3350 322 3422 peccatum
337 3341 416 3404 velut
433 3344 617 3426 praecipuum
632 3340 775 3418 attribuit,
799 3359 833 3402 ac
848 3339 1054 3422 qualecumque
1069 3359 1150 3400 saum
1168 3337 1263 3401 scelus

120 3441 193 3503 certi
213 3439 370 3526 cuiuspiam
388 3443 422 3506 ad
443 3443 538 3526 angeli
556 3463 660 3506 nomen
679 3443 888 3506 accommodat.
935 3437 1008 3503 Cum
1027 3441 1104 3504 enim
1123 3439 1263 3502 eiusmodi
1380 3499 1385 3507 .

120 3540 226 3627 aliquid
245 3545 443 3620 committunt,
468 3545 543 3608 bunc
562 3543 591 3608 in
609 3545 722 3607 modurn
742 3544 866 3629 praefari
884 3541 989 3606 solent.
1036 3539 1062 3606 0
1085 3541 1188 3624 angele
1204 3538 1261 3620 N.‚

122 3652 199 3708 teum
223 3665 295 3730 opus
317 3647 461 3711 exerceat
508 3643 765 3731 OpotestasN.,
799 3643 912 3709 actione
936 3655 982 3707 tua
1001 3645 1119 3728 langor!
1165 3643 1264 3727 Atque

119 3746 196 3809 istud
210 3745 303 3831 ipsum
320 3759 376 3825 εει,
394 3749 468 3831 qnod
485 3749 519 3810 ab
533 3747 590 3811 illis
604 3748 734 3812 absoluta
748 3747 876 3833 cognitio
890 3747 1010 3824 dieitur3
1034 3745 1263 3830 quandoquidem

122 3824 152 3909 ul
165 3868 218 3932 per
232 3848 354 3912 celanda
371 3850 466 3912 omnia
483 3849 656 3933 flagitiorum
673 3871 781 3934 genera
797 3849 912 3934 impune
927 3850 965 3912 ita
983 3848 1156 3925 volitarent,
1181 3869 1197 3910 a
1214 3868 1263 3910 su·

121 3949 283 4031 perioribus
297 3949 386 4014 sectis
401 3952 480 4015 velut
496 3952 681 4036 parentibus,
706 3951 913 4016 Gnosticorum
932 3951 1065 4014 videlieet
1083 3970 1117 4012 ac
1131 3947 1260 4026 Nicolai‚

121 4047 214 4136 iisque
236 4051 360 4115 affinium
379 4050 650 4117 Valentinianorum
674 4064 704 4116 et
721 4037 908 4139 Carpocratis
931 4051 1111 4135 dogmatibus
1133 4051 1264 4114 occasio·

120 4171 185 4215 nem
204 4153 279 4216 nacti
296 4165 374 4217 sunt.
420 4151 560 4219 Pervenit
577 4157 657 4218 etad
676 4177 728 4220 nos
745 4165 843 4218 certus
859 4155 1015 4219 eorundem
1035 4146 1125 4229 liber,
1158 4152 1188 4214 in
1206 4175 1262 4236 qno

120 4254 342 4319 sceleratissima
367 4257 468 4319 nescio
490 4277 565 4340 quae
588 4257 726 4322 voeabula
749 4244 903 4321 commenti
925 4266 1008 4334 sunt,
1040 4257 1075 4318 io
1091 4274 1185 4338 eoque
1207 4253 1263 4317 ista

121 4357 321 4421 contineatur:
353 4355 410 4420 llic
432 4369 494 4438 cst,
527 4359 636 4443 inquit,
667 4359 804 4444 angelus,
837 4380 928 4443 aquo
944 4355 1067 4442 Moyses
1087 4367 1263 4421 excaecatas

121 4467 181 4539 cst,
210 4458 287 4545 iique
306 4458 501 4544 augebantu,
531 4461 668 4546 aquibus
686 4458 782 4540 Core,
809 4458 925 4526 Datlran
945 4469 975 4522 et
991 4459 1123 4540 Abiron,
1147 4479 1263 4522 eorum·

121 4581 175 4642 quc
204 4569 386 4640 sectatores,
419 4563 552 4628 occultati
578 4565 774 4650 subtractique
801 4576 880 4629 aunt.
931 4561 1008 4645 Quin
1033 4561 1121 4628 aliurn
1142 4562 1264 4648 insuper
