3008 4996
358 365 492 416 seusun
511 363 573 414 tte.
589 365 606 415 t.
623 364 747 415 romu.
764 365 862 419 uteo.
872 369 961 419 xxx.
1171 355 1231 416 265

92 489 138 546 hue
154 489 248 566 sperio
266 487 456 545 descendentis
480 497 510 545 et
529 489 662 545 rirtruutis
681 505 710 545 m
728 507 800 546 sese.
844 489 886 546 Et
904 509 960 547 ooo
975 489 1084 548 reddito
1102 488 1136 546 de
1156 488 1233 546 coelo

91 593 201 660 luens,
230 589 272 646 ihr
289 607 318 646 es
326 588 414 665 filius
427 607 504 647 meus
517 589 652 658 dt'ieotus,
677 591 706 646 in
724 597 751 646 te
768 589 837 647 mibi
853 589 1017 667 complacui.
1063 591 1105 648 Et
1118 592 1230 660 iterum,

90 693 151 768 Ego
169 690 355 766 todtegenm·
368 698 405 748 te.
451 689 607 768 Statimque
627 709 659 747 eo
681 693 710 748 io
733 690 794 747 loro
817 690 868 748 tm
886 691 988 767 ingens
1004 691 1125 772 afflabit.
1173 691 1234 764 (iun

91 799 236 869 conspeetu
251 793 369 849 loannes
385 792 428 848 rio
443 809 505 848 eom
521 791 693 868 alloquium:
729 793 769 850 Tu
786 793 849 868 quis
870 810 915 861 es,
940 792 1072 850 domme?
1100 793 1235 850 llorsurn·

91 913 141 972 que
157 893 238 969 lapso
255 910 310 948 ooo
325 891 360 949 de
374 891 468 962 coeio,
493 893 547 950 Hir
564 891 697 970 nostum
712 893 937 964 martirisatur,
960 895 990 950 in
1006 913 1060 971 qno
1078 893 1149 952 miii
1161 911 1234 951 oom-

91 995 196 1072 ptocm’.
242 993 376 1052 Adam
391 995 510 1051 Ioannes
524 993 563 1050 od
578 995 892 1070 complasmatum,
917 995 1035 1070 Quaeso,
1060 996 1161 1072 inquit,
1186 995 1235 1052 do·
1358 1047 1362 1058 ,

92 1099 180 1166 maire,
206 1103 237 1154 tn
252 1111 295 1152 me
311 1095 370 1170 titre
385 1091 509 1170 inpube.
555 1096 601 1153 At
617 1095 667 1152 ille
681 1094 848 1172 prohibebat
863 1115 923 1154 eum
940 1097 1052 1166 moena,
1078 1097 1165 1166 Sthe,-
1195 1096 1236 1152 ito

92 1199 162 1257 entim
184 1197 263 1255 deret
281 1213 333 1253 uos
354 1195 469 1272 impiere
489 1197 591 1254 omnib.

176 1394 253 1460 Vide
281 1394 427 1479 quamsit
453 1415 553 1457 eorum
580 1395 770 1481 undequaque
791 1398 946 1482 depravata
970 1397 1119 1473 doctriua,
1151 1404 1388 1477 quamcumxtv.

94 1496 296 1573 denimentis,
320 1494 499 1578 distortaque
514 1496 574 1560 siot
591 1496 700 1575 omnia,
725 1519 779 1560 neo
797 1499 870 1560 reoti
889 1499 1038 1584 quiequam
1056 1498 1236 1562 contineant.

96 1598 255 1664 Corinthus
272 1596 349 1660 enim
366 1606 396 1658 et
413 1594 608 1682 Carpocrates
629 1599 731 1662 eodem
748 1595 909 1676 Matthaei,
935 1610 964 1662 ut
983 1600 1096 1684 quidem
1119 1598 1232 1674 volunt,

96 1699 252 1784 evangelio
269 1699 352 1776 loeti,
379 1717 419 1760 ex
434 1696 498 1761 eius
515 1698 599 1761 initio
615 1696 782 1783 Christique
805 1700 975 1784 genealogia
995 1701 1118 1785 probare
1140 1701 1236 1761 nitun-

96 1813 141 1866 tur
155 1799 307 1866 Christum
325 1819 341 1862 e
357 1797 472 1883 iosephi
486 1810 517 1862 et
531 1797 647 1862 Mariae
662 1802 773 1864 semine
790 1821 858 1864 esse
876 1814 1069 1886 procreatum.
1108 1797 1152 1863 llli
1168 1821 1238 1861 ooo·

97 1915 140 1966 tra
155 1903 234 1966 eliud
250 1901 369 1964 omnino
383 1909 527 1964 statuunt.
570 1898 648 1964 Nam
666 1903 742 1966 omni
759 1901 807 1965 illa
824 1903 994 1986 genealogia
1012 1913 1157 1988 amputata
1173 1901 1239 1964 inde
1362 1957 1374 1980 ,

98 2005 172 2068 uode
188 2002 317 2066 diximus
333 2000 445 2065 initium
466 2003 626 2066 deducente
665 2009 782 2065 Furtum
798 2016 844 2065 est
863 2009 892 2065 in
912 2007 1007 2066 dr'ebm
1022 2009 1142 2068 heroos
1162 2009 1240 2084 regis

97 2111 233 2179 ludaeos,
256 2105 309 2166 sub
322 2107 451 2183 principe
469 2108 644 2166 sacerdotum
661 2109 783 2185 Corbio,
817 2117 851 2166 ut
866 2110 973 2168 mnr'ret
993 2110 1103 2187 quidam
1120 2109 1239 2167 Ioannes

97 2211 205 2268 nomme
223 2207 372 2286 topazon
391 2205 524 2284 lopiano
533 2211 721 2286 pomrteome
734 2211 764 2268 in
779 2211 899 2296 lordono
907 2211 1010 2291 fluor'o,
1035 2217 1093 2269 eto.
1139 2202 1240 2288 Quou-

98 2307 249 2392 doquidem
267 2303 365 2370 lesum
384 2315 415 2367 ot
430 2306 557 2370 diximus
573 2328 684 2370 merom
700 2307 844 2371 bominem
860 2308 996 2372 extitisse
1012 2319 1124 2394 nutant,
1146 2308 1174 2369 in
1190 2327 1240 2370 eo-

97 2429 151 2492 qne
169 2407 317 2471 resedisse
335 2402 506 2485 Christum,
531 2408 578 2490 qui
596 2409 746 2472 eolumhae
766 2411 864 2494 speeie
881 2411 920 2472 sit
936 2410 1070 2495 illapsus,
1103 2431 1166 2473 oum
1190 2431 1240 2472 eo·

98 2531 152 2592 que
166 2509 355 2586 oooiunotusq
388 2508 415 2570 id
433 2509 507 2591 quod
525 2509 589 2572 aliis
613 2509 732 2594 iusuper
753 2510 923 2575 haeresibus
947 2511 1090 2596 placuisse
1111 2511 1237 2595 renerio.

97 2607 142 2674 lta
157 2607 255 2673 lesum
275 2610 367 2692 ipsum
394 2629 461 2673 esse
481 2604 630 2674 Christum
655 2631 695 2674 ex
715 2612 866 2696 utriusque
887 2613 1015 2696 parentis
1039 2613 1151 2676 somine
1173 2632 1238 2696 pro·

98 2724 227 2794 gnatum
274 2707 402 2772 Rursum
429 2730 502 2774 vero
527 2732 585 2774 non
608 2711 751 2776 bominem
774 2733 841 2776 esse
863 2709 1010 2778 Christum
1034 2735 1074 2778 ex
1099 2715 1154 2777 boo
1175 2713 1239 2776 eius

99 2833 243 2898 responso
263 2810 419 2893 eolligunt,
444 2813 536 2895 quod,
560 2835 623 2876 oum
641 2807 835 2878 renuntiaturi
854 2826 953 2879 essetz
986 2819 1060 2878 Eoos
1082 2827 1171 2876 muter
1191 2826 1239 2876 tuo
1259 2821 1343 2930 qqqtqtq

100 2917 253 2996 etsrotrer
274 2914 513 2993 tuisorrbotont,
544 2915 619 2978 buno
637 2917 664 2976 in
689 2917 803 2979 modum
826 2916 965 2979 reddidit:
1000 2921 1076 2995 Quae
1094 2927 1241 2976 estmuter
1338 2904 1344 2917 ’

99 3037 175 3089 mn,
199 3027 230 3076 et
234 3016 348 3096 frames
363 3020 439 3075 mei?
459 3026 488 3075 et
503 3020 653 3078 retendens
668 3039 778 3078 mum
797 3023 826 3079 in
842 3021 992 3098 daemulos
1005 3022 1095 3091 deluit,
1120 3021 1161 3078 lli
1173 3030 1242 3079 sunt

97 3119 207 3196 frou-er
227 3120 284 3178 mei
294 3127 323 3176 et
345 3127 435 3178 mater
456 3137 534 3190 meo,
563 3122 615 3200 qui
622 3120 741 3199 suriunt
756 3123 923 3181 uoluntatem
940 3124 1035 3199 patrib
1053 3123 1116 3180 mei.
1164 3117 1241 3182 ilino

99 3217 148 3282 ilie
166 3217 331 3302 praestigiis
347 3217 506 3280 instructus
524 3215 620 3280 Ebioo
637 3219 787 3282 varias-se
804 3219 832 3282 in
849 3221 946 3282 larvas
964 3230 1048 3303 atque
1064 3221 1172 3304 effigies
1191 3221 1241 3282 de·

99 3321 223 3396 formet,
247 3331 279 3382 ut
295 3339 335 3382 ex
351 3318 388 3382 iis
404 3339 479 3402 quae
499 3319 581 3382 initio
598 3319 673 3382 diota
691 3331 759 3383 suot
775 3330 880 3384 tetrum
899 3331 929 3384 et
945 3321 1081 3386 horribile
1101 3321 1241 3406 quoddam

99 3441 169 3484 esse
190 3429 352 3484 monstrum
375 3429 525 3506 apparent.

187 3621 264 3688 Sunt
281 3635 311 3686 et
328 3625 377 3688 alii
399 3625 464 3688 libri
488 3627 591 3709 quibus
614 3638 749 3706 utuntur,
778 3627 860 3694 reiut
874 3623 955 3692 Petri
971 3623 1120 3692 Circuitus
1136 3647 1152 3689 a
1172 3623 1243 3690 Cle·
1260 3635 1320 3704 cap.
1336 3635 1394 3687 xv.

99 3736 199 3788 mente
219 3725 394 3811 oonsoripti.
425 3749 483 3811 quo
506 3729 536 3790 io
560 3729 633 3791 libro
654 3731 752 3813 paonis
774 3731 853 3793 veris
874 3729 983 3793 reliotis
1012 3739 1111 3793 oetera
1138 3749 1244 3813 suppo·

100 3839 242 3905 suerunt3
266 3829 503 3912 quemadmodum
522 3825 659 3894 Clemens
677 3832 737 3916 ipse
755 3831 887 3894 omnihus
907 3832 973 3894 illos
989 3832 1081 3894 modis
1097 3829 1245 3910 redarguit

99 3925 136 3990 iis
152 3927 287 4011 epistolis
303 3929 493 3994 circularibus
510 3953 584 4015 quae
603 3932 639 3996 nb
656 3953 691 3995 eu
708 3935 835 4018 soriqtoe
853 3933 882 3996 iu
900 3931 1096 3998 saerosanctis
1113 3932 1244 3994 ecelesiis

99 4025 251 4110 leguntur.
297 4027 346 4092 Ex
364 4032 467 4114 quihus
486 4043 600 4095 oonstat
620 4033 706 4116 longe
730 4034 766 4095 ab
790 4035 826 4097 iis
850 4036 969 4119 quaein
989 4032 1166 4100 Ciruuitibus
1188 4033 1245 4094 illis

99 4129 155 4190 sub
170 4131 236 4194 eius
257 4131 374 4194 nomine
391 4133 553 4196 adulterino
571 4145 674 4197 extant
694 4133 772 4198 illius
790 4136 873 4198 fidem
897 4157 932 4198 oo
953 4157 1117 4201 sermonum
1141 4133 1246 4197 ahhor-

99 4229 213 4293 ruisse.
259 4229 374 4296 Etenim
391 4233 588 4317 virginitatem
608 4233 748 4301 Clemens
764 4235 896 4316 edocuit3
920 4237 967 4300 isti
985 4237 1147 4322 repudiant.
1192 4233 1246 4299 llle

99 4327 197 4394 Elium
212 4329 350 4396 Davidem
364 4346 394 4396 et
404 4331 594 4419 Sompsooem
607 4357 766 4421 omnesque
782 4338 938 4422 prophetas
951 4341 1141 4416 commodat,
1158 4337 1246 4402 Ebio-

152 4551 217 4600 Cn.
231 4553 289 4603 XV.
307 4581 340 4594 ·-
371 4555 390 4606 Ι.
410 4558 536 4619 citirothe
551 4558 659 4620 Soioiqu.
676 4561 692 4609 l.
708 4555 833 4626 num'dbd.
