<?xml version="1.0" encoding="UTF-8"?>
<!DOCTYPE html PUBLIC "-//W3C//DTD XHTML 1.0 Transitional//EN"
    "http://www.w3.org/TR/xhtml1/DTD/xhtml1-transitional.dtd">
<html xmlns="http://www.w3.org/1999/xhtml" xml:lang="en" lang="en">
 <head>
  <title>
</title>
<meta http-equiv="Content-Type" content="text/html;charset=utf-8" />
  <meta name='ocr-system' content='tesseract 3.04.00' />
  <meta name='ocr-capabilities' content='ocr_page ocr_carea ocr_par ocr_line ocrx_word'/>
</head>
<body>
  <div class='ocr_page' id='page_1' title='image "./corporishaerese03oehlgoog_0256.png"; bbox 0 0 3008 4996; ppageno 0'>
   <div class='ocr_carea' id='block_1_1' title="bbox 378 255 1252 323">
    <p class='ocr_par' dir='ltr' id='par_1_1' title="bbox 378 255 1252 323">
     <span class='ocr_line' id='line_1_1' title="bbox 378 255 1252 323; baseline -0.005 -1"><span class='ocrx_word' id='word_1_1' title='bbox 378 270 511 322; x_wconf 83' lang='lat' dir='ltr'><strong>rnnnnn</strong></span> <span class='ocrx_word' id='word_1_2' title='bbox 529 271 593 322; x_wconf 78' lang='lat' dir='ltr'><strong>uro.</strong></span> <span class='ocrx_word' id='word_1_3' title='bbox 604 271 623 322; x_wconf 90' lang='grc' dir='ltr'><strong>ι.</strong></span> <span class='ocrx_word' id='word_1_4' title='bbox 642 269 725 323; x_wconf 79' lang='lat' dir='ltr'><strong>rost.</strong></span> <span class='ocrx_word' id='word_1_5' title='bbox 740 269 772 319; x_wconf 93' lang='lat' dir='ltr'><strong>n.</strong></span> <span class='ocrx_word' id='word_1_6' title='bbox 789 267 886 320; x_wconf 79' lang='lat' dir='ltr'><strong>ussa.</strong></span> <span class='ocrx_word' id='word_1_7' title='bbox 901 269 1002 322; x_wconf 79' lang='lat' dir='ltr'><strong>xxix.</strong></span> <span class='ocrx_word' id='word_1_8' title='bbox 1189 255 1252 319; x_wconf 77' lang='lat'><strong>23⁹</strong></span> 
     </span>
    </p>
   </div>
   <div class='ocr_carea' id='block_1_2' title="bbox 106 383 1255 2497">
    <p class='ocr_par' dir='ltr' id='par_1_2' title="bbox 106 383 1255 2497">
     <span class='ocr_line' id='line_1_2' title="bbox 109 383 1250 472; baseline -0.001 -19"><span class='ocrx_word' id='word_1_9' title='bbox 109 389 163 454; x_wconf 82' lang='lat' dir='ltr'><strong>sed</strong></span> <span class='ocrx_word' id='word_1_10' title='bbox 190 399 220 452; x_wconf 89' lang='lat' dir='ltr'><strong>et</strong></span> <span class='ocrx_word' id='word_1_11' title='bbox 245 389 338 454; x_wconf 86' lang='lat' dir='ltr'><strong>veteri</strong></span> <span class='ocrx_word' id='word_1_12' title='bbox 364 398 538 456; x_wconf 79' lang='lat' dir='ltr'><strong>testamento</strong></span> <span class='ocrx_word' id='word_1_13' title='bbox 558 385 730 452; x_wconf 83' lang='lat' dir='ltr'><strong>ludaeorum</strong></span> <span class='ocrx_word' id='word_1_14' title='bbox 754 387 848 451; x_wconf 87' lang='lat' dir='ltr'><strong>instar</strong></span> <span class='ocrx_word' id='word_1_15' title='bbox 872 397 1002 452; x_wconf 86' lang='lat' dir='ltr'><strong>utuntur.</strong></span> <span class='ocrx_word' id='word_1_16' title='bbox 1046 383 1153 472; x_wconf 84' lang='lat' dir='ltr'><strong>Neque</strong></span> <span class='ocrx_word' id='word_1_17' title='bbox 1174 390 1250 454; x_wconf 86' lang='lat' dir='ltr'><strong>euim</strong></span> 
     </span>
     <span class='ocr_line' id='line_1_3' title="bbox 110 487 1251 575; baseline 0.002 -23"><span class='ocrx_word' id='word_1_18' title='bbox 110 491 184 575; x_wconf 87' lang='lat' dir='ltr'><strong>aputl</strong></span> <span class='ocrx_word' id='word_1_19' title='bbox 203 489 270 554; x_wconf 86' lang='lat' dir='ltr'><strong>illos</strong></span> <span class='ocrx_word' id='word_1_20' title='bbox 288 489 363 574; x_wconf 80' lang='lat' dir='ltr'><strong>legis</strong></span> <span class='ocrx_word' id='word_1_21' title='bbox 379 488 456 568; x_wconf 90' lang='lat' dir='ltr'><strong>lihri,</strong></span> <span class='ocrx_word' id='word_1_22' title='bbox 481 489 651 575; x_wconf 86' lang='lat' dir='ltr'><strong>prophetae,</strong></span> <span class='ocrx_word' id='word_1_23' title='bbox 674 500 722 553; x_wconf 82' lang='lat' dir='ltr'><strong>aut</strong></span> <span class='ocrx_word' id='word_1_24' title='bbox 741 488 936 572; x_wconf 72' lang='lat' dir='ltr'><strong>hagiographa</strong></span> <span class='ocrx_word' id='word_1_25' title='bbox 954 487 1153 573; x_wconf 91' lang='lat' dir='ltr'><strong>prohibentur,</strong></span> <span class='ocrx_word' id='word_1_26' title='bbox 1176 512 1251 574; x_wconf 87' lang='lat' dir='ltr'><strong>qnae</strong></span> 
     </span>
     <span class='ocr_line' id='line_1_4' title="bbox 111 587 1251 677; baseline 0 -23"><span class='ocrx_word' id='word_1_27' title='bbox 111 588 211 655; x_wconf 86' lang='lat' dir='ltr'><strong>ludaei</strong></span> <span class='ocrx_word' id='word_1_28' title='bbox 229 589 322 655; x_wconf 86' lang='lat' dir='ltr'><strong>Biblia</strong></span> <span class='ocrx_word' id='word_1_29' title='bbox 340 601 522 677; x_wconf 83' lang='lat' dir='ltr'><strong>nuncupant,</strong></span> <span class='ocrx_word' id='word_1_30' title='bbox 546 601 622 654; x_wconf 89' lang='lat' dir='ltr'><strong>utet</strong></span> <span class='ocrx_word' id='word_1_31' title='bbox 640 611 656 652; x_wconf 87' lang='lat' dir='ltr'><strong>a</strong></span> <span class='ocrx_word' id='word_1_32' title='bbox 673 587 788 654; x_wconf 82' lang='lat' dir='ltr'><strong>ludaeis</strong></span> <span class='ocrx_word' id='word_1_33' title='bbox 804 589 1016 674; x_wconf 74' lang='lat' dir='ltr'><strong>approbantnrq</strong></span> <span class='ocrx_word' id='word_1_34' title='bbox 1040 591 1173 674; x_wconf 78' lang='lat' dir='ltr'><strong>aquibus</strong></span> <span class='ocrx_word' id='word_1_35' title='bbox 1187 591 1251 654; x_wconf 87' lang='lat' dir='ltr'><strong>Na-</strong></span> 
     </span>
     <span class='ocr_line' id='line_1_5' title="bbox 109 690 1251 776; baseline 0.001 -21"><span class='ocrx_word' id='word_1_36' title='bbox 109 694 207 755; x_wconf 80' lang='lat' dir='ltr'><strong>zaraei</strong></span> <span class='ocrx_word' id='word_1_37' title='bbox 233 693 310 756; x_wconf 89' lang='lat' dir='ltr'><strong>nulla</strong></span> <span class='ocrx_word' id='word_1_38' title='bbox 326 692 357 755; x_wconf 91' lang='lat' dir='ltr'><strong>in</strong></span> <span class='ocrx_word' id='word_1_39' title='bbox 374 713 406 755; x_wconf 90' lang='lat' dir='ltr'><strong>re</strong></span> <span class='ocrx_word' id='word_1_40' title='bbox 428 691 620 768; x_wconf 86' lang='lat' dir='ltr'><strong>dissentiunt,</strong></span> <span class='ocrx_word' id='word_1_41' title='bbox 644 691 693 775; x_wconf 91' lang='lat' dir='ltr'><strong>qui</strong></span> <span class='ocrx_word' id='word_1_42' title='bbox 709 690 744 754; x_wconf 84' lang='lat' dir='ltr'><strong>acl</strong></span> <span class='ocrx_word' id='word_1_43' title='bbox 767 691 839 774; x_wconf 83' lang='lat' dir='ltr'><strong>legis</strong></span> <span class='ocrx_word' id='word_1_44' title='bbox 856 690 1063 776; x_wconf 88' lang='lat' dir='ltr'><strong>praescriptum</strong></span> <span class='ocrx_word' id='word_1_45' title='bbox 1080 714 1115 754; x_wconf 85' lang='lat' dir='ltr'><strong>ac</strong></span> <span class='ocrx_word' id='word_1_46' title='bbox 1131 690 1251 756; x_wconf 86' lang='lat' dir='ltr'><strong>ludaeo-</strong></span> 
     </span>
     <span class='ocr_line' id='line_1_6' title="bbox 108 789 1250 878; baseline -0.002 -20"><span class='ocrx_word' id='word_1_47' title='bbox 108 815 171 858; x_wconf 88' lang='lat' dir='ltr'><strong>rum</strong></span> <span class='ocrx_word' id='word_1_48' title='bbox 199 815 280 858; x_wconf 86' lang='lat' dir='ltr'><strong>more</strong></span> <span class='ocrx_word' id='word_1_49' title='bbox 303 795 398 857; x_wconf 83' lang='lat' dir='ltr'><strong>omnia</strong></span> <span class='ocrx_word' id='word_1_50' title='bbox 422 813 476 856; x_wconf 82' lang='lat' dir='ltr'><strong>sua</strong></span> <span class='ocrx_word' id='word_1_51' title='bbox 502 793 636 876; x_wconf 76' lang='lat' dir='ltr'><strong>logmata</strong></span> <span class='ocrx_word' id='word_1_52' title='bbox 660 793 847 878; x_wconf 83' lang='lat' dir='ltr'><strong>profitentur,</strong></span> <span class='ocrx_word' id='word_1_53' title='bbox 871 791 927 854; x_wconf 90' lang='lat' dir='ltr'><strong>nisi</strong></span> <span class='ocrx_word' id='word_1_54' title='bbox 952 793 1026 874; x_wconf 83' lang='lat' dir='ltr'><strong>qnod</strong></span> <span class='ocrx_word' id='word_1_55' title='bbox 1051 793 1080 854; x_wconf 93' lang='lat' dir='ltr'><strong>in</strong></span> <span class='ocrx_word' id='word_1_56' title='bbox 1103 789 1250 858; x_wconf 90' lang='lat' dir='ltr'><strong>Christum</strong></span> 
     </span>
     <span class='ocr_line' id='line_1_7' title="bbox 108 892 1251 980; baseline -0.002 -22"><span class='ocrx_word' id='word_1_57' title='bbox 108 895 244 958; x_wconf 74' lang='lat' dir='ltr'><strong>endunt.</strong></span> <span class='ocrx_word' id='word_1_58' title='bbox 288 892 366 958; x_wconf 87' lang='lat' dir='ltr'><strong>Nom</strong></span> <span class='ocrx_word' id='word_1_59' title='bbox 385 906 415 956; x_wconf 88' lang='lat' dir='ltr'><strong>et</strong></span> <span class='ocrx_word' id='word_1_60' title='bbox 435 905 566 957; x_wconf 89' lang='lat' dir='ltr'><strong>mortuos</strong></span> <span class='ocrx_word' id='word_1_61' title='bbox 584 893 708 958; x_wconf 82' lang='lat' dir='ltr'><strong>excitari</strong></span> <span class='ocrx_word' id='word_1_62' title='bbox 731 903 848 978; x_wconf 88' lang='lat' dir='ltr'><strong>putant,</strong></span> <span class='ocrx_word' id='word_1_63' title='bbox 872 902 903 955; x_wconf 88' lang='lat' dir='ltr'><strong>et</strong></span> <span class='ocrx_word' id='word_1_64' title='bbox 918 914 935 955; x_wconf 89' lang='lat' dir='ltr'><strong>a</strong></span> <span class='ocrx_word' id='word_1_65' title='bbox 953 894 1007 954; x_wconf 86' lang='lat' dir='ltr'><strong>deo</strong></span> <span class='ocrx_word' id='word_1_66' title='bbox 1024 893 1162 957; x_wconf 85' lang='lat' dir='ltr'><strong>universa</strong></span> <span class='ocrx_word' id='word_1_67' title='bbox 1185 916 1251 980; x_wconf 79' lang='lat' dir='ltr'><strong>pro-</strong></span> 
     </span>
     <span class='ocr_line' id='line_1_8' title="bbox 106 991 1249 1078; baseline 0 -20"><span class='ocrx_word' id='word_1_68' title='bbox 106 997 203 1059; x_wconf 81' lang='lat' dir='ltr'><strong>ducta.</strong></span> <span class='ocrx_word' id='word_1_69' title='bbox 237 991 333 1060; x_wconf 83' lang='lat' dir='ltr'><strong>Unum</strong></span> <span class='ocrx_word' id='word_1_70' title='bbox 350 1015 415 1058; x_wconf 88' lang='lat' dir='ltr'><strong>esse</strong></span> <span class='ocrx_word' id='word_1_71' title='bbox 433 996 529 1073; x_wconf 84' lang='lat' dir='ltr'><strong>deum,</strong></span> <span class='ocrx_word' id='word_1_72' title='bbox 554 995 674 1078; x_wconf 86' lang='lat' dir='ltr'><strong>eiusque</strong></span> <span class='ocrx_word' id='word_1_73' title='bbox 689 993 775 1058; x_wconf 81' lang='lat' dir='ltr'><strong>fllium</strong></span> <span class='ocrx_word' id='word_1_74' title='bbox 794 992 889 1057; x_wconf 89' lang='lat' dir='ltr'><strong>lesum</strong></span> <span class='ocrx_word' id='word_1_75' title='bbox 905 991 1053 1057; x_wconf 77' lang='lat' dir='ltr'><strong>Christum</strong></span> <span class='ocrx_word' id='word_1_76' title='bbox 1071 995 1249 1078; x_wconf 87' lang='lat' dir='ltr'><strong>praedicunt.</strong></span> 
     </span>
     <span class='ocr_line' id='line_1_9' title="bbox 110 1095 1251 1180; baseline -0.001 -20"><span class='ocrx_word' id='word_1_77' title='bbox 110 1095 276 1160; x_wconf 85' lang='lat' dir='ltr'><strong>Hebraioae</strong></span> <span class='ocrx_word' id='word_1_78' title='bbox 292 1117 364 1160; x_wconf 88' lang='lat' dir='ltr'><strong>vero</strong></span> <span class='ocrx_word' id='word_1_79' title='bbox 379 1095 495 1180; x_wconf 83' lang='lat' dir='ltr'><strong>linguae</strong></span> <span class='ocrx_word' id='word_1_80' title='bbox 511 1095 698 1158; x_wconf 67' lang='lat' dir='ltr'><strong>scientissimi</strong></span> <span class='ocrx_word' id='word_1_81' title='bbox 715 1107 800 1174; x_wconf 80' lang='lat' dir='ltr'><strong>sunt3</strong></span> <span class='ocrx_word' id='word_1_82' title='bbox 825 1117 859 1158; x_wconf 86' lang='lat' dir='ltr'><strong>ac</strong></span> <span class='ocrx_word' id='word_1_83' title='bbox 877 1116 942 1158; x_wconf 88' lang='lat' dir='ltr'><strong>oum</strong></span> <span class='ocrx_word' id='word_1_84' title='bbox 961 1095 1095 1159; x_wconf 85' lang='lat' dir='ltr'><strong>universa</strong></span> <span class='ocrx_word' id='word_1_85' title='bbox 1112 1096 1161 1159; x_wconf 85' lang='lat' dir='ltr'><strong>lex</strong></span> <span class='ocrx_word' id='word_1_86' title='bbox 1177 1097 1251 1180; x_wconf 89' lang='lat' dir='ltr'><strong>aputl</strong></span> 
     </span>
     <span class='ocr_line' id='line_1_10' title="bbox 108 1194 1252 1282; baseline 0.003 -23"><span class='ocrx_word' id='word_1_87' title='bbox 108 1197 191 1277; x_wconf 85' lang='lat' dir='ltr'><strong>illos,</strong></span> <span class='ocrx_word' id='word_1_88' title='bbox 218 1208 276 1260; x_wconf 88' lang='lat' dir='ltr'><strong>tum</strong></span> <span class='ocrx_word' id='word_1_89' title='bbox 296 1197 453 1282; x_wconf 85' lang='lat' dir='ltr'><strong>prophetae</strong></span> <span class='ocrx_word' id='word_1_90' title='bbox 471 1207 502 1260; x_wconf 86' lang='lat' dir='ltr'><strong>et</strong></span> <span class='ocrx_word' id='word_1_91' title='bbox 517 1197 729 1282; x_wconf 73' lang='lat' dir='ltr'><strong>hagiographa,</strong></span> <span class='ocrx_word' id='word_1_92' title='bbox 754 1198 809 1260; x_wconf 91' lang='lat' dir='ltr'><strong>hoc</strong></span> <span class='ocrx_word' id='word_1_93' title='bbox 830 1207 875 1260; x_wconf 89' lang='lat' dir='ltr'><strong>est</strong></span> <span class='ocrx_word' id='word_1_94' title='bbox 896 1194 963 1259; x_wconf 87' lang='lat' dir='ltr'><strong>libri</strong></span> <span class='ocrx_word' id='word_1_95' title='bbox 985 1195 1024 1261; x_wconf 92' lang='lat' dir='ltr'><strong>illi</strong></span> <span class='ocrx_word' id='word_1_96' title='bbox 1048 1195 1096 1279; x_wconf 93' lang='lat' dir='ltr'><strong>qni</strong></span> <span class='ocrx_word' id='word_1_97' title='bbox 1118 1196 1252 1262; x_wconf 90' lang='lat' dir='ltr'><strong>versibus</strong></span> 
     </span>
     <span class='ocr_line' id='line_1_11' title="bbox 109 1295 1252 1383; baseline -0.002 -21"><span class='ocrx_word' id='word_1_98' title='bbox 109 1299 238 1364; x_wconf 81' lang='lat' dir='ltr'><strong>distincti</strong></span> <span class='ocrx_word' id='word_1_99' title='bbox 261 1310 346 1377; x_wconf 92' lang='lat' dir='ltr'><strong>sunt,</strong></span> <span class='ocrx_word' id='word_1_100' title='bbox 369 1309 401 1362; x_wconf 87' lang='lat' dir='ltr'><strong>et</strong></span> <span class='ocrx_word' id='word_1_101' title='bbox 419 1299 594 1383; x_wconf 83' lang='lat' dir='ltr'><strong>prophetae,</strong></span> <span class='ocrx_word' id='word_1_102' title='bbox 617 1296 856 1382; x_wconf 86' lang='lat' dir='ltr'><strong>Paralipomena,</strong></span> <span class='ocrx_word' id='word_1_103' title='bbox 881 1295 1005 1375; x_wconf 87' lang='lat' dir='ltr'><strong>Esther,</strong></span> <span class='ocrx_word' id='word_1_104' title='bbox 1028 1307 1202 1381; x_wconf 85' lang='lat' dir='ltr'><strong>caeteraque</strong></span> <span class='ocrx_word' id='word_1_105' title='bbox 1223 1299 1252 1360; x_wconf 84' lang='lat' dir='ltr'><strong>it</strong></span> 
     </span>
     <span class='ocr_line' id='line_1_12' title="bbox 108 1394 1252 1484; baseline -0.002 -20"><span class='ocrx_word' id='word_1_106' title='bbox 108 1421 203 1484; x_wconf 78' lang='lat' dir='ltr'><strong>genus</strong></span> <span class='ocrx_word' id='word_1_107' title='bbox 221 1397 366 1464; x_wconf 75' lang='lat' dir='ltr'><strong>Hebraico</strong></span> <span class='ocrx_word' id='word_1_108' title='bbox 386 1411 418 1463; x_wconf 88' lang='lat' dir='ltr'><strong>ut</strong></span> <span class='ocrx_word' id='word_1_109' title='bbox 434 1411 464 1462; x_wconf 87' lang='lat' dir='ltr'><strong>ct</strong></span> <span class='ocrx_word' id='word_1_110' title='bbox 480 1421 496 1462; x_wconf 90' lang='lat' dir='ltr'><strong>a</strong></span> <span class='ocrx_word' id='word_1_111' title='bbox 513 1398 627 1462; x_wconf 86' lang='lat' dir='ltr'><strong>ludaeis</strong></span> <span class='ocrx_word' id='word_1_112' title='bbox 643 1401 789 1482; x_wconf 79' lang='lat' dir='ltr'><strong>leguntur.</strong></span> <span class='ocrx_word' id='word_1_113' title='bbox 834 1397 899 1462; x_wconf 89' lang='lat' dir='ltr'><strong>Hoc</strong></span> <span class='ocrx_word' id='word_1_114' title='bbox 915 1399 1003 1482; x_wconf 76' lang='lat' dir='ltr'><strong>igitur</strong></span> <span class='ocrx_word' id='word_1_115' title='bbox 1019 1420 1076 1462; x_wconf 92' lang='lat' dir='ltr'><strong>uno</strong></span> <span class='ocrx_word' id='word_1_116' title='bbox 1093 1408 1150 1461; x_wconf 76' lang='lat' dir='ltr'><strong>um</strong></span> <span class='ocrx_word' id='word_1_117' title='bbox 1172 1394 1252 1462; x_wconf 83' lang='lat' dir='ltr'><strong>alu·</strong></span> 
     </span>
     <span class='ocr_line' id='line_1_13' title="bbox 108 1495 1251 1586; baseline -0.002 -22"><span class='ocrx_word' id='word_1_118' title='bbox 108 1503 190 1565; x_wconf 80' lang='lat' dir='ltr'><strong>clasis</strong></span> <span class='ocrx_word' id='word_1_119' title='bbox 206 1523 292 1586; x_wconf 90' lang='lat' dir='ltr'><strong>quam</strong></span> <span class='ocrx_word' id='word_1_120' title='bbox 308 1497 512 1566; x_wconf 90' lang='lat' dir='ltr'><strong>aChristiauis</strong></span> <span class='ocrx_word' id='word_1_121' title='bbox 529 1501 683 1579; x_wconf 73' lang='lat' dir='ltr'><strong>differuntq</strong></span> <span class='ocrx_word' id='word_1_122' title='bbox 702 1501 738 1563; x_wconf 89' lang='lat' dir='ltr'><strong>ab</strong></span> <span class='ocrx_word' id='word_1_123' title='bbox 753 1501 809 1564; x_wconf 90' lang='lat' dir='ltr'><strong>illis</strong></span> <span class='ocrx_word' id='word_1_124' title='bbox 824 1501 950 1584; x_wconf 87' lang='lat' dir='ltr'><strong>quidem,</strong></span> <span class='ocrx_word' id='word_1_125' title='bbox 969 1501 1043 1582; x_wconf 88' lang='lat' dir='ltr'><strong>quod</strong></span> <span class='ocrx_word' id='word_1_126' title='bbox 1060 1499 1090 1562; x_wconf 88' lang='lat' dir='ltr'><strong>iu</strong></span> <span class='ocrx_word' id='word_1_127' title='bbox 1102 1495 1251 1564; x_wconf 76' lang='lat' dir='ltr'><strong>Christum</strong></span> 
     </span>
     <span class='ocr_line' id='line_1_14' title="bbox 108 1599 1249 1686; baseline -0.001 -21"><span class='ocrx_word' id='word_1_128' title='bbox 108 1605 242 1680; x_wconf 82' lang='lat' dir='ltr'><strong>credaut,</strong></span> <span class='ocrx_word' id='word_1_129' title='bbox 266 1599 475 1668; x_wconf 85' lang='lat' dir='ltr'><strong>aCbristianis</strong></span> <span class='ocrx_word' id='word_1_130' title='bbox 494 1622 578 1679; x_wconf 86' lang='lat' dir='ltr'><strong>vero,</strong></span> <span class='ocrx_word' id='word_1_131' title='bbox 602 1605 677 1686; x_wconf 89' lang='lat' dir='ltr'><strong>quod</strong></span> <span class='ocrx_word' id='word_1_132' title='bbox 693 1599 817 1666; x_wconf 75' lang='lat' dir='ltr'><strong>ludricis</strong></span> <span class='ocrx_word' id='word_1_133' title='bbox 831 1601 923 1664; x_wconf 80' lang='lat' dir='ltr'><strong>atlhuh</strong></span> <span class='ocrx_word' id='word_1_134' title='bbox 939 1600 1041 1664; x_wconf 91' lang='lat' dir='ltr'><strong>ritihus</strong></span> <span class='ocrx_word' id='word_1_135' title='bbox 1055 1599 1249 1684; x_wconf 77' lang='lat' dir='ltr'><strong>implicentur,</strong></span> 
     </span>
     <span class='ocr_line' id='line_1_15' title="bbox 112 1697 1252 1786; baseline 0 -22"><span class='ocrx_word' id='word_1_136' title='bbox 112 1705 194 1768; x_wconf 81' lang='lat' dir='ltr'><strong>velut</strong></span> <span class='ocrx_word' id='word_1_137' title='bbox 211 1703 445 1782; x_wconf 82' lang='lat' dir='ltr'><strong>circumcisione,</strong></span> <span class='ocrx_word' id='word_1_138' title='bbox 469 1703 602 1782; x_wconf 90' lang='lat' dir='ltr'><strong>sabbato,</strong></span> <span class='ocrx_word' id='word_1_139' title='bbox 624 1703 746 1786; x_wconf 88' lang='lat' dir='ltr'><strong>aliisque</strong></span> <span class='ocrx_word' id='word_1_140' title='bbox 762 1701 948 1766; x_wconf 87' lang='lat' dir='ltr'><strong>ceremoniis.</strong></span> <span class='ocrx_word' id='word_1_141' title='bbox 984 1699 1030 1764; x_wconf 86' lang='lat' dir='ltr'><strong>lle</strong></span> <span class='ocrx_word' id='word_1_142' title='bbox 1045 1697 1164 1765; x_wconf 88' lang='lat' dir='ltr'><strong>Christo</strong></span> <span class='ocrx_word' id='word_1_143' title='bbox 1180 1722 1252 1765; x_wconf 86' lang='lat' dir='ltr'><strong>vero</strong></span> 
     </span>
     <span class='ocr_line' id='line_1_16' title="bbox 111 1800 1251 1889; baseline -0.002 -21"><span class='ocrx_word' id='word_1_144' title='bbox 111 1815 194 1868; x_wconf 86' lang='lat' dir='ltr'><strong>certo</strong></span> <span class='ocrx_word' id='word_1_145' title='bbox 217 1803 285 1868; x_wconf 89' lang='lat' dir='ltr'><strong>illud</strong></span> <span class='ocrx_word' id='word_1_146' title='bbox 305 1805 446 1868; x_wconf 89' lang='lat' dir='ltr'><strong>affirmare</strong></span> <span class='ocrx_word' id='word_1_147' title='bbox 466 1825 596 1889; x_wconf 86' lang='lat' dir='ltr'><strong>nequeo,</strong></span> <span class='ocrx_word' id='word_1_148' title='bbox 620 1816 715 1867; x_wconf 88' lang='lat' dir='ltr'><strong>utrum</strong></span> <span class='ocrx_word' id='word_1_149' title='bbox 733 1800 865 1868; x_wconf 90' lang='lat' dir='ltr'><strong>Cerinthi</strong></span> <span class='ocrx_word' id='word_1_150' title='bbox 886 1803 934 1865; x_wconf 88' lang='lat' dir='ltr'><strong>vel</strong></span> <span class='ocrx_word' id='word_1_151' title='bbox 948 1801 1088 1866; x_wconf 88' lang='lat' dir='ltr'><strong>Merintbi</strong></span> <span class='ocrx_word' id='word_1_152' title='bbox 1108 1803 1251 1889; x_wconf 70' lang='lat' dir='ltr'><strong>impietate</strong></span> 
     </span>
     <span class='ocr_line' id='line_1_17' title="bbox 109 1904 1253 1990; baseline 0 -22"><span class='ocrx_word' id='word_1_153' title='bbox 109 1907 158 1969; x_wconf 90' lang='lat' dir='ltr'><strong>illa</strong></span> <span class='ocrx_word' id='word_1_154' title='bbox 177 1905 309 1990; x_wconf 88' lang='lat' dir='ltr'><strong>decepti,</strong></span> <span class='ocrx_word' id='word_1_155' title='bbox 334 1904 492 1990; x_wconf 88' lang='lat' dir='ltr'><strong>simplicem</strong></span> <span class='ocrx_word' id='word_1_156' title='bbox 512 1906 592 1969; x_wconf 87' lang='lat' dir='ltr'><strong>illum</strong></span> <span class='ocrx_word' id='word_1_157' title='bbox 615 1905 761 1969; x_wconf 87' lang='lat' dir='ltr'><strong>bominem</strong></span> <span class='ocrx_word' id='word_1_158' title='bbox 783 1913 970 1983; x_wconf 88' lang='lat' dir='ltr'><strong>asseverent,</strong></span> <span class='ocrx_word' id='word_1_159' title='bbox 993 1925 1029 1966; x_wconf 89' lang='lat' dir='ltr'><strong>an</strong></span> <span class='ocrx_word' id='word_1_160' title='bbox 1052 1904 1092 1966; x_wconf 91' lang='lat' dir='ltr'><strong>uti</strong></span> <span class='ocrx_word' id='word_1_161' title='bbox 1115 1925 1182 1968; x_wconf 89' lang='lat' dir='ltr'><strong>sese</strong></span> <span class='ocrx_word' id='word_1_162' title='bbox 1203 1925 1253 1968; x_wconf 89' lang='lat' dir='ltr'><strong>res</strong></span> 
     </span>
     <span class='ocr_line' id='line_1_18' title="bbox 110 2003 1254 2091; baseline -0.002 -21"><span class='ocrx_word' id='word_1_163' title='bbox 110 2008 214 2084; x_wconf 80' lang='lat' dir='ltr'><strong>hahet,</strong></span> <span class='ocrx_word' id='word_1_164' title='bbox 239 2006 439 2091; x_wconf 85' lang='lat' dir='ltr'><strong>perspiritum</strong></span> <span class='ocrx_word' id='word_1_165' title='bbox 458 2017 590 2070; x_wconf 87' lang='lat' dir='ltr'><strong>sanctum</strong></span> <span class='ocrx_word' id='word_1_166' title='bbox 612 2008 649 2070; x_wconf 88' lang='lat' dir='ltr'><strong>tle</strong></span> <span class='ocrx_word' id='word_1_167' title='bbox 665 2003 761 2070; x_wconf 85' lang='lat' dir='ltr'><strong>Maria</strong></span> <span class='ocrx_word' id='word_1_168' title='bbox 778 2006 891 2088; x_wconf 81' lang='lat' dir='ltr'><strong>virgine</strong></span> <span class='ocrx_word' id='word_1_169' title='bbox 910 2006 1039 2088; x_wconf 82' lang='lat' dir='ltr'><strong>genitum</strong></span> <span class='ocrx_word' id='word_1_170' title='bbox 1057 2025 1124 2068; x_wconf 87' lang='lat' dir='ltr'><strong>asse</strong></span> <span class='ocrx_word' id='word_1_171' title='bbox 1143 2006 1254 2068; x_wconf 88' lang='lat' dir='ltr'><strong>latean-</strong></span> 
     </span>
     <span class='ocr_line' id='line_1_19' title="bbox 110 2104 1254 2190; baseline -0.003 -18"><span class='ocrx_word' id='word_1_172' title='bbox 110 2120 167 2173; x_wconf 87' lang='lat' dir='ltr'><strong>tur.</strong></span> <span class='ocrx_word' id='word_1_173' title='bbox 208 2104 367 2173; x_wconf 75' lang='lat' dir='ltr'><strong>Caeterum</strong></span> <span class='ocrx_word' id='word_1_174' title='bbox 384 2110 455 2172; x_wconf 89' lang='lat' dir='ltr'><strong>haec</strong></span> <span class='ocrx_word' id='word_1_175' title='bbox 470 2107 691 2172; x_wconf 82' lang='lat' dir='ltr'><strong>Nazaraeorom</strong></span> <span class='ocrx_word' id='word_1_176' title='bbox 708 2117 789 2170; x_wconf 83' lang='lat' dir='ltr'><strong>secta</strong></span> <span class='ocrx_word' id='word_1_177' title='bbox 806 2107 836 2170; x_wconf 92' lang='lat' dir='ltr'><strong>in</strong></span> <span class='ocrx_word' id='word_1_178' title='bbox 855 2104 1014 2170; x_wconf 86' lang='lat' dir='ltr'><strong>Beroeensi</strong></span> <span class='ocrx_word' id='word_1_179' title='bbox 1032 2105 1150 2170; x_wconf 86' lang='lat' dir='ltr'><strong>civitate</strong></span> <span class='ocrx_word' id='word_1_180' title='bbox 1164 2105 1254 2190; x_wconf 90' lang='lat' dir='ltr'><strong>potis-</strong></span> 
     </span>
     <span class='ocr_line' id='line_1_20' title="bbox 111 2204 1255 2295; baseline -0.002 -21"><span class='ocrx_word' id='word_1_181' title='bbox 111 2209 218 2274; x_wconf 87' lang='lat' dir='ltr'><strong>simum</strong></span> <span class='ocrx_word' id='word_1_182' title='bbox 235 2209 327 2293; x_wconf 81' lang='lat' dir='ltr'><strong>viget,</strong></span> <span class='ocrx_word' id='word_1_183' title='bbox 351 2231 385 2271; x_wconf 91' lang='lat' dir='ltr'><strong>ac</strong></span> <span class='ocrx_word' id='word_1_184' title='bbox 400 2206 511 2274; x_wconf 87' lang='lat' dir='ltr'><strong>Coelen</strong></span> <span class='ocrx_word' id='word_1_185' title='bbox 527 2207 656 2295; x_wconf 88' lang='lat' dir='ltr'><strong>Syriam,</strong></span> <span class='ocrx_word' id='word_1_186' title='bbox 679 2219 766 2293; x_wconf 92' lang='lat' dir='ltr'><strong>atque</strong></span> <span class='ocrx_word' id='word_1_187' title='bbox 783 2208 869 2271; x_wconf 89' lang='lat' dir='ltr'><strong>etiam</strong></span> <span class='ocrx_word' id='word_1_188' title='bbox 886 2207 915 2270; x_wconf 90' lang='lat' dir='ltr'><strong>iu</strong></span> <span class='ocrx_word' id='word_1_189' title='bbox 929 2204 1070 2291; x_wconf 85' lang='lat' dir='ltr'><strong>Decapoli</strong></span> <span class='ocrx_word' id='word_1_190' title='bbox 1088 2207 1171 2271; x_wconf 84' lang='lat' dir='ltr'><strong>iuxta</strong></span> <span class='ocrx_word' id='word_1_191' title='bbox 1186 2205 1255 2272; x_wconf 86' lang='lat' dir='ltr'><strong>Pel-</strong></span> 
     </span>
     <span class='ocr_line' id='line_1_21' title="bbox 111 2305 1253 2394; baseline -0.002 -20"><span class='ocrx_word' id='word_1_192' title='bbox 111 2311 181 2390; x_wconf 77' lang='lat' dir='ltr'><strong>tan,</strong></span> <span class='ocrx_word' id='word_1_193' title='bbox 206 2321 236 2374; x_wconf 87' lang='lat' dir='ltr'><strong>et</strong></span> <span class='ocrx_word' id='word_1_194' title='bbox 249 2309 278 2374; x_wconf 94' lang='lat' dir='ltr'><strong>in</strong></span> <span class='ocrx_word' id='word_1_195' title='bbox 290 2308 470 2389; x_wconf 74' lang='lat' dir='ltr'><strong>basanitide,</strong></span> <span class='ocrx_word' id='word_1_196' title='bbox 495 2311 523 2374; x_wconf 91' lang='lat' dir='ltr'><strong>in</strong></span> <span class='ocrx_word' id='word_1_197' title='bbox 538 2329 661 2394; x_wconf 87' lang='lat' dir='ltr'><strong>eaquae</strong></span> <span class='ocrx_word' id='word_1_198' title='bbox 675 2310 764 2393; x_wconf 79' lang='lat' dir='ltr'><strong>vulgo</strong></span> <span class='ocrx_word' id='word_1_199' title='bbox 776 2305 905 2386; x_wconf 83' lang='lat' dir='ltr'><strong>Cooahe,</strong></span> <span class='ocrx_word' id='word_1_200' title='bbox 925 2306 1071 2372; x_wconf 87' lang='lat' dir='ltr'><strong>Hebraico</strong></span> <span class='ocrx_word' id='word_1_201' title='bbox 1084 2305 1253 2385; x_wconf 87' lang='lat' dir='ltr'><strong>Chnohabo,</strong></span> 
     </span>
     <span class='ocr_line' id='line_1_22' title="bbox 111 2409 1254 2497; baseline -0.002 -21"><span class='ocrx_word' id='word_1_202' title='bbox 111 2413 228 2477; x_wconf 83' lang='lat' dir='ltr'><strong>dieitur.</strong></span> <span class='ocrx_word' id='word_1_203' title='bbox 262 2409 339 2476; x_wconf 89' lang='lat' dir='ltr'><strong>Hinc</strong></span> <span class='ocrx_word' id='word_1_204' title='bbox 358 2411 434 2476; x_wconf 87' lang='lat' dir='ltr'><strong>enim</strong></span> <span class='ocrx_word' id='word_1_205' title='bbox 451 2413 607 2497; x_wconf 90' lang='lat' dir='ltr'><strong>postillam</strong></span> <span class='ocrx_word' id='word_1_206' title='bbox 626 2411 661 2474; x_wconf 92' lang='lat' dir='ltr'><strong>ab</strong></span> <span class='ocrx_word' id='word_1_207' title='bbox 677 2410 891 2495; x_wconf 80' lang='lat' dir='ltr'><strong>Hierosolymis</strong></span> <span class='ocrx_word' id='word_1_208' title='bbox 906 2410 1116 2486; x_wconf 83' lang='lat' dir='ltr'><strong>secessionem,</strong></span> <span class='ocrx_word' id='word_1_209' title='bbox 1140 2409 1254 2474; x_wconf 85' lang='lat' dir='ltr'><strong>illorum</strong></span> 
     </span>
    </p>
   </div>
   <div class='ocr_carea' id='block_1_3' title="bbox 112 2507 1256 3005">
    <p class='ocr_par' dir='ltr' id='par_1_3' title="bbox 112 2507 1256 3005">
     <span class='ocr_line' id='line_1_23' title="bbox 112 2507 1255 2598; baseline -0.003 -20"><span class='ocrx_word' id='word_1_210' title='bbox 112 2513 195 2578; x_wconf 86' lang='lat' dir='ltr'><strong>initia</strong></span> <span class='ocrx_word' id='word_1_211' title='bbox 210 2515 341 2598; x_wconf 86' lang='lat' dir='ltr'><strong>proiecta</strong></span> <span class='ocrx_word' id='word_1_212' title='bbox 355 2525 435 2592; x_wconf 83' lang='lat' dir='ltr'><strong>snttt,</strong></span> <span class='ocrx_word' id='word_1_213' title='bbox 455 2536 519 2578; x_wconf 89' lang='lat' dir='ltr'><strong>cum</strong></span> <span class='ocrx_word' id='word_1_214' title='bbox 533 2512 634 2578; x_wconf 84' lang='lat' dir='ltr'><strong>Pellae</strong></span> <span class='ocrx_word' id='word_1_215' title='bbox 649 2512 780 2598; x_wconf 88' lang='lat' dir='ltr'><strong>discipuli</strong></span> <span class='ocrx_word' id='word_1_216' title='bbox 797 2531 898 2574; x_wconf 91' lang='lat' dir='ltr'><strong>omncs</strong></span> <span class='ocrx_word' id='word_1_217' title='bbox 914 2511 1088 2588; x_wconf 87' lang='lat' dir='ltr'><strong>habitarent,</strong></span> <span class='ocrx_word' id='word_1_218' title='bbox 1106 2532 1123 2573; x_wconf 92' lang='lat' dir='ltr'><strong>a</strong></span> <span class='ocrx_word' id='word_1_219' title='bbox 1136 2507 1255 2576; x_wconf 88' lang='lat' dir='ltr'><strong>Christo</strong></span> 
     </span>
     <span class='ocr_line' id='line_1_24' title="bbox 113 2612 1255 2700; baseline -0.002 -22"><span class='ocrx_word' id='word_1_220' title='bbox 113 2617 149 2678; x_wconf 87' lang='lat' dir='ltr'><strong>de</strong></span> <span class='ocrx_word' id='word_1_221' title='bbox 167 2614 357 2699; x_wconf 86' lang='lat' dir='ltr'><strong>relinquenda</strong></span> <span class='ocrx_word' id='word_1_222' title='bbox 375 2613 646 2700; x_wconf 83' lang='lat' dir='ltr'><strong>Hierosolymorum</strong></span> <span class='ocrx_word' id='word_1_223' title='bbox 661 2614 732 2677; x_wconf 84' lang='lat' dir='ltr'><strong>urhe</strong></span> <span class='ocrx_word' id='word_1_224' title='bbox 748 2613 955 2696; x_wconf 78' lang='lat' dir='ltr'><strong>migranteque</strong></span> <span class='ocrx_word' id='word_1_225' title='bbox 972 2612 1156 2697; x_wconf 88' lang='lat' dir='ltr'><strong>praemoniti,</strong></span> <span class='ocrx_word' id='word_1_226' title='bbox 1179 2613 1255 2696; x_wconf 80' lang='lat' dir='ltr'><strong>quntl</strong></span> 
     </span>
     <span class='ocr_line' id='line_1_25' title="bbox 113 2712 1255 2800; baseline -0.004 -20"><span class='ocrx_word' id='word_1_227' title='bbox 113 2718 178 2780; x_wconf 89' lang='lat' dir='ltr'><strong>eius</strong></span> <span class='ocrx_word' id='word_1_228' title='bbox 197 2717 362 2780; x_wconf 86' lang='lat' dir='ltr'><strong>immineret</strong></span> <span class='ocrx_word' id='word_1_229' title='bbox 385 2716 509 2780; x_wconf 83' lang='lat' dir='ltr'><strong>obsidio.</strong></span> <span class='ocrx_word' id='word_1_230' title='bbox 555 2715 621 2799; x_wconf 84' lang='lat' dir='ltr'><strong>Qua</strong></span> <span class='ocrx_word' id='word_1_231' title='bbox 642 2715 756 2800; x_wconf 80' lang='lat' dir='ltr'><strong>qnidam</strong></span> <span class='ocrx_word' id='word_1_232' title='bbox 777 2716 932 2778; x_wconf 77' lang='lat' dir='ltr'><strong>occasione</strong></span> <span class='ocrx_word' id='word_1_233' title='bbox 957 2714 1063 2777; x_wconf 90' lang='lat' dir='ltr'><strong>lactum</strong></span> <span class='ocrx_word' id='word_1_234' title='bbox 1086 2722 1148 2790; x_wconf 86' lang='lat' dir='ltr'><strong>est,</strong></span> <span class='ocrx_word' id='word_1_235' title='bbox 1173 2725 1205 2776; x_wconf 86' lang='lat' dir='ltr'><strong>ut</strong></span> <span class='ocrx_word' id='word_1_236' title='bbox 1224 2712 1255 2776; x_wconf 92' lang='lat' dir='ltr'><strong>in</strong></span> 
     </span>
     <span class='ocr_line' id='line_1_26' title="bbox 113 2811 1256 2902; baseline 0.001 -23"><span class='ocrx_word' id='word_1_237' title='bbox 113 2813 227 2880; x_wconf 89' lang='lat' dir='ltr'><strong>Peraea</strong></span> <span class='ocrx_word' id='word_1_238' title='bbox 250 2817 287 2881; x_wconf 90' lang='lat' dir='ltr'><strong>iis</strong></span> <span class='ocrx_word' id='word_1_239' title='bbox 310 2817 413 2902; x_wconf 86' lang='lat' dir='ltr'><strong>quibus</strong></span> <span class='ocrx_word' id='word_1_240' title='bbox 438 2817 565 2882; x_wconf 80' lang='lat' dir='ltr'><strong>diximus</strong></span> <span class='ocrx_word' id='word_1_241' title='bbox 591 2817 665 2880; x_wconf 86' lang='lat' dir='ltr'><strong>lonis</strong></span> <span class='ocrx_word' id='word_1_242' title='bbox 688 2817 839 2900; x_wconf 83' lang='lat' dir='ltr'><strong>degerent.</strong></span> <span class='ocrx_word' id='word_1_243' title='bbox 884 2812 1011 2899; x_wconf 86' lang='lat' dir='ltr'><strong>Indeque</strong></span> <span class='ocrx_word' id='word_1_244' title='bbox 1031 2811 1256 2880; x_wconf 85' lang='lat' dir='ltr'><strong>Nazaraeorum</strong></span> 
     </span>
     <span class='ocr_line' id='line_1_27' title="bbox 115 2915 671 3005; baseline -0.002 -22"><span class='ocrx_word' id='word_1_245' title='bbox 115 2917 246 2983; x_wconf 84' lang='lat' dir='ltr'><strong>haeresia</strong></span> <span class='ocrx_word' id='word_1_246' title='bbox 268 2915 337 2982; x_wconf 87' lang='lat' dir='ltr'><strong>suut</strong></span> <span class='ocrx_word' id='word_1_247' title='bbox 357 2919 481 2983; x_wconf 74' lang='lat' dir='ltr'><strong>deducta</strong></span> <span class='ocrx_word' id='word_1_248' title='bbox 502 2917 671 3005; x_wconf 80' lang='lat' dir='ltr'><strong>primordia.</strong></span> 
     </span>
    </p>
   </div>
   <div class='ocr_carea' id='block_1_4' title="bbox 114 3220 1408 4419">
    <p class='ocr_par' dir='ltr' id='par_1_4' title="bbox 114 3220 1408 4419">
     <span class='ocr_line' id='line_1_28' title="bbox 197 3220 1406 3306; baseline 0.002 -18"><span class='ocrx_word' id='word_1_249' title='bbox 197 3221 311 3288; x_wconf 89' lang='lat' dir='ltr'><strong>Verum</strong></span> <span class='ocrx_word' id='word_1_250' title='bbox 328 3233 360 3286; x_wconf 91' lang='lat' dir='ltr'><strong>et</strong></span> <span class='ocrx_word' id='word_1_251' title='bbox 378 3223 426 3287; x_wconf 89' lang='lat' dir='ltr'><strong>isti</strong></span> <span class='ocrx_word' id='word_1_252' title='bbox 445 3221 632 3286; x_wconf 88' lang='lat' dir='ltr'><strong>nibilominus</strong></span> <span class='ocrx_word' id='word_1_253' title='bbox 648 3223 802 3297; x_wconf 87' lang='lat' dir='ltr'><strong>aberrant,</strong></span> <span class='ocrx_word' id='word_1_254' title='bbox 826 3243 890 3285; x_wconf 88' lang='lat' dir='ltr'><strong>eum</strong></span> <span class='ocrx_word' id='word_1_255' title='bbox 906 3223 942 3286; x_wconf 87' lang='lat' dir='ltr'><strong>tle</strong></span> <span class='ocrx_word' id='word_1_256' title='bbox 960 3220 1182 3286; x_wconf 85' lang='lat' dir='ltr'><strong>circumcisione</strong></span> <span class='ocrx_word' id='word_1_257' title='bbox 1193 3221 1256 3306; x_wconf 74' lang='lat' dir='ltr'><strong>plo·</strong></span> <span class='ocrx_word' id='word_1_258' title='bbox 1275 3236 1406 3305; x_wconf 67' lang='lat' dir='ltr'><strong>cppvttt.</strong></span> 
     </span>
     <span class='ocr_line' id='line_1_29' title="bbox 114 3321 1257 3408; baseline -0.002 -20"><span class='ocrx_word' id='word_1_259' title='bbox 114 3325 246 3404; x_wconf 74' lang='lat' dir='ltr'><strong>rianturq</strong></span> <span class='ocrx_word' id='word_1_260' title='bbox 269 3335 299 3387; x_wconf 88' lang='lat' dir='ltr'><strong>et</strong></span> <span class='ocrx_word' id='word_1_261' title='bbox 314 3325 505 3390; x_wconf 81' lang='lat' dir='ltr'><strong>execratione</strong></span> <span class='ocrx_word' id='word_1_262' title='bbox 523 3324 607 3389; x_wconf 87' lang='lat' dir='ltr'><strong>etiam</strong></span> <span class='ocrx_word' id='word_1_263' title='bbox 628 3345 704 3387; x_wconf 90' lang='lat' dir='ltr'><strong>nuuc</strong></span> <span class='ocrx_word' id='word_1_264' title='bbox 719 3321 852 3387; x_wconf 87' lang='lat' dir='ltr'><strong>obstricti</strong></span> <span class='ocrx_word' id='word_1_265' title='bbox 868 3333 948 3400; x_wconf 91' lang='lat' dir='ltr'><strong>sunt,</strong></span> <span class='ocrx_word' id='word_1_266' title='bbox 971 3323 1046 3407; x_wconf 81' lang='lat' dir='ltr'><strong>quoti</strong></span> <span class='ocrx_word' id='word_1_267' title='bbox 1063 3323 1157 3406; x_wconf 78' lang='lat' dir='ltr'><strong>legem</strong></span> <span class='ocrx_word' id='word_1_268' title='bbox 1177 3323 1257 3408; x_wconf 88' lang='lat' dir='ltr'><strong>peni·</strong></span> 
     </span>
     <span class='ocr_line' id='line_1_30' title="bbox 115 3422 1256 3510; baseline -0.002 -20"><span class='ocrx_word' id='word_1_269' title='bbox 115 3437 163 3490; x_wconf 82' lang='lat' dir='ltr'><strong>tas</strong></span> <span class='ocrx_word' id='word_1_270' title='bbox 181 3427 343 3490; x_wconf 71' lang='lat' dir='ltr'><strong>observare</strong></span> <span class='ocrx_word' id='word_1_271' title='bbox 360 3436 517 3510; x_wconf 87' lang='lat' dir='ltr'><strong>nequeant.</strong></span> <span class='ocrx_word' id='word_1_272' title='bbox 563 3422 716 3508; x_wconf 82' lang='lat' dir='ltr'><strong>Quomodo</strong></span> <span class='ocrx_word' id='word_1_273' title='bbox 732 3425 810 3487; x_wconf 92' lang='lat' dir='ltr'><strong>enim</strong></span> <span class='ocrx_word' id='word_1_274' title='bbox 826 3423 899 3508; x_wconf 76' lang='lat' dir='ltr'><strong>legis</strong></span> <span class='ocrx_word' id='word_1_275' title='bbox 916 3424 1076 3488; x_wconf 80' lang='lat' dir='ltr'><strong>observare</strong></span> <span class='ocrx_word' id='word_1_276' title='bbox 1091 3425 1256 3489; x_wconf 79' lang='lat' dir='ltr'><strong>mandatum</strong></span> 
     </span>
     <span class='ocr_line' id='line_1_31' title="bbox 115 3526 1407 3611; baseline -0.002 -21"><span class='ocrx_word' id='word_1_277' title='bbox 115 3526 192 3590; x_wconf 86' lang='lat' dir='ltr'><strong>istud</strong></span> <span class='ocrx_word' id='word_1_278' title='bbox 215 3537 368 3611; x_wconf 78' lang='lat' dir='ltr'><strong>poterunts</strong></span> <span class='ocrx_word' id='word_1_279' title='bbox 402 3531 455 3590; x_wconf 82' lang='lat' dir='ltr'><strong>Ter</strong></span> <span class='ocrx_word' id='word_1_280' title='bbox 478 3531 626 3608; x_wconf 66' lang='lat' dir='ltr'><strong>anama</strong></span> <span class='ocrx_word' id='word_1_281' title='bbox 647 3527 794 3607; x_wconf 76' lang='lat' dir='ltr'><strong>apparabat</strong></span> <span class='ocrx_word' id='word_1_282' title='bbox 817 3547 910 3587; x_wconf 79' lang='lat' dir='ltr'><strong>eom</strong></span> <span class='ocrx_word' id='word_1_283' title='bbox 932 3529 1042 3588; x_wconf 67' lang='lat' dir='ltr'><strong>dommo</strong></span> <span class='ocrx_word' id='word_1_284' title='bbox 1066 3529 1116 3588; x_wconf 87' lang='lat' dir='ltr'><strong>deo</strong></span> <span class='ocrx_word' id='word_1_285' title='bbox 1138 3537 1185 3588; x_wconf 80' lang='lat' dir='ltr'><strong>tao</strong></span> <span class='ocrx_word' id='word_1_286' title='bbox 1202 3537 1407 3606; x_wconf 65' lang='lat' dir='ltr'><strong>perscrutata.</strong></span> 
     </span>
     <span class='ocr_line' id='line_1_32' title="bbox 114 3631 1258 3708; baseline -0.001 -19"><span class='ocrx_word' id='word_1_287' title='bbox 114 3649 279 3708; x_wconf 73' lang='lat' dir='ltr'><strong>azymorum</strong></span> <span class='ocrx_word' id='word_1_288' title='bbox 300 3633 375 3702; x_wconf 68' lang='lat' dir='ltr'><strong>nes,</strong></span> <span class='ocrx_word' id='word_1_289' title='bbox 405 3640 435 3689; x_wconf 86' lang='lat' dir='ltr'><strong>et</strong></span> <span class='ocrx_word' id='word_1_290' title='bbox 454 3633 661 3708; x_wconf 76' lang='lat' dir='ltr'><strong>scenopegiam,</strong></span> <span class='ocrx_word' id='word_1_291' title='bbox 691 3640 719 3690; x_wconf 86' lang='lat' dir='ltr'><strong>et</strong></span> <span class='ocrx_word' id='word_1_292' title='bbox 736 3639 930 3708; x_wconf 80' lang='lat' dir='ltr'><strong>pentecosten,</strong></span> <span class='ocrx_word' id='word_1_293' title='bbox 959 3631 989 3689; x_wconf 84' lang='lat' dir='ltr'><strong>r&#39;n</strong></span> <span class='ocrx_word' id='word_1_294' title='bbox 1006 3631 1258 3706; x_wconf 68' lang='lat' dir='ltr'><strong>Hierosolymitono</strong></span> 
     </span>
     <span class='ocr_line' id='line_1_33' title="bbox 119 3725 1258 3812; baseline -0.001 -21"><span class='ocrx_word' id='word_1_295' title='bbox 119 3733 205 3792; x_wconf 77' lang='lat' dir='ltr'><strong>ocor</strong></span> <span class='ocrx_word' id='word_1_296' title='bbox 248 3725 323 3794; x_wconf 88' lang='lat' dir='ltr'><strong>Cum</strong></span> <span class='ocrx_word' id='word_1_297' title='bbox 344 3729 420 3792; x_wconf 91' lang='lat' dir='ltr'><strong>enim</strong></span> <span class='ocrx_word' id='word_1_298' title='bbox 442 3729 491 3793; x_wconf 81' lang='lat' dir='ltr'><strong>lex</strong></span> <span class='ocrx_word' id='word_1_299' title='bbox 516 3729 671 3792; x_wconf 86' lang='lat' dir='ltr'><strong>interclusa</strong></span> <span class='ocrx_word' id='word_1_300' title='bbox 690 3729 744 3805; x_wconf 90' lang='lat' dir='ltr'><strong>sit,</strong></span> <span class='ocrx_word' id='word_1_301' title='bbox 769 3738 889 3811; x_wconf 82' lang='lat' dir='ltr'><strong>atquae</strong></span> <span class='ocrx_word' id='word_1_302' title='bbox 911 3729 947 3791; x_wconf 87' lang='lat' dir='ltr'><strong>ab</strong></span> <span class='ocrx_word' id='word_1_303' title='bbox 969 3747 1003 3792; x_wconf 88' lang='lat' dir='ltr'><strong>ea</strong></span> <span class='ocrx_word' id='word_1_304' title='bbox 1023 3727 1258 3812; x_wconf 86' lang='lat' dir='ltr'><strong>praescribuntur</strong></span> 
     </span>
     <span class='ocr_line' id='line_1_34' title="bbox 116 3828 1257 3916; baseline -0.002 -22"><span class='ocrx_word' id='word_1_305' title='bbox 116 3831 216 3916; x_wconf 86' lang='lat' dir='ltr'><strong>perlici</strong></span> <span class='ocrx_word' id='word_1_306' title='bbox 236 3831 357 3916; x_wconf 90' lang='lat' dir='ltr'><strong>emplius</strong></span> <span class='ocrx_word' id='word_1_307' title='bbox 376 3851 433 3894; x_wconf 92' lang='lat' dir='ltr'><strong>nnn</strong></span> <span class='ocrx_word' id='word_1_308' title='bbox 454 3831 582 3916; x_wconf 86' lang='lat' dir='ltr'><strong>possint,</strong></span> <span class='ocrx_word' id='word_1_309' title='bbox 607 3828 725 3893; x_wconf 88' lang='lat' dir='ltr'><strong>cuilibet</strong></span> <span class='ocrx_word' id='word_1_310' title='bbox 744 3829 876 3915; x_wconf 89' lang='lat' dir='ltr'><strong>prudenti</strong></span> <span class='ocrx_word' id='word_1_311' title='bbox 895 3830 1078 3916; x_wconf 85' lang='lat' dir='ltr'><strong>perspicuum</strong></span> <span class='ocrx_word' id='word_1_312' title='bbox 1103 3839 1149 3893; x_wconf 89' lang='lat' dir='ltr'><strong>est</strong></span> <span class='ocrx_word' id='word_1_313' title='bbox 1169 3831 1257 3893; x_wconf 86' lang='lat' dir='ltr'><strong>atlve·</strong></span> 
     </span>
     <span class='ocr_line' id='line_1_35' title="bbox 116 3929 1255 4016; baseline -0.004 -20"><span class='ocrx_word' id='word_1_314' title='bbox 116 3933 198 3997; x_wconf 87' lang='lat' dir='ltr'><strong>nisse</strong></span> <span class='ocrx_word' id='word_1_315' title='bbox 213 3929 374 4008; x_wconf 84' lang='lat' dir='ltr'><strong>Christum,</strong></span> <span class='ocrx_word' id='word_1_316' title='bbox 399 3953 457 3996; x_wconf 90' lang='lat' dir='ltr'><strong>non</strong></span> <span class='ocrx_word' id='word_1_317' title='bbox 471 3942 502 3994; x_wconf 95' lang='lat' dir='ltr'><strong>ut</strong></span> <span class='ocrx_word' id='word_1_318' title='bbox 517 3933 610 4015; x_wconf 86' lang='lat' dir='ltr'><strong>legem</strong></span> <span class='ocrx_word' id='word_1_319' title='bbox 626 3939 785 4009; x_wconf 86' lang='lat' dir='ltr'><strong>everteret,</strong></span> <span class='ocrx_word' id='word_1_320' title='bbox 808 3931 859 3993; x_wconf 89' lang='lat' dir='ltr'><strong>sed</strong></span> <span class='ocrx_word' id='word_1_321' title='bbox 875 3941 907 3993; x_wconf 91' lang='lat' dir='ltr'><strong>ut</strong></span> <span class='ocrx_word' id='word_1_322' title='bbox 923 3949 985 3994; x_wconf 85' lang='lat' dir='ltr'><strong>cam</strong></span> <span class='ocrx_word' id='word_1_323' title='bbox 1002 3931 1093 4016; x_wconf 85' lang='lat' dir='ltr'><strong>ipsam</strong></span> <span class='ocrx_word' id='word_1_324' title='bbox 1111 3931 1255 4016; x_wconf 87' lang='lat' dir='ltr'><strong>impleret,</strong></span> 
     </span>
     <span class='ocr_line' id='line_1_36' title="bbox 117 4031 1257 4116; baseline -0.002 -19"><span class='ocrx_word' id='word_1_325' title='bbox 117 4045 147 4097; x_wconf 90' lang='lat' dir='ltr'><strong>et</strong></span> <span class='ocrx_word' id='word_1_326' title='bbox 172 4055 236 4098; x_wconf 86' lang='lat' dir='ltr'><strong>eam</strong></span> <span class='ocrx_word' id='word_1_327' title='bbox 260 4033 476 4098; x_wconf 86' lang='lat' dir='ltr'><strong>execrationem</strong></span> <span class='ocrx_word' id='word_1_328' title='bbox 500 4033 647 4113; x_wconf 81' lang='lat' dir='ltr'><strong>solveret,</strong></span> <span class='ocrx_word' id='word_1_329' title='bbox 675 4053 749 4116; x_wconf 88' lang='lat' dir='ltr'><strong>quae</strong></span> <span class='ocrx_word' id='word_1_330' title='bbox 777 4043 878 4096; x_wconf 86' lang='lat' dir='ltr'><strong>contra</strong></span> <span class='ocrx_word' id='word_1_331' title='bbox 900 4032 1027 4096; x_wconf 88' lang='lat' dir='ltr'><strong>violatae</strong></span> <span class='ocrx_word' id='word_1_332' title='bbox 1051 4031 1124 4115; x_wconf 78' lang='lat' dir='ltr'><strong>legis</strong></span> <span class='ocrx_word' id='word_1_333' title='bbox 1148 4032 1257 4096; x_wconf 88' lang='lat' dir='ltr'><strong>crimen</strong></span> 
     </span>
     <span class='ocr_line' id='line_1_37' title="bbox 116 4131 1258 4219; baseline -0.001 -21"><span class='ocrx_word' id='word_1_334' title='bbox 116 4138 213 4200; x_wconf 81' lang='lat' dir='ltr'><strong>inerat</strong></span> <span class='ocrx_word' id='word_1_335' title='bbox 229 4135 397 4199; x_wconf 82' lang='lat' dir='ltr'><strong>constituta.</strong></span> <span class='ocrx_word' id='word_1_336' title='bbox 441 4133 636 4218; x_wconf 78' lang='lat' dir='ltr'><strong>Posteaquam</strong></span> <span class='ocrx_word' id='word_1_337' title='bbox 659 4133 734 4196; x_wconf 91' lang='lat' dir='ltr'><strong>enim</strong></span> <span class='ocrx_word' id='word_1_338' title='bbox 751 4131 875 4218; x_wconf 85' lang='lat' dir='ltr'><strong>Moyses</strong></span> <span class='ocrx_word' id='word_1_339' title='bbox 892 4133 1057 4198; x_wconf 83' lang='lat' dir='ltr'><strong>nniversam</strong></span> <span class='ocrx_word' id='word_1_340' title='bbox 1078 4133 1173 4218; x_wconf 77' lang='lat' dir='ltr'><strong>legem</strong></span> <span class='ocrx_word' id='word_1_341' title='bbox 1191 4154 1258 4219; x_wconf 87' lang='lat' dir='ltr'><strong>pro-</strong></span> 
     </span>
     <span class='ocr_line' id='line_1_38' title="bbox 115 4233 1256 4320; baseline -0.002 -20"><span class='ocrx_word' id='word_1_342' title='bbox 115 4237 268 4320; x_wconf 81' lang='lat' dir='ltr'><strong>mulgavit,</strong></span> <span class='ocrx_word' id='word_1_343' title='bbox 292 4237 328 4300; x_wconf 84' lang='lat' dir='ltr'><strong>atl</strong></span> <span class='ocrx_word' id='word_1_344' title='bbox 341 4235 425 4301; x_wconf 86' lang='lat' dir='ltr'><strong>linem</strong></span> <span class='ocrx_word' id='word_1_345' title='bbox 441 4235 597 4301; x_wconf 84' lang='lat' dir='ltr'><strong>voluminis</strong></span> <span class='ocrx_word' id='word_1_346' title='bbox 611 4233 756 4320; x_wconf 84' lang='lat' dir='ltr'><strong>pervenit,</strong></span> <span class='ocrx_word' id='word_1_347' title='bbox 780 4255 814 4298; x_wconf 89' lang='lat' dir='ltr'><strong>ao</strong></span> <span class='ocrx_word' id='word_1_348' title='bbox 829 4233 883 4298; x_wconf 92' lang='lat' dir='ltr'><strong>sub</strong></span> <span class='ocrx_word' id='word_1_349' title='bbox 899 4235 1051 4298; x_wconf 86' lang='lat' dir='ltr'><strong>maledicto</strong></span> <span class='ocrx_word' id='word_1_350' title='bbox 1066 4245 1168 4300; x_wconf 87' lang='lat' dir='ltr'><strong>cuncta</strong></span> <span class='ocrx_word' id='word_1_351' title='bbox 1186 4257 1256 4300; x_wconf 91' lang='lat' dir='ltr'><strong>con·</strong></span> 
     </span>
     <span class='ocr_line' id='line_1_39' title="bbox 117 4337 1408 4419; baseline 0.005 -20"><span class='ocrx_word' id='word_1_352' title='bbox 117 4337 219 4402; x_wconf 83' lang='lat' dir='ltr'><strong>clusit:</strong></span> <span class='ocrx_word' id='word_1_353' title='bbox 244 4341 412 4400; x_wconf 82' lang='lat' dir='ltr'><strong>Maledictus</strong></span> <span class='ocrx_word' id='word_1_354' title='bbox 429 4343 517 4400; x_wconf 77' lang='grc' dir='ltr'>οιιυιίι</span> <span class='ocrx_word' id='word_1_355' title='bbox 536 4343 588 4418; x_wconf 81' lang='lat' dir='ltr'><strong>qui</strong></span> <span class='ocrx_word' id='word_1_356' title='bbox 605 4360 660 4400; x_wconf 89' lang='lat' dir='ltr'><strong>non</strong></span> <span class='ocrx_word' id='word_1_357' title='bbox 674 4343 863 4418; x_wconf 80' lang='lat' dir='ltr'><strong>pennunsera&#39;t</strong></span> <span class='ocrx_word' id='word_1_358' title='bbox 875 4341 905 4399; x_wconf 83' lang='lat' dir='ltr'><strong>a‘n</strong></span> <span class='ocrx_word' id='word_1_359' title='bbox 921 4339 1047 4398; x_wconf 70' lang='lat' dir='ltr'><strong>omns&#39;bw</strong></span> <span class='ocrx_word' id='word_1_360' title='bbox 1064 4359 1135 4418; x_wconf 83' lang='lat' dir='ltr'><strong>quoe</strong></span> <span class='ocrx_word' id='word_1_361' title='bbox 1150 4343 1408 4419; x_wconf 60' lang='lat' dir='ltr'><strong>supranotatum.</strong></span> 
     </span>
    </p>
   </div>
   <div class='ocr_carea' id='block_1_5' title="bbox 0 0 1519 4996">
    <p class='ocr_par' dir='ltr' id='par_1_5' title="bbox 0 0 1519 4996">
     <span class='ocr_line' id='line_1_40' title="bbox 0 0 1519 4996; baseline 0 0"><span class='ocrx_word' id='word_1_362' title='bbox 0 0 1519 4996; x_wconf 95' lang='lat' dir='ltr'><strong> </strong></span> 
     </span>
    </p>
   </div>
  </div>
 </body>
</html>
