2984 4996
277 259 339 324 684
700 268 822 324 οιιιστι
839 269 1006 322 ιειεειιιιιι

277 395 444 474 κροῦσθαι,
467 385 526 454 ἀλλ’
551 389 633 471 γέγει
649 388 703 470 μέν
719 385 752 454 τό
775 385 896 466 ζατικόν
919 395 971 470 τής
995 385 1165 470 ίμφύσειος,
1187 385 1245 453 κόν
1263 413 1297 453 τι
1317 393 1430 476 μυρίας

277 489 346 576 παρ’
369 487 448 579 αύτῷ
469 489 543 556 κατοί
564 488 671 557 λεπτόν
692 487 889 574 σ’τποτμηθείη.

141 603 207 672 Κεφ.
224 601 265 672 ιγ’.
350 590 425 659 Ἔτι
439 593 471 658 δί
483 593 555 676 μετύ
570 601 661 660 ταῦτα
676 592 773 658 πάντα
790 592 1017 677 ἐπεμνήσθημεν
1032 590 1074 668 τίς
1086 616 1163 668 τινες
1177 588 1238 657 όπό
1254 599 1316 658 τῶν
1329 591 1427 658 αύτιὶν

276 702 515 780 Μαρκιανιστῶν
537 699 578 773 είς
599 694 699 779 βυθόν
716 700 904 780 βλασφημίας
921 691 1204 782 παραπεπτωκότες,
1226 697 1279 760 καί
1296 692 1358 760 σίττό
1380 703 1428 778 τῆς

277 799 389 864 έαατοίν
413 798 631 883 δαιμονιοίδους
654 802 843 876 διδασκαλίας
863 797 1055 882 ἐμβρόντητοι
1076 794 1249 862 παντάπασι
1270 796 1427 882 γεγονότες,

276 902 327 964 καί
350 891 388 965 οὗ
405 899 531 966 ἐδόκουν
545 906 652 981 κυρίου
669 899 763 984 μόνου
780 900 836 966 τόν
856 899 894 966 δι’
909 898 1055 983 όνόματος
1068 896 1265 982 μνημονεύειν
1279 903 1332 966 καί
1355 899 1427 965 ιαύ·

276 1004 318 1068 τοί
338 1000 574 1089 ἇθυρογλοίσσοτς
587 1005 692 1088 ἑτέρας
705 1001 758 1086 τήν
770 1000 863 1069 αὐτοῦ
877 1001 1006 1086 θεότήτα
1021 999 1271 1084 ύποστρέφοντες,
1287 1001 1322 1068 τό
1335 1001 1427 1086 ὄνομα

274 1112 327 1190 τῆς
341 1103 460 1172 ύνσοθεν
476 1104 620 1191 γενήσεας
635 1111 762 1184 κακίζειν
777 1102 832 1172 ούκ
850 1106 1044 1193 έντρέπσνται.
1095 1104 1177 1180 Τινές
1195 1103 1254 1190 γιίρ
1273 1103 1374 1170 αύττὸν
1389 1131 1427 1170 τε-

275 1208 468 1292 τολμήκασιν,
492 1205 532 1284 σός
549 1211 641 1292 έφην,
665 1207 755 1274 αὐτόν
777 1207 829 1274 τόν
852 1207 956 1294 κύριον
975 1203 1050 1272 εἶναι
1068 1204 1134 1272 υίόν
1153 1214 1208 1272 τοῦ
1230 1217 1367 1294 πονηροῦ
1388 1210 1427 1272 λί-

274 1335 336 1399 γεια
352 1309 408 1376 ούκ
423 1309 641 1394 αίσγυνόμενοι·
664 1310 745 1376 ύλλοι
759 1311 791 1376 δέ
804 1308 879 1394 ούγί,
902 1308 972 1376 α’λλιί
989 1317 1043 1374 τοῦ
1055 1317 1158 1394 κριτοῦ
1172 1335 1203 1374 τε
1217 1312 1270 1374 καί
1285 1314 1427 1394 δημιουρ-

273 1421 330 1502 γοῦ
355 1411 646 1500 ἐύσπίαγγνότερον
669 1413 824 1500 γεγονότα,
850 1414 901 1478 καί
922 1410 1040 1498 σίγαθόν
1062 1409 1149 1490 ὅντα,
1176 1419 1357 1494 πατολεῑψιτι
1377 1414 1428 1494 μέν

273 1515 326 1584 τόν
347 1519 425 1582 ίδιον
441 1514 533 1583 αὐτοῦ
550 1519 661 1601 πατίρα
678 1515 773 1594 κοίτα,
795 1514 837 1599 πή
853 1515 907 1597 μέν
923 1513 1066 1601 λεγόντοιν
1084 1511 1136 1579 τόν
1155 1513 1358 1600 δημιουργόν,
1380 1513 1427 1578 ἄλ·

273 1625 332 1686 λων
347 1619 379 1684 δέ
395 1616 447 1684 τόν
462 1617 604 1704 πονηρόν,
623 1616 684 1684 όνα
701 1619 733 1684 δέ
751 1616 1024 1703 όναδεδραμηκέναι
1038 1611 1113 1703 πρός
1129 1616 1181 1684 τόν
1197 1619 1229 1682 έν
1242 1614 1427 1698 όκοτονσμό-

274 1743 352 1797 στοις
366 1720 471 1797 τόποις
489 1719 605 1808 ύγαθόν
621 1719 708 1800 θεόν,
730 1723 781 1786 καί
797 1716 875 1808 αύτῷ
891 1725 1180 1805 προςκεκολλήσθαι,
1202 1721 1383 1802 πεμφθέντα
1396 1721 1428 1784 δὲ

272 1820 323 1888 τίετ’
339 1822 431 1890 αιίτοῡ
448 1827 489 1900 είς
505 1823 558 1890 τόν
571 1821 699 1906 κόσμον,
722 1826 769 1888 καί
790 1813 865 1909 πρός
885 1820 1047 1888 α’ντιδικίαν
1068 1829 1122 1886 τοῦ
1146 1824 1224 1888 ἰδίου
1244 1820 1362 1906 πατρός
1385 1823 1425 1886 ἔλ-

272 1925 368 1992 θόντα
389 1926 440 1992 τόν
464 1925 606 2013 Χριστόν,
635 1927 686 1990 καί
707 1925 887 1992 καταλύοντα
914 1923 1006 1990 αύτοῦ
1029 1923 1065 1988 τό
1088 1922 1201 2002 πόντοι,
1229 1922 1285 1989 όσα
1306 1921 1328 1990 ό
1351 1923 1427 1989 τιττό

272 2026 364 2109 φύσιν
382 2029 480 2115 πατήρ
496 2027 589 2096 αὐτοῦ
605 2029 793 2110 ἐνομοθέτει,
815 2026 879 2112 ήτοι
897 2025 1055 2110 όλαλήσας
1077 2029 1109 2092 ίν
1132 2033 1172 2114 τῷ
1196 2024 1292 2115 νόμην,
1314 2023 1389 2108 ἦτοι
1409 2016 1427 2091 ό
1444 2081 1448 2092 .

271 2137 325 2213 τῆς
341 2135 446 2208 κακίας
459 2131 548 2210 θεός,
571 2130 589 2197 ό
607 2128 674 2215 παρ’
691 2128 788 2196 νότιόν
804 2132 836 2196 έν
851 2137 886 2220 τῇ
904 2135 985 2218 τρίτη
1005 2128 1078 2218 ἇργή
1095 2128 1273 2211 ταττόμενος.
1307 2126 1427 2204 ’.ἄλλος

271 2232 326 2320 γαίρ
342 2236 393 2300 καί
414 2232 507 2310 ἄλλως
524 2236 701 2310 ἐκτίθενται,
724 2229 764 2309 α”ς
779 2235 870 2315 έφην,
897 2231 1005 2308 δόλλος
1018 2232 1071 2314 μέν
1087 2230 1138 2296 τόν
1154 2229 1354 2316 δημιουργόν,
1378 2229 1425 2294 ἔλ-

147 2358 199 2402 ι1τ·
212 2347 256 2392 ⁸⁷⁸·
270 2344 321 2412 λος
343 2338 376 2402 δὲ
399 2334 450 2402 τόν
473 2335 611 2421 πονηρόν.
663 2342 762 2400 Ταῦτα
786 2336 819 2400 δὲ
842 2339 915 2417 δῆλα
939 2337 1027 2398 παντλ
1054 2342 1095 2422 τηί
1117 2332 1232 2400 σύνεσιν
1254 2335 1425 2424 κατημένῳ

272 2436 411 2524 ύπόργει,
434 2437 480 2504 ὅτι
498 2436 674 2523 ἀκαθάρτου
694 2435 861 2520 πνεύματός
882 2439 959 2503 ἐστιν
982 2434 1002 2519 ή
1020 2435 1164 2520 φρόνησις
1179 2435 1227 2500 καί
1243 2430 1264 2517 ή
1281 2436 1425 2500 διδασκα-

270 2546 330 2608 λία·
352 2544 403 2607 καί
427 2540 495 2608 ούτε
517 2544 599 2626 χρεία
620 2532 658 2623 ήν
681 2542 747 2622 περί
770 2539 878 2622 ταύτης
899 2548 952 2622 τῆς
972 2536 1147 2616 ὑποθέσεως
1170 2534 1426 2622 όπολαγεῐσθαιή

270 2646 383 2730 ίλεγγον
400 2650 544 2730 παριστᾶν
558 2640 620 2709 κατ’
637 2641 759 2727 α’ντικρύ
775 2646 956 2728 Μαρκίωνος
972 2648 1025 2706 τοῦ
1041 2643 1149 2706 ἑαυτοῦ
1164 2637 1238 2706 κατα
1254 2636 1353 2704 πάντα
1372 2639 1425 2722 τήν

271 2744 469 2830 έπιλησμονήν
492 2753 545 2828 τής
570 2753 645 2828 ζωῆς
668 2747 877 2828 ποιησαμένου.
923 2740 1141 2828 Φαραθήσεται
1166 2741 1222 2828 γοίρ
1247 2740 1326 2826 παρὰ
1351 2750 1424 2808 πᾶσι

270 2859 333 2926 τοῖς
356 2858 487 2924 συνετσῑς
510 2846 542 2916 τό
565 2847 742 2931 βλάσφημον
759 2843 862 2913 ιαύτοῦ
884 2844 1098 2928 κενοφοίνημα,
1128 2847 1178 2910 καλ
1202 2841 1348 2929 τολμηρόν
1372 2851 1424 2926 τῆς

271 2949 417 3027 σίτιαλείας
436 2952 586 3038 ένίργημα.
630 2945 701 3014 Ἀλλ’
724 2947 824 3032 ἐπειδή
847 2947 996 3030 είοίθαμεν
1016 2945 1056 3030 μή
1078 2951 1131 3012 ἐᾶν
1153 2944 1295 3012 ἀκανθῶν
1314 2943 1421 3022 τόπον,

270 3051 342 3122 ἄλλό
358 3056 505 3136 ἐκτέμνειν
521 3059 556 3141 τῇ
574 3058 628 3117 τοῦ
645 3059 723 3118 θεοῦ
739 3055 882 3140 μαγαίρφ,
904 3059 941 3140 τῇ
957 3047 1030 3138 ύτιέρ
1047 3056 1146 3114 πᾶσαν
1166 3047 1309 3134 μάχαιραν
1325 3050 1421 3113 δίστο-

270 3182 342 3241 μον,
363 3159 414 3222 καί
434 3155 625 3243 διϊκνουμίνη
642 3151 709 3239 όγρι
725 3157 872 3238 μερισμόν
890 3160 988 3236 ψυχῆς
1004 3154 1055 3218 καί
1071 3150 1251 3234 πνεύματος,
1273 3147 1378 3236 ἇρμῶν
1392 3175 1420 3216 τε

269 3261 321 3325 καί
342 3264 470 3342 μνελοῖν,
501 3255 577 3324 κατό
599 3253 631 3322 τό
655 3257 870 3342 γεγραμμένον,
900 3253 983 3340 όλίγα
1009 3256 1061 3320 καί
1079 3255 1121 3328 είς
1142 3259 1228 3318 τοῦτο
1251 3255 1342 3319 εἰπεῖν
1365 3251 1418 3318 οότ

270 3358 483 3445 όποκνήσομεν.

131 3788 198 3854 Κεφ
214 3786 255 3846 ιε’.
361 3778 488 3858 Προῖτον
505 3772 558 3853 μέν
572 3769 628 3856 γαρ
643 3769 689 3835 ὅτι
703 3771 730 3833 τί
744 3765 860 3854 ἀγαθός
875 3769 907 3832 έκ
922 3773 1056 3851 πονηροῦ
1069 3765 1230 3851 γεγένηται,
1252 3761 1349 3832 ούτιέτι
1361 3771 1418 3829 ττῐν

268 3874 367 3962 σίργοίν
383 3871 561 3956 σταθήσεται
579 3869 707 3958 όλόγσς.
749 3868 882 3936 Δύναται
898 3867 954 3954 γὰρ
976 3870 1028 3934 καί
1047 3863 1066 3933 ό
1081 3863 1173 3932 αύτοῦ
1189 3865 1303 3949 πατήρ,
1323 3867 1350 3930 εί
1362 3892 1416 3932 το-

268 3976 360 4064 νηρός
383 3973 506 4062 ύτισίργει
526 3974 611 4061 (ὅπερ
634 3973 675 4058 μή
695 3976 824 4059 γένοιτο,
852 3969 922 4036 ἄλλοί
944 3968 1060 4055 όγαθός
1082 3970 1168 4050 έστι),
1198 3972 1415 4051 μεταβληθῆναι

269 4079 322 4164 τήν
336 4078 467 4166 γνοίμην,
484 4077 579 4164 σ’ίςπερ
596 4075 614 4142 ό
628 4073 680 4141 ὑπ’
692 4073 784 4142 αύτοῦ
798 4075 1003 4160 γεγεννημένος
1018 4072 1242 4154 μεταβέβληται·
1264 4067 1296 4136 τό
1312 4071 1344 4136 δέ
1357 4071 1413 4134 έττ·

303 4254 327 4308 7.
353 4251 406 4322 ἔχει
428 4253 484 4304 ιλτιλιΙ
505 4267 533 4302 ετ
555 4252 712 4300 emendatione
729 4251 829 4300 Ρελουίί.
898 4246 955 4296 Cn.
972 4247 1043 4296 xm.
1059 4271 1093 4282 -
1129 4244 1150 4294 ί.
1168 4245 1283 4326 Reponi,
1304 4243 1330 4292 ίδ
1351 4245 1413 4324 φασδ

177 4357 179 4362 -
269 4325 335 4376 Libri
359 4323 467 4372 mendose
495 4318 555 4372 ἐκεῖ.
601 4321 713 4368 comario
737 4319 830 4366 videtur
863 4318 974 4367 οιαααιισ
994 4315 1142 4377 musam,
1168 4310 1241 4363 αυτοὶ
1262 4325 1304 4376 ρτσ
1326 4311 1412 4374 αυτοῦ,

266 4385 385 4456 φλοσιιίιττ
394 4387 451 4443 ίκιί
459 4385 536 4456 μένει
565 4389 635 4438 Vertit
643 4389 720 4436 ειιίιιιε
736 4385 829 4436 Verum
863 4385 925 4448 ηυοσλ
949 4385 1004 4433 libri
1031 4385 1131 4432 λαεαίατ.
1181 4381 1304 4430 cmm
1331 4383 1412 4428 m:

266 4459 321 4509 ἰΙΓιο
334 4467 418 4508 manet
433 4455 562 4506 νίιυίίετῑὶσ
577 4452 733 4520 significatio.
756 4455 830 4504 Ρεσσ-
864 4479 916 4512 ,,-
931 4448 1033 4502 attoniti
1049 4448 1146 4516 penitus
1163 4446 1240 4504 sacti,
1263 4461 1293 4496 σε
1306 4443 1410 4495 nominis

266 4529 374 4588 ίιιίίτεττι
392 4519 446 4579 ἀλλ’
463 4523 558 4591 έμειιτι
575 4519 604 4577 τό
624 4525 683 4586 ζυτ.
700 4525 751 4572 οισι.
864 4518 962 4587 quidem
983 4515 1076 4568 domini
1094 4513 1313 4568 nomenclationem
1328 4511 1410 4564 ίιεειτ
