3008 4996
239 263 300 324 176
660 269 781 324 sanem
800 269 968 324 εειειιιιιιι

237 413 355 467 νονται,
383 390 433 452 ίυα
451 385 527 454 κατιί
550 383 648 451 πόντα
668 383 780 469 τρόπον
800 389 900 472 φρίξεν
917 383 1084 472 ἐργόσωμαι
1103 392 1167 461 τοῖς
1187 381 1331 452 ύκούουσι
1352 386 1389 452 τολ

237 487 306 578 παρ’
320 487 416 554 αῦτῶν
430 486 571 574 γενόμενα
586 486 854 573 αίσχρουργῆματα·
871 485 943 572 μετὰ
956 485 1011 573 γύρ
1026 485 1058 554 τό
1074 495 1194 574 μιγῆναι
1208 486 1300 553 πόθει
1313 513 1387 572 πορ-

237 596 316 668 νείας
333 588 572 678 προςεπιτυύτοις
589 587 785 666 ἀνατείνοντες
799 589 855 674 τῆν
872 591 982 654 ίαυτοῖν
998 594 1186 673 βλασφημίαν
1201 591 1242 664 είς
1256 587 1388 675 ου’ρανόν

238 695 350 776 δίηεται
365 693 417 774 μίν
437 690 470 757 τό
485 689 607 777 γύναιον
623 693 674 758 καλ
695 688 713 756 ό
732 689 806 776 ύνῆρ
821 689 876 774 τῆν
889 689 975 774 (λύσιν
989 688 1044 772 τῆν
1059 687 1119 756 οἷπό
1136 697 1190 756 τοῦ
1207 688 1329 776 ἄρρενος
1344 693 1388 768 είς

239 796 317 869 ίδίας
333 791 431 858 αῦτῶν
445 801 553 876 χεῖρας,
575 795 627 858 καί
641 797 771 858 ἵστανται
787 795 829 868 είς
842 789 973 878 ούρανόν
987 789 1205 870 ύυανεύσαντες,
1226 793 1275 858 ἐπί
1289 801 1388 878 χεῖρας

237 897 269 962 δὲ
287 898 399 978 ἔχοντες
414 893 468 978 τῆν
486 892 689 978 ἀκαθαρσίαν,
710 896 762 960 καί
776 891 910 978 εὔχονται
924 898 1035 976 δῆθεν,
1058 897 1090 959 σί
1105 893 1158 976 μίν
1174 896 1388 978 Στρατιωτικολ

163 1079 166 1084 Ι
236 996 412 1079 καλούμενοι
424 999 476 1063 καί
491 998 653 1062 Γναστικοί
668 1001 708 1085 τρῦ
727 1001 824 1080 Πατρί
837 1017 911 1077 φασι
925 1003 984 1061 τῶν
998 995 1085 1075 όλων,
1107 998 1320 1082 προςφίροντες
1331 993 1385 1061 αῦ·

236 1097 270 1165 τό
288 1096 322 1164 τό
341 1101 391 1164 ίιτί
406 1107 470 1175 ταῖς
486 1100 582 1182 χερσί,
612 1099 662 1162 καί
677 1099 825 1182 λέγουσιν,
854 1094 1053 1182 Ἀναφίρομίν
1069 1119 1115 1165 σοι
1131 1104 1218 1164 τοῦτο
1234 1100 1332 1182 δῶρον
1350 1097 1384 1164 τό

236 1205 320 1284 στῦμα
339 1207 393 1266 τοῦ
414 1205 559 1284 Χριστοῦ·
592 1201 643 1264 καί
664 1197 759 1274 οῦτως
775 1195 846 1264 αῦτό
866 1200 1016 1279 ἐσθίουσι,
1045 1197 1312 1281 μεταλαμβάνοντες
1329 1197 1385 1281 τῆν

235 1305 348 1370 ίαυτοῦν
364 1299 563 1387 ύκαθαρσίαν,
585 1304 636 1366 καί
652 1322 736 1380 φασι,
763 1297 857 1366 Τοῦτό
873 1303 933 1366 ἐστι
948 1299 981 1364 τό
998 1304 1083 1384 σῶμα
1100 1307 1153 1366 τοῦ
1170 1307 1310 1387 Χριστοῦ,
1331 1303 1382 1366 καλ

235 1402 324 1470 τοῦτό
340 1406 401 1470 ἔστι
416 1401 449 1469 τό
467 1401 583 1485 Πάσχα,
605 1400 652 1467 διό
669 1401 770 1486 πάσχει
785 1399 820 1466 τό
835 1400 959 1485 ῆμὲτερα
975 1400 1105 1483 σοίματα,
1128 1403 1178 1468 καί
1195 1399 1385 1488 ύναγκύζεται

237 1503 390 1590 ὁμολογεῖν
404 1503 437 1571 τό
451 1503 553 1579 πόθος
568 1510 622 1570 τοῦ
640 1510 779 1588 Χριστοῦ.
820 1501 970 1580 Ὡςαύτως
985 1503 1017 1568 δὲ
1031 1506 1080 1569 καλ
1095 1501 1128 1570 τό
1145 1501 1204 1570 όπό
1218 1511 1271 1586 τῆς
1283 1530 1383 1590 γυναι·

234 1605 299 1686 κός,
321 1608 391 1672 ὅταν
403 1608 522 1691 γίνηται
536 1603 629 1688 αῦτῆν
643 1607 780 1690 γενίσθαι
795 1607 826 1672 ἐν
839 1604 922 1689 βύσει
934 1611 988 1670 τοῦ
1000 1609 1133 1686 αἵματος,
1154 1604 1186 1671 τό
1202 1603 1385 1688 καταμῆνιον

235 1709 383 1790 συναχθὲν
396 1705 471 1798 αὐτῆ
484 1704 557 1790 αίμα
572 1715 624 1790 τῆς
636 1704 822 1789 ἀκαθαρσίας
839 1705 976 1784 ύςαύτως
989 1706 1127 1790 λαβόντες
1138 1715 1223 1796 κοινῆ
1236 1709 1383 1786 ἐσθίουσι,

235 1809 303 1889 καλ,
331 1815 440 1888 Τοῦτο,
462 1812 571 1890 φασίν,
592 1811 652 1874 ἐστὶ
672 1807 705 1874 τό
728 1805 801 1889 αίμα
820 1816 874 1874 τοῦ
898 1814 1037 1894 Χριστοῦ.

103 1932 170 1998 Κεφ.
188 1923 217 1981 ε’.
319 1909 376 1978 Διό
390 1914 441 1976 καί
455 1913 487 1977 ἐν
500 1908 688 1996 ύποκρύφοις
700 1908 948 1996 όναγινοίσκονιες
961 1909 1016 1990 ότι,
1039 1907 1135 1976 Είδον
1149 1912 1271 1994 δένδρον
1287 1910 1383 1996 φίρσν

234 2012 350 2080 δυόδεκα
363 2010 498 2098 καρπούς
512 2019 566 2079 τοῦ
582 2013 743 2091 ἐνιαυτοῦ)
757 2013 808 2076 καί
823 2009 887 2077 είιτί
902 2037 963 2094 μοι,
990 2011 1085 2079 Τοῦτό
1103 2016 1163 2078 ἐστι
1177 2009 1210 2077 τό
1228 2010 1313 2090 ξύλον
1327 2018 1383 2095 τῆς

233 2121 324 2198 ζωῆς,
353 2113 372 2179 ό
393 2112 477 2180 αῦτολ
493 2111 702 2199 α’λληγοροῦσιν
726 2115 768 2188 είς
784 2111 837 2196 τῆν
855 2112 928 2178 κατό
946 2121 1025 2196 μῆνα
1037 2117 1193 2199 γινομένην
1211 2117 1383 2199 γυναικείαν

121 2231 217 2290 μεθ·
234 2216 328 2300 (λύσιν.
372 2214 556 2302 Μισγόμενοι
575 2216 607 2280 δὲ
625 2211 683 2296 μετ’
702 2211 832 2297 ύλλῆλων
847 2220 1031 2280 τεκνοποιΐαν
1047 2213 1287 2300 ύπαγορεύουσιν.
1334 2213 1384 2280 Ού

232 2315 288 2405 γόρ
304 2320 346 2394 είς
361 2316 394 2384 τό
411 2323 617 2398 τεκνοποιῆσαι
632 2313 700 2398 παρ’
719 2313 819 2392 αῦτοῖς
835 2313 855 2398 ῆ
872 2315 976 2402 φθορύ
993 2317 1205 2396 ίσπούδασται,
1234 2313 1293 2381 ἀλλ’
1308 2313 1382 2398 ῆδο-

231 2427 287 2503 νῆς
305 2417 406 2505 χάριν,
435 2425 490 2484 τοῦ
509 2415 651 2500 διαβόλου
668 2421 858 2500 λμπαίζοντος
874 2427 936 2494 τοῖς
951 2417 1112 2498 τοιούτοις,
1138 2421 1188 2484 καί
1204 2417 1381 2500 καταχλευά-

231 2530 331 2600 ζοντας
343 2517 378 2586 τό
394 2523 427 2586 ίκ
438 2527 514 2584 θεοῦ
530 2518 649 2601 κλύσμα
660 2522 889 2602 πεπλανημένον.
924 2518 1007 2585 Ἀλλοί
1020 2518 1075 2603 τῆν
1090 2521 1142 2602 μὲν
1156 2517 1268 2603 ῆδονῆν
1285 2521 1380 2586 ἔπιτε·

229 2629 341 2702 λοῦσιν,
363 2624 404 2698 είς
418 2618 541 2697 ἑαυτούς
554 2622 585 2687 δὲ
601 2618 844 2704 οἶπολαμβοίνουσι
859 2621 894 2686 τύ
909 2629 961 2705 τῆς
976 2619 1161 2707 ἀκαθαρσίας
1176 2619 1275 2686 αῦτοῦν
1289 2624 1380 2704 σπέρ-

231 2751 323 2808 ματα,
351 2721 392 2806 μῆ
408 2725 451 2799 είς
465 2727 651 2808 τεκνογονίαν
666 2721 926 2805 καταβαλλόμενοι,
952 2721 1022 2788 οίλλύ
1040 2721 1126 2788 αύτολ
1142 2721 1176 2789 τό
1194 2730 1246 2806 τῆς
1261 2721 1382 2806 αίογρό·

230 2852 317 2909 τητος
334 2828 492 2901 ἐσθίοντες.
531 2822 602 2889 Ἐύν
620 2825 651 2889 δὲ
664 2826 712 2888 καί
729 2831 893 2914 προληφθῆ
909 2850 953 2900 τις
968 2821 1066 2890 αὐτῶν
1081 2827 1305 2910 ἐγκατασπεῖραι
1322 2824 1382 2908 τῆν

229 2924 394 3010 καταβολῆν
411 2933 463 3009 τῆς
477 2924 552 2992 κατό
566 2923 657 3005 φύσιν
671 2923 768 2990 αύτοῦν
784 2923 964 3010 ἀπορροίας,
985 2929 1036 2992 καί
1051 2926 1236 3015 ίγκυμονῆση
1251 2923 1271 3008 ῆ
1287 2926 1379 3010 γυνῆ,

229 3033 258 3094 τί
272 3027 435 3112 δεινότερον
451 3033 594 3110 τολμῶσιν
611 3031 642 3093 ολ
652 3034 781 3093 τοωῦτοτ
796 3025 894 3092 όκουε.
939 3027 1186 3104 Κατασπύσαντες
1202 3026 1255 3115 γόρ
1272 3025 1306 3092 τό
1326 3031 1381 3110 ἔμ·

230 3134 333 3215 βρυον,
354 3136 448 3218 καιρῷ
462 3133 516 3218 οίρι
532 3127 558 3193 δ’
573 3127 610 3192 δν
626 3127 839 3214 ἐπιχειρήσωσι,
860 3127 1059 3211 λαμβάνουσιν
1074 3129 1222 3213 ίκτρωθέν
1236 3136 1326 3194 τοῦτο
1344 3129 1379 3196 τό

229 3233 355 3316 βρέφος,
377 3234 408 3296 lv
429 3229 530 3319 ιόλμρι
547 3231 603 3294 τινί
617 3230 779 3296 κόπτουσιν
794 3229 906 3320 ύπίρρι,
928 3233 977 3295 καί
993 3234 1230 3316 ἐγκαταμίξαντες
1244 3232 1308 3312 μίλι
1324 3234 1381 3298 καί

228 3333 331 3418 πίπερι
347 3333 398 3397 καί
415 3331 485 3396 ῦλλα
499 3330 565 3396 τινολ
581 3330 719 3414 ύροίματα
735 3333 786 3398 καί
803 3341 897 3417 μῦρα,
919 3331 996 3416 πρός
1010 3330 1042 3398 τό
1061 3332 1102 3414 μῆ
1118 3337 1240 3398 ναυτιᾶν
1254 3329 1379 3412 αύτούς,

228 3431 324 3510 οῦτυς
341 3435 533 3516 συναχθέντες
548 3432 655 3509 πάντες
677 3437 732 3498 205
746 3441 858 3515 τελετῆς
877 3442 935 3498 τῶν
952 3439 1060 3518 χοίρων
1074 3433 1186 3499 τούτων
1207 3435 1257 3498 καί
1273 3443 1379 3502 κανοῦν

228 3542 373 3601 θιασοῦται
387 3533 657 3618 μεταλαμβάνουσιν
668 3537 790 3611 ἕκαστος
803 3543 844 3623 τῷ
860 3534 993 3625 δακτύλῳ
1011 3533 1070 3600 duo*
1087 3543 1141 3601 τοῦ
1157 3537 1381 3614 κατωιοπίντος

228 3641 361 3704 παιδίου.
409 3638 469 3700 Χαλ
484 3635 578 3711 σῦτως
590 3634 644 3717 τῆν
656 3633 904 3722 ύνθρωποβορίαν
918 3635 1153 3722 ιίπεργασόμενοι
1168 3635 1300 3719 εῦχονται
1313 3646 1379 3704 λοι-

227 3737 287 3804 πόν
302 3745 342 3826 τρῦ
356 3742 434 3826 θεῷ,
462 3736 523 3816 ὅτι,
554 3735 618 3803 Οιίκ
634 3739 862 3820 ίνεπαίχθημεν,
884 3741 989 3820 φασίν,
1012 3736 1071 3804 ύπό
1088 3738 1308 3824 τοῦἍρχοντος
1321 3748 1382 3824 τῆς

228 3841 403 3921 ἕπεθυμίας,
424 3835 495 3902 ἄλλό
513 3840 698 3920 συνελέξαμεν
715 3839 748 3905 τό
765 3839 951 3923 παράπτωμα
967 3847 1023 3906 τοῦ
1041 3837 1183 3922 ἀδελφοῦ·
1209 3842 1261 3906 καί
1277 3845 1382 3924 δῆθεν

226 3945 312 4006 τοῦτο
329 3937 363 4005 τό
380 3941 485 4005 τέλειον
501 3937 607 4023 Πύσγα
622 3936 771 4025 ῆγοῦνται.
806 3941 896 4006 Ἀλλα
909 3943 941 4006 δὲ
955 3941 1010 4007 ῦσα
1024 3938 1105 4006 δεινό
1120 3939 1221 4018 αύτοῖς
1235 3939 1381 4028 τετόλμη-

226 4066 282 4106 ται.
316 4039 411 4106 Ὅταν
426 4039 482 4126 γόρ
497 4040 585 4106 πόλιν
600 4044 738 4124 ἐμμανεῖς
752 4045 785 4106 ἒν
798 4045 912 4120 ἑαυτοῖς
926 4045 1080 4128 γίνωνται,
1102 4042 1247 4128 φύραντες
1259 4045 1384 4112 ἑαυτῶν

226 4140 279 4218 τός
297 4151 393 4228 χεῖρας
411 4151 463 4226 τῆς
482 4146 597 4209 ἓαυταῦν
617 4143 808 4228 αίσηρότητος
826 4152 862 4233 τῆ
878 4141 1025 4233 τίπορροίμ
1042 4147 1214 4230 ἐγείρονται,
1235 4147 1295 4210 ’καλ
1320 4145 1383 4226 τός

225 4244 339 4308 ἑαυτῶν
357 4247 572 4328 μεμολυσμένας
589 4255 686 4330 χεῖρας
701 4247 815 4329 ἔχοντες
831 4243 965 4329 εῦχονται
982 4248 1087 4332 γυμνοί
1108 4247 1166 4336 ῦλμ
1188 4253 1228 4335 τῷ
1244 4245 1381 4330 σοι’ματι,

260 4397 318 4446 Cn·
336 4397 366 4447 V·
384 4427 415 4438 -
443 4399 465 4452 1.
484 4395 555 4470 όλμῷ
577 4403 627 4454 ωδ.
644 4403 740 4466 ίλλαλίρ,
757 4407 779 4452 τί
844 4399 869 4452 2.
887 4400 910 4454 οί
927 4403 1032 4468 τελετῆς
1046 4404 1096 4454 τῶν
1113 4415 1165 4452 moa
1180 4407 1213 4452 ειλ
1226 4404 1379 4464 mendatio.

224 4467 278 4516 τόλλ
292 4468 366 4528 princ.
810 4471 876 4520 Lim
890 4472 974 4522 λυσαν
990 4470 1013 4524 σί
1029 4471 1079 4536 τῆς
1090 4473 1149 4524 τῶν.
1181 4471 1294 4521 Pacuvius
1308 4475 1382 4525 ι’λλαδ
