3010 5000
333 311 394 372 532
752 321 874 372 εουοτι
892 321 1060 372 οεισιτιιιιι

332 437 479 524 στροφήν,
511 435 628 515 ύνοίξας
645 435 678 502 τό
696 434 789 519 στόμα
806 435 882 502 κατδ
897 444 949 503 τοῦ
965 440 1043 503 ίδίου
1062 435 1208 502 δεσπότου
1225 435 1278 519 τήν
1293 439 1455 519 βλασφημίαι

213 549 219 573 ’
333 542 466 623 έξήμεσε,
488 549 551 616 τοῖς
567 538 741 624 ύυθριίποις
757 536 903 605 ύπόνοιαν
919 538 1069 623 έμβαλυόν,
1091 536 1248 624 ύρνεῖσθαι
1265 539 1318 622 μὲν
1334 538 1384 604 τόν
1397 537 1455 612 όιτι,

332 641 385 708 τόν
400 643 432 708 δέ
446 641 486 727 μή
499 641 570 707 όντα
584 649 685 725 ζητεῖν,
732 641 836 718 Ούτιος
848 646 947 708 τοίνυν
960 643 1011 706 καί
1024 635 1107 708 ούτυι
1122 643 1285 727 ἐλέγχονται
1296 640 1373 707 κατό
1384 639 1456 704 πόνει

332 742 443 829 τρόπον
464 742 654 828 ἠπατημένοι.
697 741 730 808 ‘0
751 742 806 830 γύρ
822 742 895 826 Σήθ
910 747 1052 826 τέθνηκε,
1080 745 1131 808 καὶ
1147 743 1184 808 τό
1200 747 1250 827 έτη
1268 743 1363 809 αόιοΐι
1379 741 1455 824 όναγί·

331 873 465 933 γραπται.
511 845 628 922 Βιοόσας
641 845 696 932 γόρ
712 849 761 928 έιη
779 845 934 913 ἐννακόσια
949 845 1075 912 δεκαδύο
1090 845 1124 912 τό
1139 844 1232 930 ηρεοόν
1248 843 1395 924 ἐπέδωκε,
1413 869 1455 928 γυ-

331 947 423 1032 νήσας
436 947 522 1027 υίούς
538 953 588 1014 καλ
603 951 785 1034 θυγατέρας,
807 948 849 1025 δίς
862 971 953 1032 φησιν
967 947 989 1032 ή
1003 953 1073 1014 θεία
1087 948 1196 1034 γραφή.
1241 949 1329 1014 Κατολ
1345 945 1457 1027 διαδοχήν

213 1053 367 1128 pum-6}
385 1049 403 1118 ό
421 1051 527 1120 τούτου
545 1061 628 1131 παῖς,
657 1049 748 1127 'Eunus
770 1052 801 1118 δέ
818 1045 855 1134 ἦν
872 1051 967 1140 τούτῳ
984 1050 1094 1135 ὄνομα,
1124 1053 1176 1117 καὶ
1195 1049 1286 1130 αύτός
1304 1051 1456 1136 βισόσαςέη

333 1155 488 1222 ἐννακόσια
506 1157 605 1235 πέντε,
636 1151 779 1236 ύπήλλυξε
797 1153 849 1220 τόν
867 1151 940 1220 καθ’
957 1152 1037 1236 ήμᾶς
1056 1159 1139 1236 βίον,
1166 1153 1312 1240 γεννήσας
1332 1152 1411 1228 υίούς
1424 1151 1457 1215 τό

332 1260 513 1344 θυγατέρας,
536 1255 578 1334 τίς
599 1260 655 1340 ἔχει
676 1255 697 1340 ή
718 1254 794 1340 αύτή
816 1261 917 1340 βίβλος
937 1264 990 1340 τῆς
1011 1255 1158 1340 ύληθείας.

214 1474 282 1543 Κεφ.
295 1472 319 1530 ι’.
422 1461 528 1528 Πόθεν
543 1467 643 1529 τοίνυν
659 1461 677 1529 ό
692 1461 765 1546 Σήθ
781 1459 798 1529 ό
815 1461 879 1528 τότε
894 1461 1078 1546 τελευτήσας,
1100 1453 1137 1527 ού
1149 1463 1199 1526 καὶ
1214 1463 1277 1527 viai
1294 1461 1371 1528 κατύ
1386 1464 1459 1525 διιόν

333 1563 389 1649 γήν
404 1564 563 1651 βιούσαυτες
578 1571 631 1631 τοῦ
643 1570 713 1649 βίου
728 1565 910 1644 ἐπαύσαντο,
932 1563 1121 1649 εύρεθήσεται
1134 1564 1237 1647 κύριος
1252 1561 1269 1632 ό
1287 1562 1351 1631 ύττό
1366 1567 1460 1648 Μαρίνί

332 1669 484 1753 γεννηθείς
504 1675 558 1750 τῆς
579 1667 795 1752 ιίειπαρθένου,
826 1665 988 1750 εύδοιιήσας
1011 1670 1059 1733 έπλ
1081 1675 1140 1757 ζωή
1165 1674 1224 1732 τῶν
1245 1659 1461 1753 ύνθριίπιιν,ί

333 1773 487 1856 γεννηθείς
502 1769 648 1854 όχρόνοις,
671 1769 689 1835 ό
704 1769 746 1837 σόν
760 1770 835 1857 πρός
849 1769 901 1837 τόν
916 1773 1027 1855 πατέρα
1041 1769 1101 1849 ύελ,
1124 1769 1326 1847 έννιιόστιιτος
1337 1769 1408 1844 θεός
1418 1765 1461 1830 Al*

333 1899 401 1958 γος,
431 1871 528 1938 έλθούν
545 1873 577 1938 δὲ
593 1871 637 1938 ἐπ’
657 1873 806 1957 ιίσγότων
822 1871 963 1959 ήμεροδυ,
983 1875 1035 1938 καὶ
1053 1876 1093 1948 είς
1109 1870 1214 1939 ἔαυτόν
1229 1873 1261 1938 δέ
1279 1869 1461 1948 οἷνατιλασόρε

334 2001 386 2051 νος
405 1972 466 2040 ύπό
489 1975 600 2060 μήτρας
621 1984 804 2061 παρθενικῆς
825 1975 919 2062 σόρκα
942 1978 993 2040 καὶ
1014 1973 1115 2058 ψυχήν
1132 1974 1186 2057 τήν
1202 1973 1396 2060 ύνθρτοιιείαν
1410 1975 1464 2050 είλη

331 2075 398 2159 φιδς
416 2075 512 2152 ούτοις
526 2078 737 2164 ένηυθροίπησε
753 2077 929 2158 τελειότατα,
951 2077 1080 2163 κηρύξας
1095 2076 1166 2160 ήμῖν
1182 2085 1258 2160 ζωῆς
1273 2075 1314 2143 τοὶ
1330 2075 1463 2162 μυστήρια,

334 2179 523 2262 δικαιοσύνης
536 2207 566 2246 τε
580 2180 703 2265 έργότας
715 2180 786 2258 τούς
799 2179 892 2247 ούτοῦ
905 2179 1042 2264 μαθητδς
1055 2179 1246 2262 καταστήσας,
1260 2184 1315 2246 καὶ
1328 2179 1381 2264 τήν
1394 2175 1464 2244 αύτσιῗ

335 2285 524 2348 διδασκαλίαν
538 2281 574 2349 δι’
589 2285 695 2349 ἑαυτοῦ
708 2308 737 2348 τε
751 2285 800 2348 καὶ
812 2283 852 2348 δι’
865 2281 964 2350 αὐτῶν
976 2283 1136 2359 παιδεύσας
1149 2280 1180 2348 τό
1196 2283 1358 2369 γένος’τυῐν
1370 2277 1464 2362 ύνθρό

333 2411 416 2464 παν,
439 2383 476 2450 ού
491 2384 527 2450 τό
543 2393 602 2452 τῶν
615 2393 779 2468 Σηθιανοῖν
795 2384 1007 2470 α’ποκαλύψας,
1029 2384 1098 2452 ούδέ
1114 2383 1186 2468 Σήθ
1201 2383 1311 2451 έαυτόν
1327 2383 1463 2468 όνομύσις,

333 2485 374 2564 σός
388 2479 472 2554 σύτοι
485 2494 641 2574 ληροῦντες
656 2491 705 2555 καί
725 2491 805 2578 μέθη
822 2492 877 2555 τινί
894 2489 1080 2573 συνεχόμενοι
1095 2486 1155 2554 ύιιό
1174 2495 1227 2572 τῆς
1243 2485 1389 2572 ἀληθείας
1400 2489 1463 2552 έκσε·

332 2612 478 2669 πτακασι;

422 2896 464 2962 Τό
479 2898 511 2962 δὲ
524 2905 580 2962 νῦν
597 2898 748 2980 συντόμως
763 2897 855 2982 ούσης
866 2907 921 2980 τής
936 2900 1090 2986 αίρέσεοις,
1112 2895 1168 2964 ούκ
1185 2899 1345 2979 ένδεηθείς
1360 2899 1463 2963 έπειτεῖ·

333 3026 382 3065 ναι
398 2997 450 3064 τόν
467 2997 529 3064 κατ’
548 2998 640 3084 αύιής
659 3004 788 3086 έλεγχον,
819 2999 969 3086 ύρκοῦμαι
984 2986 1048 3077 τοῖςΙ
1062 3008 1189 3086 παροῦσι
1208 2998 1323 3082 μόνοις.
1366 2996 1464 3080 Eure*

331 3127 382 3177 τος
398 3099 453 3188 γύρ
468 3099 489 3184 ή
503 3101 614 3169 τούτων
627 3101 728 3183 ύνοια,
750 3105 799 3168 καί
815 3101 921 3186 ἑαυτήν
936 3104 1085 3187 δυναμένη
1101 3128 1132 3168 τε
1147 3103 1258 3187 ἐλέγξαι
1271 3105 1326 3168 καλ
1340 3097 1464 3186 φωρύσσι

332 3201 370 3270 σύ
393 3202 485 3285 μόνον
504 3207 571 3290 περὶ
593 3213 645 3288 τῆς
666 3214 718 3272 τοῦ
739 3211 869 3290 Χριστοῦ
885 3205 1002 3293 ύγωγής
1020 3207 1069 3270 καί
1088 3207 1390 3288 σεσυκοφαντημέτης
1402 3203 1463 3266 διίσ-

332 3311 452 3383 σκαλίας
467 3315 520 3372 τοῦ
536 3306 588 3383 τόν
604 3306 676 3392 Σήθ
691 3305 780 3374 αύτόν
793 3313 916 3390 νομίζειν
933 3335 962 3372 τε
977 3310 1028 3374 καλ
1042 3311 1295 3390 διαβεβαιοῦσθαι
1308 3305 1393 3386 εἶναι,
1412 3297 1464 3368 τ’ίίό

331 3411 383 3472 καί
403 3412 445 3486 είς
463 3409 517 3492 τήν
535 3412 602 3496 περί
620 3419 679 3476 τῶν
699 3409 753 3476 δύο
770 3407 942 3496 ύυθροίπεον
958 3407 1112 3476 ύπόθεσιν.
1157 3412 1200 3473 Εί
1215 3408 1272 3496 γδρ
1288 3413 1325 3474 αἱ
1337 3407 1466 3486 Δυνόμεκ·

306 3591 308 3596 ,
332 3507 451 3576 όίνοιθεν
469 3511 606 3595 έσχήκασι
622 3511 675 3595 τήν
692 3510 798 3598 ύρχήν,
828 3511 884 3580 ούκ
903 3511 940 3578 δν
959 3511 1028 3578 ύνευ
1047 3519 1099 3605 γῆς
1117 3518 1201 3594 μιᾶς,
1230 3511 1271 3593 ἣν
1289 3510 1330 3596 δή
1348 3514 1396 3578 καὶ
1412 3513 1464 3586 Μη-

332 3615 400 3698 τέρα
419 3612 568 3696 φύσκουσι
588 3622 647 3680 τῶν
669 3615 745 3680 ὅλοιν
767 3609 857 3694 είναι,
888 3613 999 3700 ἐγένετό
1022 3640 1051 3679 τε
1073 3616 1125 3680 καλ
1141 3612 1279 3698 έπρύχθη
1295 3612 1334 3679 τό
1349 3611 1407 3679 ύπό
1420 3615 1465 3674 τόν

331 3715 387 3781 δύο
405 3721 581 3800 πραχθέντα.
626 3714 801 3802 Εύρίσκεται
816 3715 872 3802 γόρ
891 3715 911 3799 ή
926 3722 978 3800 μία
997 3719 1075 3782 αίτία
1091 3723 1149 3782 τῶν
1165 3713 1220 3780 δύο
1237 3715 1410 3799 Δυνύμεοιν,
1427 3711 1464 3776 καί

330 3815 401 3884 όίνευ
421 3817 512 3903 αύιής
529 3821 619 3904 μηδὲν
636 3826 696 3884 τῶν
711 3820 874 3905 γευομένων
890 3822 1044 3905 γεγονέναι.
1090 3820 1152 3882 Καί
1169 3814 1408 3902 όνυιδραμοῦντυι
1422 3811 1463 3876 κδ·

330 3928 376 3986 λιν
394 3924 444 3988 έπί
460 3921 492 3989 τό
509 3920 659 4007 όμολογεῖν
678 3923 729 3988 ἕνα
748 3918 823 3987 είναι
838 3919 982 4004 δεσπότην
998 3927 1057 3987 τῶν
1071 3919 1206 3999 πόντων,
1233 3922 1285 3984 καλ
1302 3913 1464 4004 δημιουργόν

330 4026 382 4088 καί
398 4024 517 4108 κτιστήυ
533 4033 592 4090 τῶν
607 4023 697 4103 όλστν,
720 4023 798 4100 ύίπαξ
815 4031 884 4106 μιᾶς
901 4026 1091 4107 δεικνυμένης
1105 4020 1204 4108 α’ργῆς.
1246 4019 1335 4088 Ἀλλδ
1351 4024 1399 4088 καί
1412 4017 1463 4098 περί

330 4125 439 4210 ταύτης
455 4135 510 4212 τῆς
526 4127 664 4212 αίρέσεεος
678 4133 767 4192 ταῦτα
785 4125 948 4210 φήσαντες,
976 4129 1027 4193 καὶ
1039 4123 1285 4208 ύπσιιαλύψαντις
1302 4121 1357 4192 τόν
1373 4122 1413 4190 λόν
1423 4125 1463 4198 τῆς

372 4383 429 4435 Οιυ.
447 4387 481 4436 X.
499 4415 533 4426 —
557 4387 579 4436 1.
596 4387 713 4449 Rescripn'
735 4379 773 4439 ἐπ’
791 4381 904 4454 ἐσχάτων
919 4379 1024 4454 ήμερῶι
1044 4402 1088 4450 ρει
1112 4379 1151 4438 ἐπ’
1168 4381 1275 4453 έυγάτυυ
1300 4383 1353 4438 τῶν
1370 4377 1460 4448 ἤμεσέν

330 4453 394 4504 Idem
409 4457 493 4506 σι’ίὶυπι
509 4457 645 4506 sustulimus
660 4469 734 4518 ιυρτο
752 4457 815 4506 λοσε.
832 4456 881 4517 ὃὸ,
897 4453 922 4507 6.
