2986 4996
409 985 449 1073 S.
486 985 875 1074 EPIPHANII

261 1203 496 1256 cousnnurrnu
515 1205 606 1267 Qmsu
623 1205 660 1255 nnn
678 1205 787 1255 orreo
804 1205 866 1255 usn
883 1201 1029 1254 errsconr

201 1369 425 1438 ADVERSUS
446 1370 573 1438 LXXX
596 1371 820 1439 HAERESES
843 1367 950 1438 OPUS
972 1367 1087 1454 Quom

475 1546 503 1620 P
517 1545 549 1620 Α
563 1545 593 1619 Ν
606 1545 639 1620 Α
651 1547 686 1620 R
699 1545 717 1620 Ι
731 1544 810 1618 Uld

410 1711 484 1796 s’rvu
505 1747 638 1797 necnon
659 1745 879 1796 mscorerrmu.

156 1977 318 2046 Instituenti
337 1981 407 2046 mihi
424 1983 459 2045 de
480 1983 535 2046 lide
556 1983 666 2068 pariter
683 1992 713 2045 et
728 1979 917 2058 infidelitate,
948 1981 1041 2065 deque
1066 1981 1157 2046 rectis
1178 1999 1214 2043 ec
1232 1993 1291 2059 cap.
1308 1992 1327 2040 1.

91 2083 219 2164 perversis
246 2081 429 2168 dogmatibus
455 2104 619 2148 sermonem
646 2083 759 2168 ingredi
787 2081 914 2146 omnium
941 2083 1033 2168 primo
1057 2084 1092 2146 de
1116 2082 1216 2146 mundi

90 2185 284 2264 procreatione,
310 2184 403 2267 deque
418 2185 454 2247 iis
469 2206 542 2269 quae
559 2185 696 2269 deinceps
712 2195 779 2248 sunt
794 2194 963 2261 consecuta,
988 2183 1121 2248 facienda
1135 2205 1216 2247 men·

89 2283 120 2346 tio
136 2296 188 2350 est.
230 2283 323 2370 quue
344 2307 399 2368 ego
426 2307 483 2349 non
507 2287 580 2350 meis
599 2286 710 2349 viribus
732 2295 783 2348 ant
800 2285 920 2370 privatis
944 2284 1215 2348 ratiocinationibus

89 2384 164 2450 fretus
182 2389 348 2471 aggrediar,
373 2387 424 2450 sed
450 2398 591 2472 quatenus
614 2387 727 2471 quidem
746 2386 879 2450 dominus
897 2387 1023 2450 omnium
1048 2407 1082 2450 ao
1101 2386 1215 2450 miseri-

89 2505 142 2549 cors
157 2489 227 2552 deus
247 2489 393 2573 prophetis
411 2489 473 2552 suis
491 2489 621 2574 aperuit,
646 2507 804 2570 eorumque
826 2487 911 2552 nobis
935 2486 1076 2551 beneficio
1097 2487 1215 2551 univer·

88 2606 168 2650 samm
184 2611 282 2652 rerum
302 2589 452 2669 notitiam,
476 2601 613 2674 quantum
631 2590 778 2653 bominum
796 2599 900 2652 nutura
916 2589 984 2667 lert,
1007 2587 1157 2673 impertire
1172 2589 1216 2651 di·

87 2700 175 2768 gnatus
191 2701 249 2754 est.
294 2687 347 2753 Me
365 2712 438 2754 vero
460 2691 517 2754 iam
541 2702 600 2754 tum
625 2691 688 2776 ipso
706 2690 909 2774 disputationis
932 2689 1015 2752 initio
1037 2689 1119 2772 angit
1140 2689 1215 2753 baud

88 2791 258 2855 mediocriter
271 2802 358 2876 atque
373 2803 466 2856 terret
480 2793 608 2877 suscepti
622 2792 720 2876 operis
736 2791 915 2874 magnitudo.
947 2788 1048 2874 Quare
1062 2790 1216 2854 sanctissi-

87 2910 150 2952 mn·
162 2893 241 2955 illurn
258 2893 355 2972 deum,
379 2893 500 2976 eiusque
516 2893 605 2956 lilium
622 2893 738 2956 unicum
752 2889 849 2956 lenum
863 2889 1024 2969 Christum,
1044 2912 1100 2954 nee
1114 2911 1173 2954 nou
1186 2901 1217 2954 et

86 3003 200 3056 sanetum
220 2993 285 3056 eius
302 2995 434 3079 spiritum
451 2995 575 3079 appello,
600 3005 633 3058 ut
648 2995 682 3056 ad
701 2995 821 3058 huiusce
838 2994 882 3057 rei
900 2992 1098 3056 illustrandam
1115 2993 1217 3075 cogni·

86 3089 178 3156 tionem
204 3105 333 3157 mentem
358 3105 486 3160 nostram
508 3095 606 3160 divina
629 3094 694 3158 luec
719 3097 884 3182 perfundat.
928 3091 969 3158 Ut
991 3093 1069 3158 enim
1090 3093 1216 3178 gentiles

85 3193 247 3278 scriptores,
271 3207 330 3258 tam
350 3206 454 3280 poetae
474 3217 558 3280 quam
581 3195 702 3260 alterius
723 3197 858 3280 generis,
882 3195 995 3274 solent,
1020 3217 1084 3260 cum
1104 3195 1216 3259 sabulo·

85 3313 138 3356 snm
148 3296 261 3381 aliquod
277 3319 350 3381 opus
362 3297 528 3374 instituunt,
545 3295 699 3361 Musarum
715 3297 872 3382 implorare
889 3296 1050 3382 quampiam
1064 3331 1105 3346 -
1121 3315 1215 3380 neque

86 3395 149 3458 enim
173 3398 259 3460 deum
288 3397 428 3462 invocant
451 3399 471 3461 ii
499 3420 621 3482 quorum
649 3399 744 3462 omnis
768 3419 809 3462 ex
830 3399 1002 3462 daemonum
1026 3399 1121 3462 alllatu
1149 3419 1217 3485 pro·

84 3515 173 3574 pressa
188 3499 332 3585 sapientia
349 3511 407 3579 est,
431 3501 590 3583 cademque
606 3509 735 3578 terrena,
759 3521 815 3563 nec
829 3519 846 3563 c
862 3500 1073 3585 superioribus,
1097 3511 1128 3563 ut
1142 3499 1216 3562 scri·
1228 3513 1273 3558 tce
1286 3511 1309 3569 t,
1322 3513 1354 3556 rs

85 3606 150 3676 ptum
167 3611 230 3678 est,
255 3601 452 3678 descendens,
476 3637 519 3648 —
540 3602 580 3663 ita
600 3623 654 3664 nos
676 3622 774 3665 rernm
797 3602 925 3665 omnium
948 3603 1158 3666 moderatorem
1182 3621 1216 3664 ec

84 3697 217 3764 dominnm
243 3721 380 3784 rogamus
407 3711 439 3764 ut
467 3703 572 3766 edesse
600 3703 732 3766 tenuitati
756 3714 875 3767 nostrae
899 3703 987 3782 velit,
1020 3725 1057 3766 eo
1083 3709 1216 3782 sanetum

84 3798 156 3864 nobis
170 3801 303 3886 spiritum
320 3803 486 3881 immittere,
511 3804 630 3887 nequid
646 3803 676 3866 in
693 3823 782 3888 opere
797 3803 946 3889 proposito
962 3803 1147 3867 contexendo
1165 3802 1218 3866 lal-

84 3917 137 3962 sum
161 3914 190 3966 et
210 3903 404 3968 adulterinum
423 3905 609 3967 misceamus.
655 3901 750 3986 Quem
774 3926 828 3970 nos
853 3905 984 3992 spiritum
1012 3903 1216 3968 imbecillitatis

84 4013 190 4066 nostrae
214 4005 325 4068 conscii
348 4027 400 4092 pro
427 4005 494 4068 fidei
518 4006 603 4069 modo
627 4026 663 4068 ec
689 4008 803 4072 ratione
825 4007 927 4072 donari
951 4005 1035 4069 nobis
1060 4026 1216 4092 magnope-

84 4121 111 4163 re
129 4126 291 4188 precamur.

103 4337 132 4418 X
147 4339 221 4407 emt,
246 4345 309 4406 mm
325 4345 395 4408 mmo
411 4346 566 4408 mserum,
591 4359 628 4396 n-
661 4347 702 4409 em
718 4351 778 4399 tort

83 4409 137 4458 tltltti
152 4425 182 4460 ex
197 4411 248 4460 cod.
267 4412 357 4461 Veneto.
694 4411 718 4467 6.
744 4411 830 4475 adroic
858 4416 926 4466 cedd.
951 4417 1027 4466 rest
1052 4420 1074 4466 ct
1098 4417 1217 4480 mmmm.

111 4471 132 4524 l.
147 4475 200 4530 mido
217 4480 269 4529 eod.
288 4481 342 4529 Vm.
374 4483 452 4534 muido
465 4483 550 4543 retient
566 4483 627 4530 tibri.
663 4483 736 4548 t'utpo
753 4477 842 4547 αὐτῆς.

109 4541 131 4592 b
146 4543 311 4611 περὶτούτων
328 4547 453 4611 redvers,
468 4545 556 4602 τούτου
572 4551 627 4600 rett-
694 4549 718 4604 t.
736 4547 765 4604 τὸ
783 4553 859 4602 amet
874 4565 904 4604 es
922 4552 974 4602 cod
991 4554 1044 4604 t'cm
