2986 4996
333 343 467 396 ttNaRtt
485 345 562 396 ADV.
579 343 749 396 tttsutssns
765 346 827 396 tau.
843 347 860 398 l.
879 347 959 399 Tott.
975 347 994 397 l.
1198 339 1239 401 67

97 483 143 526 rae
163 472 281 528 exteras
304 463 341 526 ad
359 464 494 528 nationes
511 463 561 528 illo
578 473 709 548 tempore
729 465 952 550 pervenissent,
977 461 1124 552 Assyrios
1138 467 1241 532 videli-

98 575 151 643 cet,
173 585 211 628 ex
228 564 333 650 quibus
351 565 484 649 inquilini
501 565 541 630 illi
560 563 725 631 Samaritae
742 569 870 647 luerunt,
895 589 954 632 una
970 568 1057 632 etiam
1076 567 1240 633 animorum

98 667 232 730 dissensio
256 667 396 750 eontigit‚
422 665 648 752 opinionumque
664 669 811 734 concitata
831 667 959 750 falsitas,
989 680 1020 732 et
1034 670 1070 732 ab
1095 691 1153 733 nno
1171 672 1240 734 reli-

97 766 183 850 gionis
209 770 288 831 anltn
314 768 569 834 innumerabilium
595 790 730 834 errorum
754 771 905 856 perillam
932 769 1106 836 discordiam
1127 771 1240 836 semina

99 870 282 952 pullularunt,
307 880 395 954 prout
420 870 554 935 nimirum
579 871 807 956 uniuscuiusque
825 883 930 936 sensus
948 871 1030 950 tulit,
1054 883 1104 936 aut
1117 872 1147 937 in
1165 875 1239 938 seri·

97 971 179 1055 pluris
194 971 393 1056 intelligendis
415 972 537 1056 peritiae
559 971 615 1034 sibi
635 971 741 1056 aliquid
758 975 926 1058 arrogavit,
950 973 1126 1059 easdemque
1143 975 1239 1057 priva·

97 1083 147 1136 tam
167 1074 202 1136 ad
225 1072 402 1138 sententiam
425 1074 647 1138 adcommodare
670 1075 790 1139 studuit.

455 1313 481 1388 S
498 1313 581 1387 All
597 1313 629 1386 A
648 1313 683 1387 R
699 1313 718 1386 I
737 1313 766 1388 Τ
784 1315 817 1388 t
831 1313 874 1389 E.

95 1447 175 1540 Quae
190 1457 243 1524 ast
260 1449 408 1524 haeresis
425 1449 463 1522 ab
475 1449 591 1546 gentili
606 1449 841 1546 superstitione
850 1451 942 1543 vlt,
954 1450 1069 1526 ordine
1086 1453 1238 1528 verolX.

167 1597 272 1683 ltaque
290 1596 457 1664 Samaritae
474 1619 574 1662 aarum
599 1599 761 1663 haereseon
777 1600 934 1686 principes,
959 1623 1034 1686 qnae
1050 1601 1156 1666 divinis
1173 1603 1238 1666 lite·
1264 1615 1324 1686 Cap.
1343 1621 1362 1669 t.

93 1701 128 1764 ris
151 1703 300 1781 nituntur,
334 1712 400 1785 post
427 1711 670 1764 commemoratas
697 1721 715 1764 a
741 1702 825 1765 nobis
848 1699 1029 1766 Graecorum
1060 1714 1175 1783 sertas,
1207 1714 1238 1768 et

93 1803 186 1867 stolide
219 1803 286 1866 illas
320 1803 435 1887 quidem
462 1802 498 1866 ab
528 1802 674 1866 bominum
708 1803 834 1888 ingeniis
869 1805 1070 1888 exoog'tatam
1104 1805 1238 1890 proxime

91 1915 257 1987 sequuntur.
315 1903 428 1968 llorum
455 1925 547 1988 genus
579 1901 833 1968 Samaritanorum
863 1915 1011 1969 vocatum.
1065 1903 1152 1989 Quae
1175 1927 1238 1970 vox

93 2001 232 2070 Custodes
250 2005 414 2090 signifieat,
439 2005 515 2090 qnod
532 2005 551 2067 ii
570 2006 714 2089 quondam
733 2007 764 2069 in
779 2005 828 2069 illa
850 2016 930 2070 terra
947 2016 1082 2090 tanquam
1099 2009 1237 2072 custodes

91 2107 217 2171 alumni
235 2118 323 2186 sunt3
354 2107 418 2172 sive
435 2107 511 2192 quod
528 2125 602 2191 quae
623 2103 743 2170 abluas
764 2106 923 2170 constituta
943 2118 1028 2170 eraut
1052 2108 1081 2170 in
1099 2108 1164 2193 lege
1186 2129 1237 2173 ou·
1319 2148 1322 2160 ‹

92 2211 238 2273 stodirant.
284 2209 331 2273 Ao
354 2230 439 2272 mons
458 2208 508 2272 ille
528 2229 612 2292 quem
637 2208 807 2273 insederant
825 2206 972 2273 Somorou
994 2210 1155 2294 appellatus
1176 2222 1234 2289 est,

91 2309 133 2373 rel
149 2309 277 2388 Sumen,
308 2310 343 2374 ab
368 2311 487 2394 antiquo
503 2307 669 2373 Somorone
693 2306 825 2374 Someris
852 2311 921 2374 lilio.
968 2307 1000 2374 ld
1027 2311 1103 2373 enim
1126 2311 1153 2374 ei
1170 2312 1235 2375 viro

92 2432 188 2476 nomen
213 2414 280 2476 luit.
327 2409 485 2476 Caeterum
504 2409 612 2476 Somer
627 2411 684 2474 iste
706 2422 816 2496 patrem
843 2410 942 2474 babuit
964 2409 1236 2477 ePberezaeorum

91 2533 119 2575 ae
135 2513 373 2604 Gergesaeornm
396 2533 523 2597 genere,
557 2513 605 2596 qui
630 2523 689 2575 turn
709 2533 773 2575 eam
798 2513 948 2596 regionem
978 2511 1146 2576 habitabant
1166 2525 1236 2579 eta

92 2609 224 2680 Cbanaan
250 2614 395 2699 originem
419 2615 580 2693 duxerant,
605 2615 652 2696 qui
672 2624 796 2678 tractum
817 2615 913 2694 illum,
938 2635 1013 2698 quae
1034 2635 1110 2679 nune
1127 2611 1237 2680 lndaea

92 2725 118 2777 rt
132 2713 266 2780 Samaria
286 2716 402 2793 dieitur,
428 2717 588 2800 usurpavit,
613 2714 740 2779 alienum
758 2715 869 2799 ntique,
892 2725 992 2802 utpote
1010 2716 1133 2780 tiliorum
1150 2714 1234 2798 Sem,

92 2837 148 2880 enm
166 2815 310 2883 Chanaan
328 2817 391 2902 ipse
413 2811 516 2881 Chami
541 2816 616 2880 tilios
639 2828 720 2880 esset
744 2818 845 2880 eodem
864 2839 920 2902 quo
939 2815 1009 2882 Sem
1027 2828 1109 2903 patre
1129 2819 1233 2902 geniti.

90 2913 128 2981 lta
143 2919 266 3003 contigit
283 2929 315 2981 ut
331 2918 458 2982 diversis
474 2919 509 2982 de
527 2917 640 2982 caussis
658 2918 733 2981 idem
754 2914 1004 2983 Samaritanorum
1020 2939 1125 2983 nomen
1145 2939 1235 3004 penes

89 3020 318 3096 contemneris,
348 3021 483 3085 nimirum
506 3041 522 3083 a
542 3018 668 3085 Somero
691 3029 721 3112 ot
738 3017 923 3100 Somorono,
948 3020 984 3084 ab
999 3039 1035 3082 eo
1056 3021 1131 3104 quod
1153 3021 1235 3086 velut

89 3130 176 3185 tarrae
197 3123 338 3186 custodes
354 3122 479 3207 appositi
493 3133 605 3200 essent,
629 3142 663 3184 an
679 3122 803 3206 denique
820 3123 896 3206 qnod
911 3119 1007 3186 Musis
1025 3120 1156 3185 instituta
1169 3141 1233 3186 ser·

88 3235 193 3287 natent.

161 3323 261 3389 Porro
285 3331 304 3388 a
328 3321 444 3389 ludaeis
472 3344 508 3387 ea
536 3345 568 3388 re
601 3324 724 3408 primurn
755 3325 891 3388 dillemnt
918 3325 994 3407 qnod
1018 3323 1055 3388 iis
1081 3323 1234 3410 propbeta·
1252 3335 1311 3404 Cap.
1330 3335 1362 3386 tt.

89 3443 143 3489 mm
168 3431 278 3512 scripta
309 3428 468 3490 sennodum
492 3421 600 3488 Mosen
629 3413 747 3490 minime
778 3438 847 3490 sunt
873 3427 995 3503 tradito,
1029 3426 1080 3489 sed
1107 3426 1234 3510 quinque

88 3523 222 3592 duntaxat
244 3528 411 3606 volumina,
437 3548 511 3611 qnae
528 3548 581 3612 per
598 3524 706 3592 Mosen
725 3525 923 3592 lsraelitarnm
943 3525 1045 3611 generi
1062 3528 1127 3590 data
1149 3537 1230 3606 srrnt,

89 3647 145 3691 anm
162 3653 205 3695 ex
222 3629 361 3716 Aegypto
378 3629 587 3694 deoessissent.
632 3625 710 3693 Sunt
728 3629 798 3692 been
815 3627 954 3706 Genesis,
980 3625 1116 3707 lindos,
1141 3625 1233 3693 Levi·

88 3728 170 3809 dous,
194 3729 340 3810 Numeri,
372 3741 402 3794 et
426 3728 700 3794 Deuteronominm.
747 3729 805 3813 Qui
828 3729 893 3793 libri
917 3730 990 3813 aprrd
1016 3727 1169 3794 Hebraeos
1191 3728 1233 3793 ita

89 3845 243 3896 rorantur:
275 3831 433 3910 beresith,
463 3831 663 3909 Ellesernotb‚
689 3829 825 3908 vaiicra,
850 3828 1033 3910 Vaidabber,
1058 3829 1232 3894 lillebadde·

87 3927 181 3998 barim.
223 3931 340 4018 Quibus
359 3931 391 3996 in
407 3929 434 3996 V
450 3932 531 3996 libris
546 3933 688 4016 quaedam
705 3941 884 3996 mortuorum
899 3932 1124 3997 resurrectionis
1140 3932 1231 3996 vesti-

113 4135 135 4184 t.
153 4139 227 4200 Vulgo
243 4142 308 4188 estat
325 4131 484 4201 ὁρμώμενα.
670 4133 878 4204 postpraedictas
888 4134 1230 4203 Graeenrlraerarenexpro·

113 4201 267 4268 dttesmdpsr'
292 4201 509 4272 dufipnmnbelene
528 4201 637 4261 διανοίας
670 4203 730 4270 prilr
748 4201 977 4254 ratiocinationibus
997 4219 1042 4266 per
1062 4203 1153 4254 mentis
1175 4212 1231 4254 stu-

84 4281 122 4326 pro
135 4268 347 4338 ἱμβροντηθεῑαας
362 4265 411 4324 α’πό
431 4270 554 4329 διανοίας,
577 4271 639 4333 quod
672 4268 803 4336 piditatem
820 4267 960 4320 bominibus
979 4267 1099 4322 inductas.

85 4338 130 4386 obn
142 4342 211 4402 vulgo
220 4343 338 4402 praebent.
358 4342 485 4390 comanus
495 4341 577 4388 uertit:
594 4341 639 4386 Sa·
706 4335 731 4388 4.
750 4335 838 4405 amulo
854 4340 906 4388 rod.
919 4339 1015 4400 ltbadr'g.

85 4403 179 4456 maritae
194 4406 269 4473 igitur
291 4425 307 4458 a
322 4405 406 4458 diuina
425 4407 546 4473 scriptura
564 4419 639 4472 usque
711 4406 769 4455 Gar.
784 4407 814 4455 ll.
839 4431 872 4442 -
908 4405 929 4455 l.
947 4403 1045 4470 unguib
1064 4407 1116 4458 end.
1131 4407 1229 4469 llbtdig.

85 4469 112 4518 ed
126 4471 236 4524 haereres
255 4478 337 4540 limma
348 4490 426 4540 usqne
437 4471 470 4523 ad
481 4473 596 4524 haereses
608 4489 639 4522 ex
676 4479 697 4526 el
713 4476 767 4524 edit.
782 4476 857 4535 prlnn
884 4493 887 4500 Δ

84 4535 161 4592 divina
185 4541 306 4610 scriptura
330 4542 407 4607 ortas)
434 4540 636 4608 progrediuntur,
709 4543 735 4592 ¹2.
752 4535 858 4604 ου’·αιᾶρα
874 4543 993 4603 mandunt
1008 4543 1051 4592 tos.
1070 4544 1182 4603 sentim

971 4623 1020 4689 5*
