2994 5024
300 305 361 368 562
720 316 839 367 ειυοτι
858 315 1025 368 ειτευιεειι

301 455 397 516 σωμεν
417 439 469 514 τῆς
487 431 760 517 ματαιοφροσόνης.’
797 433 840 496 Εἰ
859 429 913 518 γόρ
933 431 1007 508 ’όλιος
1024 430 1042 497 ό
1058 432 1192 520 πονηρός
1207 431 1337 518 πονηρός
1351 431 1442 518 ὑπόρ-

299 562 356 620 χει,
379 532 499 620 ὑρπόζει
514 536 545 598 δὲ
559 532 628 610 τοὺς
641 531 776 619 ὑγαθοός
790 532 850 599 ὑπό
866 541 918 600 τοῦ
933 532 1065 621 όγαθοῦ,
1086 537 1136 600 καί
1151 534 1223 611 τοὺς
1236 541 1372 612 δικαίους
1387 534 1441 600 ὑπό

300 645 353 704 τοῦ
376 641 507 716 δικαίου,
539 639 633 713 ἰδίους
653 637 685 702 δὲ
707 634 759 720 οὑχ
778 634 897 722 όρπιίζει
915 637 1041 718 μόνους,
1069 633 1260 723 εὑρεθήσεται
1278 635 1297 703 ό
1314 637 1442 720 πονηρός

300 737 399 806 οὑκέτι
417 737 564 824 πονηρός,
593 747 651 805 τῶν
670 736 791 825 όγαθῶν
808 735 980 824 ὀρεγόμενος
999 742 1050 806 καί
1066 739 1304 823 έπιδικαζόμενος
1326 737 1369 816 είς
1385 745 1441 824 βελ

297 841 412 909 τιόνων.
455 843 497 906 Εἰ
514 842 546 906 δέ
560 844 612 908 καί
627 840 696 916 τοός
713 844 807 915 ἰδίους
825 844 931 925 κρίνει,
963 847 1102 927 τιμωρίαν
1118 843 1150 908 δὲ
1164 841 1234 918 τοῦς
1249 841 1442 925 οίδιειήσαντας

299 942 431 1027 α’παιτεῖ,
464 942 562 1010 οὑκίτι
583 942 713 1030 πονηρός
737 945 816 1008 ἐσται
840 938 857 1009 6
881 951 1020 1028 πονηρῶν
1042 943 1181 1027 δικαστής
1205 941 1365 1028 όπὺργαν,
1398 948 1442 1010 καί

299 1044 486 1136 εὑρεθήσεται
510 1044 585 1114 κατὺ
613 1046 708 1112 πάντα
733 1044 842 1132 τρόπον
865 1043 886 1127 ή
910 1043 1002 1112 αὑτοῦ
1025 1044 1170 1124 ὑπόθεσις
1193 1046 1300 1128 ἑαυτήν
1323 1045 1440 1130 εἰνατρί-

297 1173 402 1218 πουσα.
448 1149 553 1216 Πόθεν
569 1150 601 1214 δὲ
616 1147 751 1232 εἰλήφασι
768 1148 800 1214 τό
818 1144 892 1214 εἰναι
908 1151 942 1212 αί
953 1157 1031 1235 τρεῖς
1046 1147 1148 1235 οίρχαί,
1170 1148 1258 1214 πόλιν
1271 1152 1344 1235 λέγε.
1397 1157 1442 1226 Τίς

297 1255 329 1319 δέ
352 1251 370 1319 ό
389 1251 509 1330 ταὺταις
530 1249 652 1338 όρισμόν
675 1250 903 1334 συστησάμενοςς
936 1255 978 1316 Εἰ
992 1251 1044 1334 μὲν
1062 1250 1116 1338 γὰρ
1133 1255 1254 1328 ἕκαστος
1270 1254 1301 1318 ἐν
1317 1260 1359 1342 τῷ
1381 1256 1441 1340 ἰδίμ

295 1355 378 1445 τόπῳ
401 1358 607 1442 περιορίζεται,
637 1350 734 1420 οὑκέτι
755 1356 847 1420 τέλεια
867 1352 902 1418 τό
922 1357 988 1435 τρία
1007 1350 1196 1438 εὑρεθήσεται
1217 1350 1442 1440 1όριζόμευαίι

295 1480 354 1524 τισι
367 1467 557 1545 περιεκτικοῖς
569 1455 681 1535 τόποις,
700 1453 884 1542 εὑρεθήσεται
900 1457 932 1522 δὲ
944 1456 976 1521 τό
991 1454 1172 1540 περιεκτικόν
1185 1464 1282 1538 μεῖζον
1293 1465 1351 1522 τοῦ
1365 1485 1442 1542 περι-

297 1562 452 1644 εχομένου,
481 1562 532 1625 καί
554 1555 652 1625 οὑκέτι
673 1556 706 1624 τό
722 1557 924 1644 περιεχόμενον
938 1556 1013 1634 θεός
1027 1556 1063 1623 ῶν
1078 1562 1215 1642 κληθείη,
1244 1557 1316 1624 dnn}
1335 1567 1443 1641 μᾶλλον

296 1659 319 1744 ή
335 1661 501 1747 περιεκτική
521 1658 669 1746 όροθεσία.
714 1664 757 1725 Εἰ
773 1661 870 1727 δὲκαὶ
887 1663 927 1737 εἰς
941 1657 1048 1726 ταὺτὺν
1064 1659 1195 1744 είλλήλοις
1210 1659 1363 1746 γενόμενοι
1379 1665 1442 1728 '5⁴2oe-

298 1785 366 1839 στος
386 1762 460 1830 κατιί
483 1768 573 1829 δίεσιν
593 1761 645 1828 τόν
666 1767 743 1828 ίδιον
761 1761 916 1845 ἐκληροίθη
934 1761 1042 1842 τόπον,
1072 1764 1123 1827 καί
1137 1765 1260 1838 ἕκαστος
1274 1765 1306 1828 ἐν
1320 1770 1361 1852 τῷ
1378 1768 1443 1852 ι’δίμ
1494 1803 1495 1830 ι

297 1863 341 1931 ῶν
358 1873 400 1955 τῷ
414 1867 501 1954 ίτέρῳ
516 1863 571 1932 οὑκ
587 1869 760 1951 ἐντρίβεται,
783 1862 850 1930 οὑδέ
866 1867 1028 1950 ἐπέρχεται,
1050 1863 1147 1931 οὑτέτι
1161 1868 1195 1930 αί
1207 1863 1292 1951 εἰρχαί
1307 1863 1444 1949 α’λλήίαις

296 1969 438 2048 ἐναντίαι,
467 1967 536 2036 οὑδέ
552 1995 596 2044 τις
614 1956 710 2034 αὑτῶν
727 1965 825 2050 φαὺλη
842 1965 1046 2053 εὑρεθήσεται,
1074 1966 1124 2033 διό
1139 1965 1171 2032 τό
1187 1966 1263 2033 κατό
1278 1967 1312 2034 τό
1328 1973 1443 2037 δίκαιον

296 2072 347 2136 καί
368 2070 477 2154 ἥσυχον
497 2074 547 2136 καί
568 2068 708 2146 εὑσταθίς
728 2077 787 2134 τῶν
809 2071 891 2135 ἰδίαν
910 2072 1111 2152 ἐπιμέλεσθαι,
1143 2071 1193 2136 καί
1216 2068 1258 2154 μή
1279 2075 1443 2159 περαιτέρω

296 2176 408 2256 βαίνειν
425 2175 657 2256 ἐπιβαλλόμενον.
703 2174 745 2236 Εἰ
764 2171 796 2236 δὲ
817 2168 835 2237 ό
856 2173 908 2254 μὲν
924 2171 1054 2257 πονηρός
1069 2169 1128 2238 ὑπό
1143 2180 1197 2239 τοῦ
1214 2171 1278 2239 &vm
1294 2173 1442 2257 κατισχύε-

296 2301 345 2340 ται
359 2277 409 2340 καί
426 2273 554 2357 βιάζεται
569 2277 620 2340 καί
635 2283 855 2352 καταπονεῐται,
884 2277 1089 2359 μεμερισμένος
1104 2273 1147 2340 ῶν
1161 2277 1213 2340 καί
1227 2277 1260 2340 ἐν
1276 2278 1345 2365 ἰδίῳ
1360 2275 1443 2364 τόιτμ

297 2373 453 2461 ὑπόρχακ,
475 2370 512 2442 οὑ
525 2375 620 2442 τόπου
633 2384 673 2466 τῷ
689 2374 749 2442 ῶνα
764 2374 869 2466 όγαθῷ
883 2374 971 2443 οὑδὲν
984 2375 1138 2463 προςήκει,
1161 2375 1231 2443 οὑδέ
1243 2405 1271 2444 τι
1283 2375 1337 2444 ὑπ’
1350 2377 1443 2444 αὑτοῦ

296 2486 458 2563 κεκτῆσθαι
472 2487 531 2545 τῶν
550 2481 680 2545 ἐνταῦθα
692 2480 765 2564 λέγω
783 2481 815 2544 ἐν
831 2485 870 2568 τῷ
883 2486 938 2544 τοῦ
953 2487 1086 2565 πονηροῦ
1101 2477 1200 2569 τόπρι,
1229 2481 1440 2564 τυραννικότε-
1493 2559 1494 2564 ¹

297 2607 349 2666 ρος
368 2589 476 2663 μᾶλλον
495 2579 683 2667 εὑρεθήσεται
705 2578 723 2647 6
745 2579 822 2661 όίυοε,
851 2581 901 2645 καί
918 2577 1016 2646 οὑκέτι
1033 2579 1162 2666 ὑγαθός,
1192 2579 1243 2648 τόν
1263 2585 1346 2648 ίδιον
1365 2583 1441 2661 υίόν,

175 2707 226 2754 με.
238 2699 282 2745 Μ.
296 2685 394 2749 είτουν
410 2683 552 2770 Χριστόν,
581 2679 752 2758 ὑποστείλας
771 2687 822 2748 ’ίνα
843 2680 878 2747 τό
896 2681 1030 2768 όλλότρια
1045 2681 1131 2773 λόβη.
1175 2686 1235 2749 Καί
1249 2691 1311 2750 ποῦ
1334 2683 1442 2770 όόρος

296 2782 314 2852 ό
330 2789 462 2873 δωρίζων
479 2786 531 2863 τοίς
545 2793 621 2872 τρεῖς
637 2783 741 2870 ὑρχὺς,
767 2783 841 2850 κατῦ
856 2782 907 2851 τόν
923 2792 975 2851 τοῦ
991 2783 1119 2870 όγόρτου
1136 2793 1187 2869 τῆς
1201 2783 1380 2864 ὑποθέσεως
1393 2787 1438 2854 λό·

295 2913 362 2974 γους
387 2888 590 2972 Ζητηθήσεται
602 2887 657 2974 γὺρ
671 2885 805 2970 τέταρτός
818 2913 861 2963 τις
875 2888 1085 2964 ἐπιεικέστατος
1098 2891 1149 2953 καί
1160 2894 1218 2953 τῶν
1231 2895 1322 2974 τριῶν
1338 2889 1438 2971 σοφῶ-

295 3015 392 3076 τερος,
414 2988 601 3076 όριογνῶμαν
617 3015 647 3056 τε
661 2991 712 3055 καί
727 2987 908 3072 ἐπιστήμων,
934 2987 968 3064 ὃς
985 2986 1021 3052 τό
1035 2991 1123 3075 μέτρα
1137 2989 1248 3079 έκόστρι
1264 2991 1397 3074 διένειμέ
1411 3017 1439 3056 τε
1492 3039 1493 3074 ρ

295 3096 346 3160 καί
365 3092 436 3170 τοὺς
455 3103 532 3179 τρεῖς
551 3095 772 3177 εἰρηνοποίησεν
795 3089 894 3174 ’ήδη
927 3089 967 3174 μή
984 3089 1166 3157 στασιὺσαιευ
1187 3091 1261 3176 πρός
1282 3089 1438 3176 α’λλήλους,
1492 3083 1493 3100 ¹

296 3196 369 3278 μηδέ
382 3199 423 3272 εἰς
434 3194 470 3261 τό
483 3195 571 3262 όλλου
588 3194 672 3270 ὑλλος
690 3191 888 3260 3ιίποστίλλοι.
928 3194 988 3257 Καί
1004 3186 1092 3270 οὑτος
1107 3193 1160 3276 μέν
1174 3198 1275 3270 πείσας
1288 3191 1344 3270 τοίς
1361 3205 1439 3281 τρεῖς

295 3296 386 3384 ιίρχδς
402 3295 589 3384 εὑρεθήσεται
606 3299 740 3382 τέταρτος
756 3298 808 3362 καί
821 3294 989 3381 σοφοίτερος
1003 3297 1053 3361 καί
1070 3297 1291 3381 ἐπιεικέστερος,
1312 3299 1369 3362 καί
1385 3297 1436 3363 αὑ·

294 3397 345 3476 τός
357 3401 389 3466 δὲ
401 3403 433 3466 ἐν
446 3403 510 3488 ἰδίῳ
524 3399 605 3490 τόπῳ
620 3399 708 3466 πόλιν
722 3398 930 3482 ζητηθήσεται,
952 3395 1004 3480 ὑφ’
1019 3390 1110 3484 οὑπερ
1125 3401 1167 3474 είς
1180 3400 1268 3480 μέσον
1283 3390 1363 3478 ήλθε
1380 3407 1438 3465 τῶν

294 3511 399 3587 τριῶν,
419 3503 470 3568 καί
485 3502 597 3591 έκόστῳ
612 3500 644 3568 τό
659 3504 746 3587 μέρος
758 3507 861 3582 σοφῶς
875 3499 1021 3586 διώρισεν,
1042 3503 1092 3566 ἵνα
1108 3500 1149 3584 μή
1161 3503 1203 3576 εἰς
1217 3497 1360 3582 α’λλήλους
1374 3501 1437 3566 τίδι-

292 3615 381 3671 κοίευ.
424 3607 466 3670 Εἰ
479 3605 511 3669 δὲ
528 3607 560 3670 ἐν
575 3613 636 3680 τοῖς
650 3611 703 3670 τοῦ
719 3602 799 3682 ἑνός,
827 3605 899 3688 λέγω
917 3601 955 3685 δή
971 3611 1024 3669 τοῦ
1038 3607 1232 3687 δημιουργοῦ,
1260 3605 1293 3666 αἰ
1304 3601 1366 3668 δὺο
1385 3603 1434 3689 όρ-

293 3712 341 3791 γαί
356 3710 427 3773 εἰσιν
441 3705 703 3790 έμπολιτευόμεναι,
725 3704 744 3770 ό
758 3731 787 3770 τε
801 3703 930 3789 πονηρός
943 3708 975 3770 έν
989 3713 1051 3782 τοῖς
1064 3713 1115 3771 τοῦ
1131 3708 1309 3790 δημιουργοῦ
1322 3704 1435 3790 χείραις

293 3834 324 3875 τε
344 3812 395 3876 καί
413 3809 534 3896 γοόροις,
564 3808 614 3874 καί
636 3805 653 3872 6
673 3815 725 3874 τοῦ
746 3806 865 3893 ὑγαθοῦ
886 3806 1012 3892 Χριστός
1028 3806 1225 3889 ἐπιδημήσας,
1254 3803 1355 3872 οὑτίττ
1376 3807 1434 3894 ἄρα

293 3909 459 3996 κριτήςκαὶ
475 3909 654 3996 δημιουργός
671 3909 761 3992 μόνον
779 3907 981 3995 εὑρεθήσεται,
1010 3907 1080 3974 «md
1096 3910 1145 3973 καί
1161 3907 1289 3994 α’γαθός,
1317 3929 1431 3996 συγγο-
1490 3937 1491 3994 η

292 4021 356 4098 ρῶν
371 4022 433 4090 τοῖς
446 4015 531 4079 δυσίν
546 4017 587 4089 εἰς
601 4011 636 4078 τοί
651 4015 711 4078 ίδια
727 4021 821 4078 ποιεῖν
833 4010 851 4077 6
865 4010 1032 4094 βοὺλονται·
1054 4009 1075 4095 ή
1090 4007 1220 4098 δδρανής
1232 4007 1430 4096 εὑρεθήσηαι,
1490 4009 1491 4101 ή

291 4119 344 4184 καί
364 4114 405 4200 μή
427 4115 535 4199 ἰσχῦον
553 4123 680 4182 κωλῦσαι
701 4122 759 4180 τῶν
779 4117 861 4180 ἰδίαν
880 4113 949 4190 τοὺς
967 4113 1133 4200 ιίλλοτρίους
1152 4111 1292 4200 ἅρπαγας.
1335 4115 1430 4180 M

327 4341 386 4391 ὒιν.
401 4343 455 4393 VH.
472 4367 505 4382 ·-
532 4339 555 4391 ί.
571 4335 702 4406 ίριζίμευα
717 4343 800 4404 στείρα·
816 4353 845 4391 ετ
909 4339 934 4390 2.
952 4331 1006 4406 ἤδη
1021 4341 1104 4404 seips}
1121 4353 1166 4403 μεν
1187 4335 1210 4393 τί
1228 4333 1271 4404 δέ,
1296 4341 1361 4404 Μ
1379 4343 1429 4392 λῦτο·
1489 4355 1490 4400 ι

293 4412 448 4492 επεγιδολίοιιε
471 4411 578 4492 cognati!
600 4414 668 4471 αεηυι
689 4411 786 4462 Ρτλουιλ
819 4410 845 4460 λιι
876 4409 966 4490 weng
999 4411 1109 4459 Ρτιουίιιε
1124 4411 1286 4491 aspicem
1300 4407 1374 4492 M·

293 4478 357 4527 λιοτιι
371 4479 432 4530 enim
447 4483 480 4529 ιιι
495 4473 643 4546 τριζίμτιες.
875 4475 933 4596 6266
941 4475 1273 4599 affiffleoorm·
1307 4477 1426 4528 unh-
