3018 4994
386 307 521 360 eamean
537 308 600 360 ura.
612 309 632 361 1.
649 307 730 360 rou.
742 308 784 358 nr.
803 307 901 359 unua.
915 308 1037 360 xxxrr.
1220 295 1282 358 tlt

137 424 246 488 minem
262 425 428 511 scripserit,
451 428 510 491 imo
525 427 612 491 etiam
629 448 681 491 cur
696 435 799 506 sento,
826 426 879 490 boc
896 440 942 492 est
959 447 1144 513 parasceucs,
1170 426 1215 490 die
1231 447 1281 511 po·

140 538 266 592 stremus
290 527 375 593 homo
398 530 432 593 ad
452 530 668 594 instaurandum
691 527 796 614 prioris
819 528 941 593 bominis
959 531 1178 615 generationem
1200 549 1281 593 suam

136 630 214 694 illam
233 631 408 695 functionem
424 631 540 710 obierit,
565 631 647 695 cuins
663 630 774 694 initium
790 651 823 695 ac
839 630 903 694 bnis
918 633 987 696 hora
1004 644 1089 697 sexta
1105 632 1202 710 luerit,
1227 653 1281 715 qua

135 731 220 814 liguo
234 733 272 796 sit
290 734 403 798 affixus.
448 732 613 796 Perleetam
632 734 735 818 quippe
753 743 877 796 mentem
897 755 961 797 cum
980 735 1008 798 in
1027 735 1143 798 senario
1161 755 1281 798 uumero

135 835 278 898 efficiendi
297 835 534 920 instaurandique
554 835 612 898 vim
632 835 730 899 inesse
749 857 806 898 non
824 835 991 918 ignoraret,
1023 837 1089 900 filiis
1105 836 1177 900 lucis
1193 835 1281 899 itera·

135 947 195 998 tum
213 938 290 1000 illam
310 939 475 1002 declarasse
494 939 731 1023 generationem,
763 957 837 1022 quae
857 958 909 1022 per
925 937 1068 1023 insignem
1085 939 1177 1023 ipsum
1194 959 1281 1023 appe·

133 1049 249 1102 rentem
266 1041 294 1102 in
311 1061 376 1104 eum
392 1061 543 1105 numerum
559 1041 701 1104 extiterit.
740 1037 824 1105 Unde
838 1051 868 1103 et
883 1041 1009 1126 duplices
1024 1041 1124 1104 literas
1138 1040 1279 1123 insignem

134 1142 288 1205 continere
310 1163 461 1206 numerum
482 1143 590 1206 docuit.
637 1140 762 1227 lusignis
780 1143 856 1206 enim
874 1163 1011 1206 numerus
1030 1165 1093 1206 cum
1112 1153 1235 1226 quatuor
1252 1154 1281 1206 et

133 1243 240 1327 viginti
263 1245 418 1329 permistus
443 1245 594 1309 elementis
616 1245 733 1329 triginta
754 1245 901 1309 literarum
923 1265 1028 1308 unomen
1047 1244 1173 1307 conficit.
1220 1240 1278 1308 Sed

133 1367 323 1410 numerorum
340 1357 450 1432 septem
467 1347 664 1432 magnitudine
682 1357 815 1432 tanquam
831 1347 999 1411 administra
1013 1347 1115 1424 utitur,
1138 1356 1170 1409 ut
1184 1343 1279 1410 Marci

133 1443 209 1538 Sige
229 1450 381 1528 narrabat,
415 1460 445 1512 ut
464 1469 480 1512 a
500 1471 552 1513 sua
569 1450 717 1514 voluntate
735 1449 857 1534 proiecti
874 1447 986 1513 consilii
1006 1451 1114 1512 lructus
1130 1458 1277 1534 appareat.

133 1545 276 1614 Ceterum
294 1551 437 1636 insignem
454 1552 528 1616 banc
545 1572 697 1616 numerum
715 1572 797 1631 eum,
829 1552 937 1636 iuquit,
969 1551 1097 1634 intellige
1116 1551 1163 1634 qui
1182 1550 1217 1614 ab
1235 1549 1278 1612 in·

131 1651 210 1735 signi
233 1655 373 1716 lormatns
393 1663 457 1731 est,
489 1653 593 1738 quique
611 1653 690 1718 velut
707 1655 817 1717 divisus
837 1665 867 1717 et
885 1654 1035 1739 bipartitus
1056 1663 1119 1732 est,
1152 1652 1278 1736 lorisque

132 1766 285 1834 remanet,
310 1756 356 1839 qui
373 1776 427 1818 sua
442 1756 550 1820 virtute
568 1777 602 1819 ac
618 1757 768 1839 prudentia
788 1757 995 1840 efficientiaque
1012 1755 1125 1840 propria
1144 1754 1278 1816 nitendum

132 1855 212 1918 hunc
229 1857 263 1919 ad
283 1856 441 1942 septenarii
456 1858 572 1922 virtutis
589 1856 778 1922 irritationem
796 1869 905 1942 septem
922 1857 1077 1922 virtutibus
1091 1855 1279 1940 comprelten·

131 1979 197 2021 sam
211 1959 366 2036 animarit,
390 1959 511 2044 eiusque
526 1959 637 2038 omnis,
662 1961 736 2044 quod
752 1959 926 2045 aspectabile
943 1970 1004 2037 est,
1030 1959 1152 2024 aulonam
1170 1959 1278 2022 corasti-

132 2059 203 2123 tuit.
247 2059 312 2124 lloc
327 2061 416 2146 igitur
432 2083 519 2147 opere
536 2062 616 2125 velut
632 2072 736 2146 sponte
752 2083 768 2125 a
785 2083 817 2125 se
834 2063 910 2125 lacto
926 2061 1048 2146 ipsemet
1065 2062 1165 2126 utitur.
1209 2061 1277 2124 Alia

131 2183 226 2241 vcro,
256 2184 320 2226 cum
347 2163 407 2227 sint
427 2163 602 2228 imitationes
627 2165 766 2248 quaedam
792 2186 849 2227 non
870 2163 1068 2242 imitabilium,
1100 2159 1277 2248 Cogitationi

130 2261 242 2328 Matris
264 2266 408 2328 serviunt.
453 2263 554 2350 ltaque
577 2265 698 2350 primum
722 2267 832 2330 coelum
855 2271 885 2327 A
906 2265 1088 2350 pronuntiat,
1119 2266 1276 2328 secundum

131 2369 182 2440 Η,
206 2365 320 2430 tertium
340 2369 379 2442 H,
402 2377 535 2450 quartum
553 2378 581 2430 et
598 2369 720 2432 medium
737 2367 847 2432 vocalis
864 2368 952 2431 Irim
969 2369 1071 2446 ellert,
1095 2367 1223 2451 quintum
1242 2369 1275 2443 0,

130 2479 250 2532 sextnm
271 2474 312 2545 Τ,
342 2470 496 2554 septimum
518 2481 547 2532 et
565 2483 695 2553 quartum
715 2471 888 2533 elementum
907 2471 939 2530 Ω
958 2491 973 2533 e
992 2470 1087 2532 nredio
1105 2471 1274 2554 proclamat,

130 2571 174 2634 ait
190 2568 342 2634 Marciana
361 2568 448 2654 Sige,
472 2593 545 2655 qnae
560 2593 679 2655 magnas
696 2593 787 2656 nugas
803 2571 938 2636 effutiens
953 2573 1015 2635 veri
1032 2570 1102 2634 nihil
1118 2570 1273 2654 eloquitur.

132 2669 267 2736 Virtutes
283 2674 350 2736 illae
367 2695 453 2758 porro
470 2675 555 2738 simul
569 2695 669 2738 omrrea
686 2674 810 2737 invicem
826 2686 979 2738 consertae
997 2684 1146 2750 resonant,
1171 2671 1274 2756 inquit,

130 2795 167 2838 ac
184 2775 352 2858 praedicant
372 2797 435 2840 eum
455 2797 471 2840 a
490 2797 545 2860 quo
563 2777 718 2861 productae
736 2788 816 2841 sunt.
861 2773 953 2842 Curius
971 2777 1084 2840 sonitus
1103 2773 1275 2838 collaudatio

130 2878 254 2963 primum
278 2879 306 2942 in
331 2875 487 2942 Parentem
513 2880 678 2958 corilertur,
712 2881 844 2963 idemque
867 2900 957 2942 sonus
981 2878 1093 2941 delatus
1114 2878 1143 2940 in
1169 2887 1274 2938 terram

130 2979 260 3042 omnium
282 3001 356 3063 quae
380 2991 448 3044 sunt
470 2982 497 3043 in
521 3001 555 3042 aa
575 2982 658 3044 lictor
675 3002 708 3044 nc
730 2990 898 3067 procreator
916 2991 962 3044 est
980 2983 1085 3044 luctus.
1131 2976 1216 3061 Quod
1235 2997 1275 3040 ex

129 3101 236 3145 recena
258 3082 343 3144 editis
366 3082 523 3145 infantibus
546 3084 744 3146 demonstrare
767 3085 884 3160 nititur,
917 3083 963 3166 qni
983 3083 1153 3165 simulatque
1173 3080 1274 3142 matris

130 3205 172 3247 ex
188 3194 271 3247 utero
295 3185 479 3266 prodierunt,
504 3185 600 3264 vagitu
617 3205 670 3247 suo
686 3185 910 3268 uniuscuiusque
930 3185 1135 3247 elementorum
1153 3183 1272 3246 istorum

130 3305 235 3348 sonrtm
254 3286 431 3370 exprimunt.
478 3283 515 3350 Ut
532 3285 620 3370 igitur
636 3297 772 3372 septenae
791 3286 931 3362 virtutes,
956 3285 1012 3364 nit,
1037 3283 1166 3348 Verbum
1185 3282 1275 3346 loudl-

130 3387 186 3450 bus
206 3387 347 3473 efferunt:
378 3389 416 3450 itn
434 3399 463 3452 et
478 3386 610 3452 Marcum
628 3389 717 3473 ipsnm
736 3389 850 3471 plorans
867 3388 896 3450 in
913 3387 1071 3451 inleutibus
1087 3408 1121 3449 ac
1138 3406 1274 3449 moerens

130 3489 227 3552 aniana
250 3489 406 3574 praedicat.
453 3487 522 3552 ldeo
541 3511 653 3574 quoquc
672 3487 765 3552 David
789 3487 911 3552 cecinit:
943 3494 992 3550 Ee
1012 3511 1061 3550 ore
1078 3490 1225 3572 obsuntrbm
1246 3499 1276 3548 et
1285 3499 1423 3558 erutuet.

130 3594 292 3652 lactentium
311 3593 461 3675 perfiniti
478 3595 596 3654 leudem.
644 3593 689 3654 nc
714 3611 845 3654 rursum:
878 3594 958 3654 Coeli
976 3595 1113 3654 coelorum
1137 3601 1424 3662 connecteremus.

128 3696 252 3773 glorabm
272 3697 326 3754 dei.
374 3691 450 3757 lliuc
469 3693 603 3809 estquod
621 3692 698 3756 inter
713 3693 828 3756 labores
848 3704 877 3756 et
894 3713 1067 3771 aerumnas,
1099 3702 1129 3756 ut
1146 3693 1186 3755 sit
1202 3713 1273 3775 quo-

131 3795 284 3859 dammodo
303 3795 479 3858 delaeectior
497 3797 608 3876 areima,
631 3796 743 3858 literam
764 3796 796 3855 Ω
813 3795 994 3878 pronuntiat,
1019 3796 1092 3879 quod
1111 3805 1157 3858 est
1175 3795 1273 3857 lauda-

166 3929 204 3982 ta.
218 3923 685 4000 qdepomqutrcndesideraturlncod.
721 3934 825 3994 Οήμισι.
850 3935 959 4018 lpnpser't
973 3933 1043 3980 etium
1059 3931 1105 3980 Vel.
1119 3931 1240 3991 interpres.

131 3999 213 4051 Veneto
228 4007 249 4050 et
264 4003 329 4061 opud
346 4001 453 4049 Pseudo-
443 4002 586 4062 -Ortplnem
755 4000 791 4052 ll
809 3995 858 4052 σ’πό
875 3998 952 4066 μέσου
969 4001 1060 4060 reportet
1073 4013 1101 4046 ec
1116 4000 1217 4047 Pseudo·
1221 4000 1273 4048 Ore·-

167 4069 205 4118 13.
221 4063 269 4132 τήν
287 4063 354 4132 ζωήν
370 4068 419 4119 τῶν
435 4068 502 4117 teter
515 4070 594 4118 vitiose
612 4071 684 4118 Pseu·
717 4081 773 4131 pene
786 4073 807 4117 et
825 4071 870 4118 Vel.
881 4070 1008 4129 Interpretc.
1037 4068 1124 4116 Omittit
1137 4067 1187 4116 cod.
1203 4067 1272 4115 Vene-

132 4136 179 4184 do·
169 4137 305 4197 -ortpems
717 4141 761 4186 tus
794 4129 845 4187 eisd
865 4134 955 4220 μέσους
970 4137 1066 4196 culpato
1082 4138 1114 4183 est
1131 4136 1255 4195 scripturo.

167 4203 204 4252 ll
221 4198 286 4254 κατὰ
292 4199 408 4283 μίμησιν
428 4204 494 4252 codd.
512 4205 564 4254 Vm.
587 4205 684 4267 Rbedr'p.
753 4203 791 4254 18.
809 4222 825 4268 η
820 4198 909 4270 dm
893 4222 910 4266 η
924 4207 1016 4264 reposce·
1030 4216 1059 4250 ee
1072 4203 1274 4264 Pseudo-Origene

130 4273 207 4321 eoru.
233 4265 341 4336 μιμήσει
354 4271 461 4321 Pseudo·
451 4273 585 4334 -ortpener
612 4273 684 4335 Vulpo
717 4274 793 4322 ctt'et.
802 4272 933 4332 Interprete,
945 4271 1197 4350 cententtcpoatulcnte.
1217 4271 1274 4332 ept-

127 4331 174 4390 καὶ
191 4335 308 4419 μίμησιν.
715 4341 798 4402 pbcnie'
814 4341 867 4388 labri
883 4330 1000 4387 bubent’
981 4333 1043 4419 ηχή.

167 4407 204 4456 lb.
220 4401 342 4472 γενόμενα
361 4403 393 4460 rel
411 4399 444 4460 δι’
462 4401 577 4466 εἰκόνων,
604 4400 684 4474 μιμή-
756 4407 791 4455 to.
810 4409 883 4456 Verbo
899 4404 948 4458 τῶν
963 4399 1073 4470 edocetis
1086 4419 1132 4456 non
1146 4410 1275 4468 rennerunt

132 4489 204 4594 ’Ἤ
214 4444 683 4594 ‘tt ltt‘d’zttultt'ltm
717 4475 953 4610 eqpqpappp
960 4475 1045 4594 ‘llil
1039 4476 1178 4537 ''W“
