3018 4994
604 922 739 984 sanun

417 1075 927 1164 EPIPHANII

225 1280 578 1358 CONTRA
642 1279 1120 1357 HAERESES

508 1467 596 1520 Ltuttt
617 1469 634 1518 i.
659 1468 774 1520 TOMUS
792 1469 835 1520 tu,

313 1707 585 1785 CONTRA
627 1707 1034 1803 uuflcostus

396 1827 949 1922 hmmufflb,ffimfflffiw.

181 1976 303 2044 Marcus
326 2003 397 2045 raro
421 1981 552 2066 qnidam,
583 2002 599 2045 a
622 2003 678 2064 qao
697 1977 912 2044 Marcosinrum
932 1991 1012 2044 secta
1032 1980 1199 2065 pullutavit,
1229 1993 1326 2062 neap.
1339 1995 1356 2045 ι.

95 2081 244 2168 prioribus
262 2083 319 2146 iilis
338 2085 502 2168 proiectus,
526 2105 561 2147 ac
575 2084 690 2146 diversa
707 2084 847 2166 quaedam
863 2081 899 2144 ab
914 2083 969 2146 iliis
987 2083 1134 2161 sentiens,
1159 2082 1248 2167 pesti·

95 2187 191 2250 iarum
214 2184 245 2248 in
263 2185 363 2249 orbem
382 2185 462 2249 virus
482 2185 621 2249 oronauit.
668 2183 725 2248 ttic
744 2186 820 2248 enim
838 2182 976 2249 Secundo
996 2196 1082 2269 atque
1103 2183 1247 2270 Epiphani

94 2297 126 2350 et
141 2283 313 2350 Ptolomaeo
331 2285 547 2372 Vaientianque
569 2289 731 2351 succedens
753 2288 916 2351 insaniores
938 2289 973 2350 ad
997 2309 1091 2370 nugas
1113 2308 1146 2351 ac
1169 2288 1249 2350 vetut

94 2387 301 2452 circulatorum
322 2389 432 2452 tabutas
450 2392 625 2453 asserendas
645 2409 819 2474 progressus
839 2399 896 2452 est.
942 2385 982 2451 Et
999 2389 1113 2472 quidem
1130 2390 1248 2453 mulier·

97 2490 180 2554 cuias
198 2489 336 2575 virosque
354 2491 502 2556 fraudibus
518 2492 579 2556 suis
596 2491 811 2555 circumventos
829 2490 961 2569 induxit,
985 2491 1168 2577 superiorum
1185 2491 1248 2556 iltu-

95 2613 159 2656 rum
176 2593 365 2677 impostorum
381 2605 534 2658 corrector
550 2593 681 2673 babitus,
706 2614 770 2656 euin
788 2593 965 2676 naapicarum
981 2603 1062 2656 esset
1076 2595 1180 2656 artinan
1199 2615 1248 2678 ap-

96 2693 191 2780 prime
208 2695 328 2779 peritus.
376 2692 580 2780 Compluribus
596 2695 684 2778 igitur
699 2695 849 2779 utriusque
864 2717 955 2760 sexus
971 2716 1004 2758 se
1023 2707 1053 2759 ut
1068 2695 1248 2781 potissimum

96 2797 233 2862 audirent
250 2797 410 2880 persuasit,
444 2808 543 2882 utpote
560 2795 786 2860 scientissimum
804 2799 988 2882 maximaque
1008 2819 1048 2861 ex
1065 2799 1181 2861 noaaaine
1200 2819 1248 2862 ca·

97 2899 230 2966 rentibus
248 2900 400 2984 visumque
418 2899 594 2982 fugientibus
612 2900 683 2962 iocis
701 2911 843 2982 potestate
862 2901 1040 2984 praeditum
1072 2921 1111 2963 ex
1128 2921 1184 2984 quo
1202 2921 1249 2962 re·

97 3024 170 3066 vera
191 3023 224 3064 se
243 3001 416 3066 Aattiebristi
434 3021 655 3087 praecursorem
675 3003 813 3066 ostendit.
859 2985 1127 3066 Anaxiiaiiudicra
1145 3002 1249 3087 qnippe

97 3103 212 3168 romania
229 3125 409 3168 cumeorum
426 3125 500 3189 quos
515 3125 616 3188 magos
631 3105 797 3181 concinnat,
823 3104 950 3168 versutia
968 3105 1149 3190 coraiungens
1164 3117 1249 3188 atque

97 3207 170 3272 iisce
186 3205 353 3292 praestigiis
369 3215 399 3270 et
412 3208 522 3270 artibus
537 3207 661 3270 itlcdeas
677 3216 857 3289 spectatores
873 3227 974 3270 omnes
988 3228 1022 3270 ac
1036 3208 1165 3270 ianitores
1180 3227 1249 3270 suos

98 3309 126 3373 iu
151 3319 300 3393 stuporem
319 3309 597 3393 admirationemque
620 3309 783 3389 convertit,
812 3309 886 3392 qnod
909 3311 1001 3393 ipsum
1025 3310 1060 3372 ad
1081 3309 1247 3373 hodiernam

99 3431 192 3497 usqua
209 3409 284 3474 diem
302 3423 466 3476 sectatores
483 3411 560 3475 iilius
581 3408 698 3474 iaciunt.
745 3406 916 3474 Cuiusmodi
934 3411 1064 3494 magicae
1081 3411 1152 3473 artis
1170 3411 1250 3474 iniia-

100 3513 160 3578 cias
176 3513 226 3598 qni
244 3513 362 3591 vident,
389 3525 420 3576 nt
436 3513 471 3576 ab
489 3512 538 3577 iilo
556 3513 699 3597 qnondam
718 3513 783 3576 dnm
802 3512 933 3589 viveret,
957 3513 1001 3576 sic
1018 3512 1053 3576 ab
1072 3513 1147 3576 iliius
1164 3513 1250 3576 modo

99 3615 307 3692 sectatoribus,
331 3613 470 3678 miracuta
488 3615 549 3678 beri
564 3615 754 3680 arbitrantur.
795 3611 870 3678 Ceam
888 3615 962 3678 enim
982 3625 1078 3678 uniente
1094 3615 1179 3678 etiam
1196 3613 1250 3698 ipsi

102 3719 177 3803 capti
196 3717 266 3794 sint,
288 3728 318 3780 at
331 3718 387 3780 isto
404 3717 572 3781 discernere
586 3720 703 3781 onanino
719 3729 876 3802 nequeant,
898 3717 1018 3800 magicis
1036 3716 1250 3780 cantationibus

101 3819 229 3898 ludicra,
257 3829 288 3882 nt
302 3840 360 3882 uno
376 3821 466 3883 verbo
484 3821 593 3898 dicam,
618 3819 760 3883 eiusmodi
775 3819 927 3882 tribuenda
942 3839 999 3882 non
1016 3820 1126 3882 vident.
1161 3815 1186 3881 F
1189 3819 1250 3881 aisa

102 3921 206 4006 quippe
230 3920 367 4006 opinione
393 3921 506 4007 decepti
530 3921 650 3986 bobetas
675 3934 761 4006 atque
784 3922 899 3986 attoniti
923 3921 1092 3985 redduntur.
1138 3917 1251 3983 Ferunt

102 4025 177 4087 enim
200 4023 254 4088 tria
272 4025 345 4110 apud
365 4024 430 4088 illos
449 4023 653 4088 candidissimo
671 4044 710 4086 ex
728 4025 804 4087 vitro
824 4044 895 4087 rasa
913 4023 1093 4108 comparari,
1127 4023 1156 4085 in
1177 4043 1250 4106 quiae

102 4125 198 4190 album
216 4125 315 4190 virtum
331 4127 519 4205 infusum,d
524 4149 569 4190 nm
587 4126 664 4192 iiiam
681 4147 765 4210 quam
785 4135 886 4211 putant
903 4125 1122 4204 cocinaristiam,
1147 4145 1252 4190 revera

104 4287 199 4330 etoroaa
211 4289 337 4332 corrector
346 4279 486 4340 baberetur
499 4279 659 4332 offaaeiarora-
692 4279 745 4348 τις]
767 4290 855 4347 utpote
876 4280 918 4360 qui
940 4289 965 4330 et
983 4277 1158 4330 scientissimus
1178 4287 1252 4340 esset,

104 4363 149 4414 que
157 4349 307 4415 magicarum
317 4349 476 4416 peritissimus
466 4350 612 4412 resisteret,
621 4349 658 4400 di·
692 4349 871 4429 mammemque
882 4347 919 4397 ιὶι
921 4366 935 4398 a
946 4365 960 4398 a
972 4345 1064 4398 locia'
1044 4363 1097 4398 aare
1110 4346 1217 4413 adogia'
1210 4364 1251 4396 an·

105 4427 155 4466 ctae
169 4428 253 4466 autam
267 4415 396 4483 dictosque
410 4434 495 4468 omenes
508 4417 658 4484 decepisset)
693 4415 1018 4483 uisitatiaiaaoroioatiaqua
1033 4415 1097 4477 aim,
1115 4432 1159 4466 aru
1174 4416 1252 4466 ιὶιιιι-

105 4493 130 4534 ct
146 4484 192 4536 ribi
210 4483 368 4534 attenderant
385 4485 602 4570 [craneburnam
620 4487 659 4536 St·
692 4493 759 4544 tem,
778 4483 909 4536 obtineret.

104 4565 168 4606 ιιιιιιι
180 4553 252 4617 bioca
265 4557 314 4604 act
325 4551 349 4604 9
368 4554 406 4605 ιιι.
422 4542 445 4622 ῳ
459 4556 585 4621 προςιῐχοι
598 4549 659 4606 adn·
