2986 4996
310 303 446 356 unsrun
464 303 540 356 nnv.
556 303 725 356 nauussus
741 305 806 358 unu.
817 307 837 360 r.
855 307 937 359 rona.
953 308 974 359 1.
1175 297 1219 361 69

75 419 119 505 gia
139 431 207 485 suut
230 441 370 508 aspersa,
401 422 441 487 ita
468 433 564 488 tamen
584 433 616 488 ut
636 413 818 510 nequaquam
842 425 996 512 perspiene
1018 425 1213 512 praedioetur.

73 523 116 586 st
132 523 203 588 haee
218 523 254 588 de
269 525 357 589 uuieo
373 525 420 588 dei
436 523 494 588 ilio
508 524 615 590 ioieota
634 525 743 589 mentio
759 536 816 603 est,
830 526 957 611 itemque
972 527 1092 613 spiritus
1106 529 1212 610 saneti,

73 645 104 688 ae
122 624 157 690 de
178 627 322 690 idolorum
338 626 535 690 damnatione.
582 625 716 690 Tametsi
735 627 842 691 elarius
857 626 887 690 iu
903 629 947 692 luis
964 629 1010 692 dei
1027 629 1214 715 singularitas

74 727 246 806 adstruitur,
276 727 307 791 in
332 749 386 811 qna
405 738 502 792 tumen
528 727 719 814 spiritualiter
741 749 855 813 queque
873 728 987 794 trinitas
1004 732 1214 816 comprehensa

73 829 118 892 sit.
161 829 206 892 Ar
225 829 267 893 illi
292 839 409 914 aeeepta
433 829 499 912 lege
522 829 577 892 hoo
597 825 685 894 noum
705 830 895 908 studuerunt,
919 841 951 895 nt
969 831 1112 896 idolorum
1128 854 1216 919 repu-

74 929 145 993 diata
161 930 372 1015 superstitione
389 952 478 994 unum
497 931 583 994 deum
596 943 803 1016 agruuseerent.
834 930 940 1016 Neque
953 935 1120 998 aeeunatius
1134 935 1216 1020 quie-

74 1051 151 1114 quam
167 1030 328 1116 exquirere
345 1032 512 1098 uoluerunt.
558 1031 648 1097 lidem
666 1053 739 1097 vero
756 1034 787 1097 in
805 1053 935 1098 errorem
952 1035 1095 1121 prolapsi,
1120 1055 1215 1122 neque

75 1153 169 1198 omues
197 1133 266 1196 lidei
289 1143 409 1198 nostrae
434 1144 533 1220 partes
556 1144 606 1198 aut
633 1134 778 1218 integram
805 1133 894 1200 vitam
918 1145 1024 1200 exarte
1054 1137 1212 1221 eomplexi,

73 1245 249 1298 mortuorum
265 1235 510 1300 resurrectionem
525 1235 678 1322 ignorant,
703 1257 757 1301 neo
773 1232 836 1300 ieri
849 1256 937 1321 posse
954 1247 1065 1324 putant.
1101 1234 1223 1302 Deinde·

75 1335 201 1420 spiritu·
220 1347 355 1401 sanetum
372 1337 525 1416 reiieiunt,
557 1358 642 1422 quem
665 1336 765 1424 ulique
783 1337 929 1402 neseiuut.
975 1335 1035 1404 Sed
1059 1338 1126 1402 illud
1149 1339 1216 1404 ltoie

75 1435 184 1502 haeresi
202 1437 343 1521 contigit,
368 1450 400 1503 ut
420 1439 485 1504 dnm
505 1449 684 1504 mortuorum
705 1441 950 1504 resurrectionem
968 1439 1129 1526 improbat,
1151 1441 1216 1504 ido-

75 1537 270 1624 lolatriamque
289 1541 418 1625 respuit,
449 1541 479 1604 iu
500 1560 565 1606 earu
590 1539 758 1626 imprudens
780 1541 933 1622 inciderit,
965 1541 1040 1628 quod
1065 1541 1215 1607 notionum

75 1651 195 1722 quatuor
211 1641 367 1705 simulacra
386 1643 416 1706 iu
433 1651 531 1706 monle
551 1643 675 1726 quodam
692 1643 834 1706 oeeultata
853 1653 936 1722 sunt,
965 1645 1013 1729 qni
1030 1643 1066 1707 ab
1084 1642 1140 1708 illis
1154 1641 1216 1708 Ga·

75 1741 143 1804 rizin
159 1743 361 1806 fraudulenter
377 1743 597 1828 cognominatus
617 1755 673 1808 est.
720 1741 798 1809 Nam
814 1744 838 1808 si
853 1745 917 1831 quis
930 1745 966 1808 de
982 1755 1080 1810 monte
1093 1743 1216 1810 Garizin

76 1844 215 1926 explorati
242 1843 349 1928 aliquid
375 1844 483 1909 habere
505 1845 592 1924 velit,
622 1845 771 1912 selendum
796 1847 897 1910 estad
923 1842 1118 1911 leriehuntem
1143 1846 1216 1910 duos

76 1964 136 2009 esse
157 1957 290 2024 montes,
325 1943 446 2011 Garizin
464 1967 500 2010 ae
519 1945 631 2026 Gebal,
661 1949 736 2032 ultra
752 1946 923 2028 lordauem,
954 1948 1003 2033 qui
1022 1945 1217 2013 leriohnntem

75 2045 107 2107 ab
128 2047 243 2110 oriente
266 2049 442 2133 mapinium,
466 2049 543 2114 utin
561 2047 790 2114 Deuteronomio
807 2061 837 2113 et
856 2049 930 2113 libro
951 2046 1021 2114 lesu
1036 2048 1123 2116 Nare
1141 2043 1365 2156 sen-2⁸³¹}

76 2159 148 2229 ptum
164 2159 222 2213 est.
258 2145 458 2234 lmprudentes
476 2171 548 2235 ergo
563 2151 719 2214 simulacra
739 2159 929 2231 venerantur,
952 2173 1018 2215 enm
1034 2150 1112 2216 inter
1128 2171 1217 2214 oran·
1243 2113 1326 2168 Μ’

77 2251 138 2314 dum
156 2250 284 2335 undique
303 2271 337 2315 se
355 2253 390 2315 ad
414 2263 541 2317 montem
564 2253 646 2316 velut
668 2263 800 2316 sanetum
823 2252 990 2316 obvertunt.
1035 2249 1117 2315 Fieri
1139 2251 1215 2322 enim

78 2372 131 2414 non
154 2362 253 2438 potest
276 2363 306 2416 ut
331 2354 475 2439 seriptum
498 2355 624 2418 mendax
642 2355 700 2435 sit,
724 2374 799 2438 queo
817 2353 905 2418 dieite
939 2357 1109 2416 Mun-serunt
1128 2357 1216 2434 legem
1241 2313 1328 2439 lira}

75 2465 229 2530 amtor,
255 2459 449 2518 eruderantes
464 2459 701 2532 suinuluerusuu,
725 2477 812 2539 arsque
830 2459 1058 2546 adpraesentent
1073 2459 1161 2532 dierur
1186 2463 1218 2517 ut

76 2553 103 2616 iu
123 2551 169 2618 lV
191 2553 363 2640 Regnorum
386 2557 462 2621 libro
483 2558 624 2641 proditum
649 2568 705 2622 est.

156 2653 241 2740 Quod
268 2677 340 2721 vero
363 2659 398 2722 nd
419 2669 597 2723 mortuorum
615 2659 861 2724 resurrectionem
880 2659 1000 2738 attinet,
1024 2659 1146 2745 primum
1165 2677 1216 2720 eo·
1235 2669 1296 2738 esp.
1305 2671 1350 2722 111.

75 2777 135 2820 rum
157 2779 242 2822 error
266 2779 307 2822 ex
324 2759 427 2824 Abelis
446 2760 568 2826 historio
584 2761 745 2839 relellitur,
768 2759 850 2824 euius
869 2761 988 2844 sanguis
1006 2759 1053 2823 vel
1075 2768 1141 2845 post
1157 2757 1368 2826 oti-ento

76 2867 132 2922 tum
162 2881 225 2924 eum
252 2859 370 2924 domino
396 2862 558 2926 eolloeutus
587 2871 644 2926 est.
689 2859 779 2946 Atqui
803 2862 923 2946 sanguis
951 2861 1047 2926 anima
1073 2880 1132 2923 nou
1160 2869 1218 2938 est,

77 2962 125 3024 sed
154 2961 231 3026 inest
255 2981 291 3026 eu
316 2961 346 3025 in
373 2965 529 3051 sauguine.
573 2961 682 3047 Neque
705 2983 779 3026 vero
803 2963 896 3043 dixit,
930 2967 1035 3024 Anemo
1058 2965 1137 3023 r'llr'us
1160 2964 1219 3024 eln-

76 3076 132 3125 nut
145 3069 183 3126 ud
198 3086 259 3140 me,-
284 3075 316 3128 ut
330 3085 411 3151 spem
427 3085 495 3130 esse
510 3085 664 3151 eorporom
682 3063 905 3148 resurrectionis
921 3062 1102 3126 ostenderet.
1134 3062 1220 3127 Adde

79 3165 150 3248 qnod
168 3164 273 3230 Euenit
298 3183 336 3229 nu
358 3177 480 3230 mortem
504 3166 600 3230 obiret
621 3165 777 3229 manslatm
799 3175 862 3244 est,
893 3184 948 3228 neo
966 3173 1068 3248 postea
1086 3173 1371 3249 reponeremus

77 3277 131 3330 est.
176 3265 255 3350 Quid
273 3267 348 3353 quod
375 3277 405 3331 et
422 3265 515 3333 Sarra
540 3268 567 3332 id
586 3258 679 3353 ipsum
706 3267 902 3346 demonstrat,
936 3263 1001 3328 dum
1028 3263 1136 3329 effoeto
1161 3267 1220 3330 iam

77 3379 156 3432 utero
177 3370 384 3454 supressisque
407 3369 566 3434 menstruis
582 3368 738 3453 genitalem
759 3367 818 3430 vim
843 3365 938 3429 denuo
961 3366 997 3429 ad
1020 3365 1370 3451 prooemium-enuere

79 3468 142 3532 lum
153 3471 273 3556 aeeipit,
286 3491 321 3535 au
336 3470 420 3534 senio
437 3473 569 3535 eonleotu
585 3469 673 3534 lilium
690 3467 876 3532 nihilominus
893 3487 932 3530 ex
946 3467 1139 3553 promissione
1153 3488 1219 3552 par-
1231 3477 1370 3534 sssum

79 3572 163 3652 turit,
187 3572 228 3636 ob
243 3593 324 3658 spem
339 3583 481 3636 venturae
501 3571 655 3656 aliquando
672 3569 916 3634 resurrectionis?
949 3563 1116 3650 Quinetiam
1133 3565 1221 3633 laeob

79 3672 140 3736 dum
157 3674 196 3738 de
215 3675 278 3739 suis
294 3673 410 3738 ossibus
428 3683 474 3738 est
490 3672 649 3750 sollicitus,
681 3691 737 3734 nou
754 3669 852 3754 ulique
869 3671 906 3733 de
922 3670 967 3735 luis
986 3681 1122 3754 tanquam
1143 3669 1218 3756 peri·
1231 3679 1370 3739 (ΜΗ

79 3775 147 3839 turis
164 3775 300 3839 mandata
314 3776 376 3840 suis
394 3774 518 3861 reliquit.
554 3772 640 3856 Quod
656 3773 749 3858 ipsum
766 3769 906 3856 losephus
923 3782 1023 3856 postea
1037 3770 1219 3855 praecipiens
1231 3781 1370 3838 uentum

77 3877 302 3942 resurreetionis
317 3877 446 3963 speeiem
460 3875 653 3941 adumbravit.
696 3873 782 3938 Adde
796 3871 973 3937 Aarooioam
992 3873 1121 3958 virgam,
1145 3892 1220 3957 quae

76 3981 204 4044 arelacta
225 3979 399 4063 germinavit
424 3981 592 4063 lruetusque
617 3975 758 4062 protulit,
782 3985 814 4038 ut
837 3984 968 4038 emortua
985 3973 1131 4038 huminum
1150 3985 1366 4043 eur-nunna

75 4103 144 4164 pura
168 4082 204 4146 sd
223 4080 303 4144 vitae
318 4101 398 4167 spem
416 4081 572 4144 exaltanda
594 4086 787 4158 monstraret3
821 4074 848 4138 id
867 4075 944 4140 enim
968 4075 1004 4140 ad
1031 4075 1218 4140 astruendam

74 4183 321 4246 resurrectionem
342 4181 492 4267 pertinuit.
537 4177 596 4246 set
621 4189 651 4244 et
673 4175 769 4242 Mosis
790 4177 874 4261 virga
897 4175 993 4263 lignea
1016 4177 1143 4241 animata
1170 4176 1216 4240 dei
1231 4189 1299 4236 uxot
1312 4189 1366 4245 er.

74 4367 137 4430 dia„
161 4373 185 4419 et
200 4369 237 4418 od.
253 4371 329 4430 prino.
364 4370 391 4419 ln
407 4369 463 4417 edil.
480 4369 560 4418 Petne.
577 4369 633 4430 lept-
698 4363 723 4416 Ἰ.
739 4359 886 4436 πρεσβύτης
895 4363 946 4415 eod.
955 4365 1136 4427 llledlq.,eted.
1143 4367 1218 4428 prino.

75 4440 110 4484 tur
121 4437 181 4502 γῆν,
198 4441 220 4486 el
232 4440 259 4486 lar
271 4449 350 4498 uturp.
375 4435 508 4495 „Fortasse
517 4430 631 4500 mppria-‘⁴
663 4435 778 4485 ilerden.

75 4503 630 4567 Saepimreroeemmesuapiotumoeesoan.
