3018 4994
393 289 525 340 raunau
542 290 605 342 uro.
618 291 637 344 1.
654 289 736 342 ron.
752 289 783 340 u.
802 289 899 340 nasu.
915 289 1013 340 xxxi.
1218 279 1279 342 375

128 420 243 496 partem
260 409 417 490 indeaam,
440 431 526 494 quam
541 409 572 474 in
587 410 730 496 baptismo
745 409 908 496 acceperit,
930 409 1004 496 apud
1020 430 1052 474 sc
1068 410 1205 490 retineat,
1229 411 1279 474 de·

129 523 263 600 prompta
284 513 377 578 sacris
396 535 412 576 e
429 512 522 578 literis
543 512 682 576 vocabula
702 534 736 576 ac
753 513 895 576 dictiones
914 522 942 574 et
958 513 1109 598 parabolas
1125 524 1277 598 agnoscat,

128 613 374 680 contumeliosum
390 615 444 681 hoc
460 637 532 680 vero
547 615 575 678 in
592 616 675 678 deum
691 624 891 698 argumentum
907 615 1051 700 repudiet,
1075 626 1162 700 atque
1175 615 1205 680 in
1220 627 1279 680 tes·

128 718 244 782 aerolas
260 717 489 797 animadvertet,
514 738 658 802 orroqoom
674 729 705 780 ot
721 715 900 801 vulpeculam
916 739 967 800 pro
984 718 1168 802 imperatoris
1185 718 1278 804 effigie

128 819 245 884 obtrudi
260 819 314 884 sibi
329 820 470 904 patiatur,
495 841 596 885 verum
614 819 836 904 unumquodque
851 839 953 882 aarum
969 841 1043 902 quae
1058 820 1215 885 dictasunt
1231 843 1279 884 or·

126 921 188 986 diui
209 943 264 986 auo
283 923 425 1002 reddens,
459 944 493 986 ac
512 922 645 986 veritatis
664 921 743 985 relat
759 921 874 1005 corpori
892 921 1131 1002 accommodans,
1161 921 1276 986 illorum

125 1043 220 1108 nugas
243 1025 361 1109 detegat
381 1036 468 1110 atque
490 1029 594 1088 inanes
615 1043 681 1088 esse
704 1025 895 1086 demonstret.

210 1124 365 1190 Postremo
384 1128 451 1212 quia
467 1127 524 1190 iam
542 1127 623 1190 velut
637 1126 668 1190 in
684 1146 773 1190 scena
791 1135 907 1210 peracto
926 1125 1039 1189 lalrulac
1056 1125 1162 1190 exodio
1179 1127 1275 1191 dimit·
1317 1135 1375 1202 cop.

126 1229 205 1294 tendi
225 1239 337 1314 tempus
355 1242 416 1307 est,
447 1229 611 1293 consultum
631 1229 694 1293 lore
710 1227 862 1306 dommus,
894 1227 920 1290 si
937 1228 972 1290 ad
990 1228 1103 1292 illorum
1121 1230 1275 1294 conlutou-
1292 1203 1403 1257 xm·

124 1331 194 1396 dum
215 1351 346 1396 errorem
367 1331 473 1415 aliquid
494 1329 716 1394 subiiceremus.
763 1327 821 1394 Sed
846 1330 924 1415 prius
945 1341 1041 1394 tamen
1065 1332 1275 1396 ostendendum

123 1433 194 1498 illud
213 1444 275 1512 est,
299 1433 402 1516 quibus
424 1433 453 1498 io
472 1431 560 1496 rebus
579 1431 692 1496 labulaa
711 1431 788 1496 illius
807 1443 941 1496 auctores
960 1455 977 1496 a
996 1453 1029 1496 se
1047 1432 1172 1498 invicem
1190 1433 1276 1498 dissi·

122 1536 229 1614 deaut,
260 1555 333 1620 quos
351 1535 460 1600 diversi
477 1536 558 1600 relat
573 1535 707 1600 falsitatis
722 1534 841 1619 spiritus
858 1534 1021 1598 corrtrarius
1038 1535 1065 1598 io
1083 1546 1181 1620 partes
1198 1535 1276 1600 abri-

122 1638 219 1722 piunt.
265 1635 330 1702 Hoc
351 1639 429 1702 euim
451 1638 602 1722 cacapite
625 1637 671 1701 vel
695 1636 768 1700 citra
788 1637 986 1722 probationem
1007 1637 1092 1700 ullam
1112 1638 1275 1704 certissime

119 1739 281 1818 constabit,
306 1761 370 1804 aum
386 1739 507 1804 solidam
523 1761 558 1804 ac
571 1739 703 1804 stabilem
719 1759 786 1802 esse
801 1740 954 1804 veritatem
972 1739 1061 1818 illam,
1083 1760 1167 1823 qnam
1181 1740 1275 1804 eccle·

118 1843 166 1908 sia
184 1841 349 1927 praedicat,
375 1851 434 1906 tum
449 1841 640 1906 adulterinam
656 1863 691 1906 ac
706 1842 873 1906 mendacem
889 1841 1003 1906 illorum
1019 1862 1086 1906 esse
1102 1842 1275 1908 doctrinam.

120 1943 275 2028 Siquidem
291 1943 418 2008 ccclesia
434 1955 496 2008 toto
512 1944 580 2008 licet
596 1943 667 2008 orbe
682 1943 717 2006 ad
733 1954 882 2008 extremos
900 1965 991 2029 usquc
1008 1956 1151 2008 terrarum
1168 1945 1275 2010 limites

119 2048 273 2132 dispersa,
306 2068 372 2110 cum
395 2045 431 2108 ab
453 2045 593 2131 apostolis
619 2067 777 2132 eorumque
801 2047 948 2130 discipulis
971 2049 1056 2111 lidem
1077 2048 1223 2133 acceperit
1243 2047 1274 2112 iu

119 2171 212 2216 caum
235 2150 320 2214 deum
344 2161 454 2234 patrem
472 2149 716 2234 omnipotentem,
748 2147 796 2232 qni
815 2149 926 2212 eoelum
947 2159 1111 2234 terramque
1134 2170 1167 2212 ac
1183 2150 1274 2214 maria

117 2274 186 2318 cnm
207 2251 355 2316 universis
377 2271 451 2334 quae
473 2251 502 2314 in
524 2251 582 2314 illis
600 2250 807 2336 comprehensa
826 2262 894 2314 suut
909 2252 1054 2331 condidit,
1087 2252 1274 2316 etiannum

118 2351 219 2418 lesam
239 2353 327 2416 utimr
345 2353 410 2432 dei,
434 2353 482 2438 qui
502 2373 554 2438 pro
573 2363 675 2416 nostra
689 2352 782 2416 salute
800 2353 1038 2433 corruentium,
1062 2365 1148 2439 atque
1167 2354 1196 2418 in
1215 2353 1275 2439 spi·

116 2457 208 2520 ritum
232 2465 383 2533 sanctum,
418 2454 466 2539 qui
489 2475 604 2518 omnem
627 2454 704 2518 illam
727 2455 811 2520 onice
831 2455 928 2518 dilecti
948 2453 1058 2520 Christi
1075 2453 1143 2520 lesu
1165 2457 1274 2521 domini

117 2558 215 2624 nostri
236 2557 516 2622 administrationem
540 2566 570 2620 et
588 2558 742 2621 adventum
763 2569 915 2642 ortumque
938 2559 973 2622 de
996 2557 1110 2644 uirgine
1133 2580 1185 2643 per
1208 2581 1274 2644 pro·

117 2662 226 2746 phetas
243 2659 474 2744 praenuntiavit,
509 2679 564 2724 nec
587 2681 645 2722 ooo
667 2669 696 2722 et
715 2659 932 2744 perpessionem
957 2682 991 2724 ac
1011 2661 1270 2738 resurrectionem,

116 2775 149 2828 et
174 2763 205 2826 in
227 2762 340 2826 coelum
362 2762 565 2826 ascensionem
589 2782 655 2826 cum
676 2781 816 2846 corpora,
849 2764 1033 2848 laturumque
1055 2763 1123 2825 olim
1147 2763 1271 2826 indidem

116 2874 244 2951 paterna
261 2883 325 2928 cum
340 2864 494 2928 maiestate
509 2865 693 2942 descensum,
712 2874 744 2928 ut
756 2862 786 2926 in
802 2885 942 2928 summam
956 2865 1036 2928 velut
1051 2867 1188 2929 universa
1203 2887 1272 2928 cau·

116 2967 235 3044 trahat,
267 2977 298 3028 et
320 2966 447 3028 omnium
470 2966 616 3030 homiuum
641 2987 763 3051 corpora
789 2977 908 3032 revocet
931 2968 965 3030 ad
990 2968 1096 3044 vitam,
1129 2977 1214 3050 atque
1242 2977 1272 3030 ut
1286 2981 1377 3038 aput,
1391 2984 1422 3029 m

116 3067 243 3134 Christo
263 3063 330 3131 lesu
347 3068 464 3132 domino
483 3078 585 3132 nostro
604 3089 638 3132 ac
656 3068 711 3130 deo
729 3078 759 3131 ot
777 3069 913 3132 salvatori
931 3069 1051 3153 regique
1074 3069 1110 3132 de
1127 3069 1204 3133 illius
1222 3071 1271 3154 qni

115 3170 216 3236 videri
235 3191 294 3234 nau
315 3179 427 3254 potest,
459 3170 609 3234 vuluntate
625 3170 732 3255 patris,
763 3176 848 3233 Omne
860 3193 937 3251 gerru
943 3177 1083 3256 flectatur
1097 3175 1266 3247 coeternum,
1282 3185 1421 3242 Part-210.

115 3276 298 3336 anamiim
320 3281 348 3332 el
366 3275 556 3356 castrationum,
586 3285 614 3334 et
629 3279 718 3335 omac's
736 3279 824 3354 r'psam
843 3277 940 3353 lingna
959 3277 1141 3354 confiteatur,
1173 3275 1270 3359 utique

114 3385 233 3440 recturo
249 3373 282 3438 in
298 3393 399 3438 ornnes
416 3374 552 3438 iudicium
568 3386 728 3452 exerceat,
752 3397 786 3438 ac
803 3375 943 3460 spiritalia
960 3376 1124 3460 nequitiae,
1155 3377 1210 3441 hoc
1225 3389 1272 3442 est

113 3481 290 3543 desertores
307 3477 428 3561 angelos
448 3498 482 3542 ac
500 3477 642 3557 rebellas,
672 3488 702 3540 et
719 3477 823 3562 impios
840 3497 940 3542 omnes
958 3499 992 3542 ac
1008 3479 1167 3542 sceleratos
1183 3489 1213 3543 et
1227 3481 1270 3544 la·

114 3581 294 3658 cinerosos,
327 3600 363 3642 ac
382 3580 609 3644 contumeliosos
631 3579 660 3644 iu
683 3580 768 3644 deum
788 3579 919 3644 homines
941 3581 1126 3666 sempiternis
1147 3583 1269 3648 dammis

113 3682 250 3759 addicat,
274 3681 358 3746 iustis
378 3703 450 3746 uero
465 3682 650 3766 sanctisque,
674 3683 721 3767 qui
738 3683 871 3746 mandata
890 3703 942 3746 soa
960 3682 1114 3767 diligenter
1131 3683 1269 3748 observa·

113 3782 218 3848 verint
235 3793 266 3845 et
281 3783 310 3846 in
326 3784 389 3846 cius
406 3784 527 3848 caritate
544 3785 607 3850 sire
624 3785 681 3848 iam
696 3785 763 3848 inde
779 3784 815 3849 ab
832 3785 930 3862 initio,
955 3785 1017 3848 sive
1035 3796 1102 3871 post
1117 3786 1268 3872 poeniten·

113 3888 189 3952 tiam
206 3885 472 3969 perseveraverint,
490 3887 577 3950 vitam
590 3887 892 3970 immortalitatemque
906 3887 1058 3972 largiatur,
1073 3900 1159 3974 atque
1174 3901 1269 3954 aeter·
1340 3879 1343 3889 “

113 4011 188 4054 nam
209 3987 267 4052 illis
288 3986 409 4070 gloriam
433 3987 590 4073 impertiat.

113 4146 224 4207 ratpoto
238 4145 357 4204 scripturo
372 4145 405 4191 ecl
421 4137 569 4260 marcquardo.
713 4147 759 4194 t'et.
776 4147 905 4208 interprete.
942 4145 1015 4208 Vntqo
1031 4140 1078 4201 τὰς
1095 4139 1214 4204 diedone.

151 4211 178 4262 5.
197 4212 232 4260 lto
249 4211 300 4259 cod.
316 4211 370 4258 Vm.
406 4212 479 4273 Vntpo
511 4209 583 4275 optari.
745 4211 769 4263 8.
787 4209 817 4264 dra
833 4211 881 4274 τῆς
897 4210 1020 4278 παρθένου
1037 4214 1087 4263 cod.
1103 4215 1175 4263 Vallo.

150 4275 178 4330 6.
196 4270 367 4346 ἀκριβέστατα
390 4279 456 4328 codd.
482 4280 535 4328 ch.
559 4283 581 4328 ct
605 4281 678 4328 l'atla.
745 4277 769 4330 9.
788 4276 1058 4332 dilataturum.

114 4349 197 4408 rotae
210 4339 331 4465 drappos.
657 4407 666 4418 Ι
747 4347 786 4399 10.
805 4345 834 4401 dl
851 4347 895 4400 acal
911 4344 941 4400 dat
957 4349 1008 4398 cod.
1022 4351 1093 4398 Vatia.

150 4411 180 4468 7.
196 4410 242 4480 τήν
288 4429 354 4466 acan
369 4415 458 4464 reddat
474 4427 503 4464 aa
519 4416 570 4464 cod.
588 4417 640 4466 Van.
658 4419 679 4463 at
