2994 5024
372 307 507 360 raanan
524 309 587 360 are.
602 309 621 360 1.
638 309 718 360 rou.
733 308 776 360 111.
792 307 892 359 auen.
904 305 986 359 xau.
1193 296 1254 360 573

101 428 161 487 tier
179 447 242 488 enm
261 431 402 508 tetigisset
415 434 521 510 aptum,
544 439 645 492 sanata
659 441 702 490 est
718 450 736 489 a
744 431 835 511 stura
851 433 1009 510 sanguinos.
1056 431 1096 490 tu
1111 433 1154 490 ait
1169 433 1256 492 dami-

99 549 175 602 nus,
208 533 277 608 Quas
298 552 341 592 me
363 535 479 612 tetegit?
520 530 567 594 Ae
592 551 725 596 rursum:
761 535 866 612 Tetigit
885 554 928 594 me
949 535 1063 612 attona.
1109 534 1183 594 Nam
1202 555 1255 613 ego

99 635 173 692 naui
192 635 319 694 as'rtutem
341 637 376 695 de
396 657 438 695 me
458 639 561 696 aeaeae.
964 687 967 692 .

191 730 265 798 XV.
299 739 461 818 Suspicione
482 743 511 798 in
533 740 639 799 eoelum
660 738 935 818 momentaneae.
1269 757 1392 808 Laeana

188 831 278 900 XVI.
308 843 427 914 Duens,
459 842 681 920 Oportetfiiium
699 843 818 900 hamanis
835 843 924 901 mutto
935 843 1013 920 pati,
1045 851 1075 901 et
1089 843 1195 915 aoeidi,
1227 853 1367 904 struem

93 949 169 1018 post
189 950 246 1000 tres
267 944 327 1002 dees
347 963 508 1022 resurgere.

187 1037 293 1106 tht.
325 1047 512 1106 noeoeane
528 1049 587 1106 uiri
599 1047 784 1126 mouebantur
800 1066 862 1106 eum
880 1067 927 1120 eo,
952 1049 1033 1108 Eluas
1049 1055 1078 1106 et
1092 1049 1205 1126 Moyses
1221 1050 1250 1106 in
1267 1061 1324 1106 tuta.
1336 1065 1368 1109 aa.

94 1147 208 1224 giorno.

187 1243 306 1312 XVill.
337 1253 365 1311 Ε
384 1251 458 1311 nude
480 1273 549 1324 roe,
574 1255 628 1313 Hie
649 1263 692 1312 est
703 1254 791 1331 filaus
812 1271 888 1311 meus
908 1253 1037 1314 dilectus.
1265 1268 1321 1314 tota.
1334 1268 1367 1314 aa·

186 1346 277 1414 xlx.
311 1356 422 1432 dagani
441 1355 592 1434 duespulos
615 1365 688 1416 tuos.
739 1349 825 1434 Quod
852 1353 881 1415 in
908 1353 1007 1418 aodiee
1034 1375 1089 1418 suo
1111 1351 1245 1431 habebat,
1262 1369 1364 1416 tutata

98 1461 323 1537 praeterquam,
347 1458 412 1518 Non
425 1467 581 1536 potnerunt
592 1460 692 1518 eat'eere
708 1460 808 1537 ipsam.
853 1459 894 1516 Et
908 1461 949 1518 ait
963 1461 1002 1518 od
1017 1463 1107 1538 ipsos:
1133 1460 1251 1536 Ogene·

96 1559 176 1614 ratio
198 1559 361 1618 a'rsorednlat
383 1563 515 1639 qsaamda'u
536 1581 583 1621 nos
603 1560 756 1621 saeaueta.

185 1653 261 1720 XX.
292 1663 384 1722 Filius
406 1665 477 1723 enim
499 1664 617 1723 dominis
640 1663 791 1724 nadendm
812 1673 855 1724 est
874 1667 905 1723 in
926 1683 1023 1724 manus
1044 1665 1193 1723 domenum.
1264 1677 1363 1722 uruat.

184 1857 277 1926 XXi.
310 1867 408 1948 Neque
426 1870 478 1930 ttae
498 1872 624 1949 legistis,
657 1871 726 1949 qaeu
734 1870 844 1950 feeerit
858 1871 965 1929 Itaos'ade
995 1871 1145 1948 Ingressus
1161 1878 1207 1928 est
1220 1871 1249 1928 in
1263 1884 1348 1940 aaut,
1362 1885 1381 1928 a.

95 1969 209 2028 damam
230 1971 285 2028 dei.

184 2064 290 2134 XXil.
323 2077 437 2135 Gruta'as
454 2093 509 2154 ogo
528 2075 582 2135 att
596 2076 704 2134 domine
720 2076 800 2134 coeli.
848 2069 977 2151 Deerat,
1009 2083 1038 2133 et
1056 2084 1164 2145 terrae,
1196 2071 1247 2134 sed
1260 2088 1399 2146 capuan.

96 2183 129 2235 et
152 2191 228 2251 vax,
259 2177 357 2248 Pater,
389 2174 501 2239 aberat.
548 2171 607 2239 Sed
629 2195 669 2238 ex
690 2193 726 2238 eu
746 2173 948 2259 redarguitur,
980 2175 1054 2259 quad
1078 2174 1250 2260 paulopost

94 2273 222 2353 habeat,
246 2280 340 2338 litatum
358 2289 451 2358 pater.

183 2375 306 2443 ΧΧΙΙΙ.
338 2377 424 2444 Dixit
445 2378 630 2464 legisperito,
663 2385 697 2442 In
719 2383 781 2460 lego
801 2383 870 2461 quid
884 2383 1019 2458 saraptam
1040 2385 1106 2439 eatt
1147 2382 1188 2439 nt
1202 2399 1247 2438 re·
1260 2394 1317 2439 tata.
1330 2397 1360 2440 aa

93 2481 245 2561 spendens.
292 2479 364 2546 Post
381 2481 541 2567 legisperiti
556 2501 726 2568 responsum
743 2481 835 2559 dixit,
862 2485 942 2543 Reate
956 2483 1065 2542 dauua'.
1112 2481 1244 2561 Haasao,

95 2593 127 2642 et
148 2586 231 2644 maes.

186 2680 308 2748 XXiV.
341 2682 380 2748 Et
391 2685 484 2766 dixit,
510 2691 578 2765 Quis
591 2697 711 2748 vestrim
729 2687 841 2748 nauta
852 2691 987 2759 annaeum,
1011 2697 1041 2746 et
1053 2685 1105 2747 tta
1118 2689 1157 2746 ad
1169 2687 1248 2745 attam
1262 2701 1316 2758 cap.
1326 2703 1358 2756 ιι,
1369 2705 1388 2746 s.

96 2791 191 2850 media
212 2799 309 2861 noete,
339 2791 487 2869 postulans
505 2800 562 2849 tres
572 2794 684 2868 panes?
726 2787 772 2851 Aa
791 2787 947 2873 deinceps,
977 2793 1065 2850 Petite
1081 2799 1110 2848 ot
1124 2789 1246 2849 dedatur.

99 2893 171 2969 Quat
192 2894 263 2952 enim
284 2911 321 2952 ea
342 2893 418 2952 aedos
439 2903 482 2953 eat
493 2901 594 2970 poter,
624 2910 714 2971 aqua
722 2893 809 2971 filaus
823 2903 904 2972 petat
914 2895 1034 2971 piarem,
1065 2901 1160 2970 etpro
1170 2893 1318 2970 palaeorum.
1331 2909 1361 2952 ιι.

95 3005 253 3073 serpentem
275 2994 353 3055 dabit
373 2995 440 3056 atu
468 3005 521 3055 aut
531 3013 587 3074 pra
605 3015 655 3054 ooo
671 2997 865 3073 scorpionem?
907 2997 944 3055 Si
956 3015 1026 3075 ergo
1043 3014 1091 3054 uos
1108 3013 1170 3054 eunt
1187 2995 1250 3053 sitia

97 3095 183 3167 mati,
207 3099 296 3156 nostis
317 3097 390 3156 dona
412 3097 498 3170 bona,
523 3106 627 3176 qnaanto
649 3099 739 3174 magis
756 3101 861 3174 patent

185 3193 290 3259 XXV.
322 3195 479 3282 Amputata
504 3209 589 3261 erant
612 3217 647 3261 ea
671 3217 744 3281 quae
768 3196 803 3258 ad
827 3193 927 3260 lanam
950 3195 1145 3281 pertinebant.
1197 3193 1362 3261 stomun.

97 3297 177 3362 enim
194 3297 333 3361 habebat:
359 3303 507 3361 Genuum
520 3303 600 3373 daeo,
623 3305 736 3379 signum
753 3321 808 3360 non
823 3300 937 3360 dabitur
949 3303 986 3360 ei.
1034 3295 1249 3362 Desiderabnn·

97 3409 150 3462 tur
170 3399 256 3464 etiam
281 3401 344 3479 itta,
377 3399 480 3485 quibus
502 3403 538 3465 de
554 3400 666 3465 Ninive
689 3411 719 3463 et
740 3401 842 3485 regina
860 3400 961 3464 Austri
984 3421 1019 3463 ao
1039 3396 1197 3464 Salomone
1220 3400 1249 3462 dt
1330 3447 1333 3458 .

96 3501 220 3565 metatio.

184 3601 306 3668 XXVI.
336 3601 396 3667 Pra
417 3603 460 3668 his
480 3604 596 3684 verbis,
626 3609 791 3668 Praeteritae
806 3610 854 3668 dei
868 3609 1014 3678 oudinum,
1043 3605 1246 3690 rescripserat,
1262 3625 1319 3670 uta
1329 3629 1361 3672 aa.

96 3709 266 3768 meteretis
286 3711 334 3770 dei
353 3713 530 3770 recederem.

183 3803 320 3872 xxvlt.
352 3814 408 3872 Vae
421 3811 508 3884 nabas,
533 3814 661 3891 quont'om
676 3812 832 3890 aedffiaatas
845 3813 975 3890 seputm
985 3813 1196 3890 prophetarum,
1221 3822 1250 3871 at
1261 3831 1319 3877 latu·
1329 3835 1361 3879 u.

91 3920 195 3990 patras
217 3915 306 3972 aestm’
324 3915 486 3974 oaesiderunt
507 3915 581 3974 illos.

185 4009 335 4075 XXVlil.
368 4011 497 4093 Deerat,
529 4019 678 4095 Propterea
697 4026 726 4076 et
741 4019 878 4095 sopiendo
894 4019 942 4075 dei
958 4016 1048 4088 amu,
1079 4017 1190 4076 Mittam
1210 4019 1248 4076 ad
1261 4029 1362 4076 tutata.

97 4118 164 4178 a'ttos
175 4118 343 4197 prophetas.-
366 4124 396 4178 et
412 4117 447 4180 do
461 4117 604 4200 sanguina
620 4113 782 4180 Zachariae
798 4127 829 4180 et
844 4115 921 4180 Abel
935 4116 1152 4202 prophetarum,
1174 4120 1247 4196 (tao-

96 4223 175 4280 niam
197 4223 357 4299 moueretur
377 4240 395 4280 a
414 4225 596 4300 generatione
616 4223 678 4280 tae.

186 4315 311 4384 XXlX.
341 4326 411 4384 meo
426 4327 523 4384 amatas
537 4327 615 4396 snea's,
638 4325 735 4382 Nolite
749 4325 844 4383 dinone
858 4343 905 4384 eos
918 4324 970 4402 qui
982 4315 1244 4402 oeuiiunt'oorpue:
1260 4339 1385 4399 capnt

98 4425 193 4486 ninere
215 4443 281 4483 nero
304 4445 365 4486 euna
386 4427 438 4506 qui
452 4435 601 4506 postquam
625 4427 760 4486 maudoit
782 4425 865 4486 tabet
881 4434 1047 4504 potestatem
1069 4427 1199 4486 mittendi
1217 4428 1246 4486 in

134 4557 174 4613 ta
193 4559 266 4622 tutan
282 4554 325 4624 δή.
