3010 5000
308 338 370 400 516
730 347 852 399 θλΝίίΤί
868 347 1037 400 ΕΡΙΡΗΔΝΙΙ

309 489 359 541 τος
375 466 503 549 ἔγνωμεν
521 461 561 540 τίς
577 465 645 548 περλ
664 467 717 529 τοῦ
730 461 828 530 ’ίούδα
844 467 920 550 ἔλεγε
933 473 996 541 τοῖς
1010 461 1177 540 Ἰουδαίοις·
1201 455 1226 553 ᾧ
1242 462 1298 550 γύρ
1314 491 1363 542 τις
1377 463 1450 546 ἥττη-

308 593 371 646 ται,
394 564 488 656 τούτῳ
504 568 553 631 ιιαλ
570 565 763 644 δεδούλωται,
785 568 836 632 ιιαλ
850 559 875 656 ρί
889 593 932 643 τις
946 571 1094 646 πείθεται,
1116 574 1222 632 τοῦτον
1235 569 1351 652 πατέρα
1363 569 1452 650 ἔσχηκε
1497 607 1498 614 1

307 671 357 734 καλ
374 665 501 754 όρχηγόν
515 677 569 750 τῆς
582 667 675 736 αύτοῦ
687 677 823 746 πειθοῦς.
869 669 965 751 Φησλν
980 661 1035 735 σύν
1048 667 1066 736 ό
1079 667 1198 755 κύριος,
1217 666 1317 752 ’Τμεῖς
1332 673 1397 734 υίοί
1410 672 1451 732 τοῦ

308 769 421 857 πατρός
439 768 526 855 ύμεδν
547 779 600 838 τοῦ
617 771 758 856 διαβόλου
775 773 853 850 ἐστί,
884 771 984 854 ἐπειδὴ
1002 769 1067 838 ύντλ
1082 779 1135 838 τοῦ
1154 777 1348 862 Χριστοῦτῷ
1365 770 1450 856 ’ίούδγ

308 877 503 956 ἐπείσθησαν,
532 873 671 960 καθάπερ
694 872 753 939 α’ττό
773 880 848 940 θεοῦ
866 876 1022 940 ίκκλίνασα
1042 872 1149 956 ηΕῦα
1169 880 1210 962 τῷ
1232 872 1302 956 δ’φει
1320 877 1354 953 ἒξ
1373 873 1450 960 α’ργίγς

308 978 447 1059 ἐπείσθη·
469 979 569 1042 ἔπειτα
584 977 631 1043 δτι
646 979 696 1043 καλ
712 975 842 1059 ψεύστης
857 968 895 1060 ἦν
910 974 948 1042 ού
962 975 1070 1060 μόνον,
1093 974 1164 1042 α’λλτί
1178 977 1229 1042 καλ
1243 979 1389 1060 κλέπτης,
1409 963 1449 1040 κν

304 1076 341 1144 τοί
357 1077 389 1145 τό
407 1081 438 1146 λν
453 1087 495 1168 τῷ
509 1079 663 1168 εὐαγγελίῳ
680 1081 839 1165 εἰρημένον.
884 1077 941 1144 Διό
957 1080 1007 1144 καί
1021 1076 1101 1167 αύτῷ
1114 1081 1265 1163 παρέδωκε
1280 1077 1314 1144 τό
1331 1077 1448 1166 γλωσσό

304 1207 408 1265 κομον,
426 1185 475 1247 ἵνα
490 1179 709 1268 είναπολόγητος
724 1175 754 1271 ᾗ,
770 1178 819 1248 διδ
834 1185 1029 1268 φιλαργυρίαν
1045 1179 1098 1248 τόν
1113 1184 1190 1248 λ’διον
1203 1180 1353 1264 δεσπότην
1367 1208 1449 1266 παρα·

304 1283 377 1359 δούς
398 1286 439 1360 είς
459 1293 555 1370 χεῖρας
573 1282 753 1368 οίνθρεύπων.
802 1289 853 1362 Τίς
874 1277 929 1350 σύν
947 1281 966 1350 ό
982 1283 1088 1349 τούτου
1107 1281 1219 1369 πατὴρ,
1249 1281 1346 1368 όπρό
1369 1283 1449 1349 αύτοῦ

303 1385 435 1470 ψεύστης
451 1383 606 1473 ύπύρχων,
635 1377 694 1451 τίλλ’
709 1385 730 1470 ἢ
748 1383 766 1453 ό
782 1385 877 1466 Κόϊν,
900 1379 938 1452 ού
953 1384 1079 1470 μιμητὴς
1092 1383 1111 1451 ό
1125 1384 1251 1464 Ἰούδας;
1285 1384 1395 1452 ο’ίεῑιεεῖ
1406 1384 1449 1474 γύρ

304 1487 489 1571 ψευσόμενος
505 1496 545 1578 τῷ
562 1485 680 1578 ιίδελφρῑ
697 1485 738 1565 τίς
755 1491 786 1554 ἐν
802 1493 977 1577 φιλαδελφίᾳ
994 1486 1141 1572 ἠπύτησε,
1163 1490 1213 1554 καλ
1229 1489 1396 1573 παρίπεισε
1411 1487 1449 1553 δαί

303 1597 357 1656 τοῦ
372 1589 518 1672 ψεύδους,
540 1592 591 1656 καί
606 1589 756 1676 ἐξαγαγοίν
771 1589 864 1657 αύτόν
882 1594 913 1656 ἐν
928 1596 968 1679 τῷ
985 1595 1077 1680 πεδίῳ
1094 1589 1206 1675 ἐπύρας
1219 1589 1273 1673 τόν
1287 1600 1374 1676 χεῖρα
1391 1589 1448 1656 dai-

302 1717 422 1758 κτεινεν.
468 1692 555 1758 Ούτω
569 1695 622 1758 καλ
636 1690 655 1758 ό
671 1692 798 1772 Ἰούδας,
826 1698 862 1760 Τι’
876 1695 975 1759 θέλετέ
990 1719 1058 1776 μοι,
1079 1695 1153 1776 φησί
1159 1743 1168 1772 ,
1191 1697 1310 1772 δοῦναι,
1330 1697 1389 1760 καλ
1404 1691 1449 1778 lyd

304 1793 395 1860 αύτόν
408 1794 576 1880 παραδείσω
593 1793 678 1878 ύμῖν,
706 1797 773 1876 καί,
796 1795 854 1861 Ὃν
869 1793 907 1860 δν
924 1794 1055 1878 φιλήσω,
1084 1793 1173 1874 αύτός
1188 1799 1262 1876 ἐστι,
1290 1795 1450 1881 κρατήσετε

303 1895 407 1964 αύτόν·
437 1900 489 1964 καλ
511 1897 608 1964 ἐλθοίν
630 1896 830 1984 όπρσδότης,
862 1905 955 1984 Χαῖρε
975 1895 1121 1982 7Ῥαββλ,
1151 1901 1244 1984 ἔλεγε,
1271 1907 1334 1976 τοῖς
1353 1903 1449 1982 χείλεσι

302 2007 410 2083 τιμῶν,
433 2004 559 2086 καρδίαν
580 2001 612 2066 δδ
634 1998 736 2087 πόρρω
759 1999 925 2084 τίπέχονσαν
945 2008 1021 2067 θεοῦ
1043 2003 1226 2085 κεκτημίνος.

175 2209 241 2276 Κῑν·
260 2211 287 2266 ί.
380 2203 460 2290 ’Ἆρα
481 2213 555 2292 γοῦν
577 2198 665 2283 ούτος
692 2203 844 2282 δ’ίούδας
864 2206 960 2292 πατὴρ
984 2204 1082 2272 αύτεδν
1106 2204 1273 2291 γενόμενος,
1303 2205 1383 2270 κατὰ
1400 2203 1448 2286 τόν

304 2305 499 2392 ύρνησιθεΐαν
522 2309 573 2374 καλ
595 2311 758 2393 προδοσίαν
780 2315 918 2385 Σατανᾶς
939 2306 1074 2394 ύπόρξας
1094 2310 1145 2375 καί
1169 2307 1322 2392 διόβολος,
1355 2307 1395 2374 ού
1416 2313 1447 2396 τῇ

303 2406 405 2493 φύσει,
434 2407 504 2476 οίλλδ
521 2418 557 2500 τῇ
573 2409 691 2501 γντόμη,
722 2409 789 2488 υίός
804 2413 952 2498 γεγίνηται
970 2404 1058 2488 ούτος
1075 2417 1128 2476 τοῦ
1146 2410 1316 2476 Κόλντιατό
1330 2415 1447 2493 μίμησιν

302 2518 356 2579 τοῦ
370 2509 625 2598 τίνθρωποιιτόνου
639 2515 690 2578 καλ
701 2512 848 2594 ψεύσταν·
866 2513 967 2596 ἐπειδὴ
981 2516 1032 2580 ιιαλ
1046 2510 1065 2579 ό
1076 2511 1172 2597 πατὴρ
1185 2511 1278 2578 αύτοῦ
1290 2511 1348 2598 πρό
1360 2511 1448 2578 αύτοῦ

303 2612 436 2697 ψεύστης
451 2607 504 2698 ἦν,
533 2613 585 2698 ούχ
604 2612 746 2699 δ’Λδύμ,
775 2614 833 2682 ἄλλ’
851 2613 869 2681 ό
886 2614 1040 2698 διάβολος,
1070 2606 1108 2680 οῦ
1124 2615 1177 2698 τὴν
1189 2619 1311 2699 μίμησιν
1325 2615 1447 2700 ίσχενλν
1496 2607 1497 2662 ί

303 2722 340 2806 τῇ
362 2715 589 2806 ύδελφοκτονίγ,
618 2721 693 2800 μίσει
715 2721 827 2808 καὶτῷ
849 2717 955 2802 ψεύδει
971 2721 1022 2784 καί
1039 2716 1115 2803 πρός
1130 2716 1204 2784 θεόν
1220 2715 1383 2806 ύντιλογίρ,
1411 2722 1447 2802 τγί

302 2820 408 2905 λέγειν,
431 2818 489 2902 Mo}
505 2818 600 2900 φύλαξ
619 2821 677 2902 είμί
693 2827 746 2886 τοῦ
761 2818 891 2901 τίδελφοῦ
908 2848 981 2904 μους
1004 2819 1059 2887 ούκ
1074 2817 1142 2887 οίδα
1157 2827 1217 2886 ποῦ
1233 2823 1317 2886 ἔστιν.
1366 2819 1445 2885 offro

301 2923 352 2988 ιιαλ
372 2918 391 2987 ό
409 2922 547 3006 διύβολος
567 2928 608 3011 τῷ
629 2926 722 3011 κυρίην
742 2925 832 3006 φησί,
863 2921 920 3008 Μή
942 2922 1056 3010 δωρεοίν
1076 2925 1189 3004 σέβεται
1209 2920 1277 3006 ’ίσίβ
1293 2921 1346 2988 τόν
1360 2919 1444 2996 θεόνς

298 3019 419 3108 Ἐπειδὴ
443 3023 499 3110 γόρ
523 3021 611 3100 αύτός
631 3022 649 3089 ό
669 3023 807 3108 διόβολος
830 3033 871 3114 τῷ
893 3024 995 3108 ψεύδει
1021 3021 1119 3113 όπατγῑ
1140 3023 1195 3108 τήν
1217 3023 1306 3090 Εῦαν
1326 3025 1376 3090 καλ
1399 3021 1446 3088 τόν

300 3122 409 3208 Ἀδείμ,
432 3129 514 3212 ἔτερα
531 3124 600 3191 ἄνθ’
617 3128 724 3213 ἐτέρων
740 3129 845 3213 λόγων,
866 3129 918 3192 καλ
936 3131 1036 3210 φιλίαν
1053 3125 1256 3212 προςποιητήν
1271 3125 1444 3208 ἕνδεικνύμε-
1495 3149 1496 3164 ¹

301 3253 368 3307 νος,
391 3227 452 3310 ότι,
466 3227 594 3294 ’Ἑσεσθε
608 3227 649 3306 τίς
666 3232 748 3308 θεολ,
770 3232 819 3296 καί
837 3227 892 3296 ούκ
910 3227 1129 3310 οίποθανεῖσθε,
1150 3237 1256 3297 τοῦτον
1271 3227 1445 3314 μιμούμενος

300 3327 320 3395 ό
336 3329 416 3396 Κύῖν
429 3329 612 3414 προσχήματι
626 3337 819 3412 φιλαδελφίας
842 3330 942 3416 ἠπύτα
956 3331 1008 3399 τόν
1025 3331 1167 3413 ύδελφύν,
1188 3335 1296 3419 λόγων,
1317 3334 1442 3398 Διίλθω

301 3458 354 3517 μεν
376 3436 417 3508 είς
437 3430 471 3498 τό
493 3437 605 3498 πεδίον.
650 3433 709 3498 Διό
726 3441 811 3500 τοῦτο
828 3433 915 3500 ιιαλό
931 3435 1014 3521 ίίγιος
1028 3432 1165 3518 Ἰωάννης
1181 3432 1278 3516 εἷπεν,
1307 3432 1341 3500 ‘0
1354 3439 1443 3517 μεστόν

179 3569 229 3615 μοι.
242 3557 287 3604 εει.
302 3533 353 3602 τόν
372 3532 499 3615 είδελφόν
522 3533 629 3614 αύτοῦ,
659 3529 746 3614 οὗτος
767 3535 804 3602 ού
825 3541 999 3603 τετελείωται
1020 3539 1052 3603 ἐν
1072 3545 1108 3628 τῇ
1125 3535 1242 3628 α’γοίπηγ,
1273 3535 1330 3603 ἄλλ’
1345 3538 1377 3602 ἐκ
1395 3541 1443 3599 τοῦ

302 3637 382 3702 Καίλν
397 3639 490 3716 ἐστίν,
513 3637 559 3704 ότι
574 3636 725 3704 ἀπέκτεινε
738 3637 792 3705 τόν
805 3637 933 3721 οίδελφόν
947 3636 1047 3705 αύτοῦ.
1092 3642 1152 3705 Καί
1168 3639 1219 3706 διδ
1233 3645 1262 3706 τί
1276 3637 1363 3705 αύτόν
1378 3635 1442 3702 τίπό-
1494 3697 1495 3720 ,

300 3765 425 3818 κτεινενς
455 3739 500 3806 ὅτι
521 3733 560 3823 ἦν
580 3739 696 3824 πονηροί
717 3740 753 3805 τό
770 3743 841 3827 ἔργα
858 3739 964 3820 αύτοῦ,
996 3745 1047 3808 ιιαλ
1066 3741 1186 3826 ἐζήλωσε
1203 3741 1240 3808 τό
1256 3745 1327 3829 ἔργα
1341 3737 1441 3813 σύτοῦ,

300 3843 345 3909 ὅτι
361 3836 400 3926 ἦν
417 3841 500 3908 καλοί.
547 3841 632 3907 Οῦτα
649 3835 799 3910 καὶοῦτοι
817 3851 925 3927 μᾶλλον
941 3852 1124 3926 φθονοῦντες
1138 3851 1179 3933 τῷ
1189 3841 1296 3928 Ἀβελ,
1317 3851 1355 3932 τῷ
1371 3839 1440 3908 καλό

301 3947 394 4029 ίχοντι
411 3947 491 4031 ἔργα,
513 3944 564 4010 τόν
580 3947 612 4010 δὲ
629 3943 708 4010 Κόϊν
721 3954 869 4028 τιμῶντες,
891 3952 956 4022 ποῦς
971 3944 1026 4012 ούκ
1041 3947 1202 4032 λλίγχονται
1217 3945 1377 4032 διαρρήδην
1391 3949 1440 4008 τοῦ

301 4054 433 4132 σωτῆρος
448 4049 582 4133 λέγοντος
599 4050 649 4114 καί
666 4045 816 4131 οίπότομον
833 4047 985 4130 όπόφασιν
1003 4047 1149 4135 όρίζοντος
1165 4046 1281 4129 αύτοῖς,
1303 4048 1361 4126 ότι,
1386 4051 1438 4126 Dn-

299 4151 460 4234 τηθήσεται
481 4148 540 4216 α’πό
563 4158 615 4233 τῆς
637 4159 738 4237 γενεᾶς
759 4149 866 4234 ταύτης
886 4157 947 4216 πᾶν
966 4150 1039 4236 αίμα
1058 4155 1171 4216 δίκαιον
1195 4149 1276 4216 ιοίπύ
1290 4149 1375 4232 ’Ἅβελ
1391 4152 1439 4211 τοῦ
1493 4205 1494 4238 η

299 4255 416 4320 δικαίου
437 4251 470 4320 τό
493 4251 544 4319 ἀπ’
566 4251 656 4338 ιίρχῆς
675 4255 865 4337 ἐκκεχυμένον
886 4256 942 4331 ἕως
963 4257 1110 4341 Ζαχαρίου
1131 4261 1186 4321 τοῦ
1204 4251 1375 4340 προφήτου,
1404 4239 1438 4314 σύ
1493 4247 1494 4266 ί

299 4352 483 4422 ἀπεκτείνατε
505 4359 594 4438 μέσον
614 4363 668 4422 τοῦ
689 4363 763 4423 ναοῦ
784 4359 835 4422 καί
856 4363 910 4423 τοῦ
931 4359 1145 4442 θυσιαστηρίου
1166 4359 1218 4424 καί
1238 4354 1274 4421 τό
1295 4355 1366 4435 ἑξῆς.

324 4511 355 4594 16.
372 4515 464 4574 Reme
479 4505 593 4594 ’Ἐκεῖνος
607 4529 651 4596 pso
666 4507 747 4566 Ἐκεί
781 4517 857 4576 Neque
924 4513 948 4568 7.
965 4509 1065 4634 Ῥημβὴ
1082 4515 1152 4577 υειλγο
1168 4517 1260 4594 λεμίιατὅ
1282 4569 1314 4595 Η
1424 4573 1434 4587 ·
1492 4521 1493 4530 ,

296 4582 364 4630 σλιιετ
383 4585 493 4631 conversa
512 4587 605 4645 υίεεηυε
624 4587 734 4646 ιοεεεμεεε
751 4583 856 4634 Luctum.
926 4581 983 4632 Cn.
1023 4618 1030 4633 .
1055 4609 1086 4622 -
1113 4583 1134 4634 1.
1153 4581 1228 4632 Verbo
1243 4593 1290 4632 απτ
1313 4575 1382 4644 λβελ
1397 4591 1435 4628 τοι
