2984 4996
384 173 519 228 aenean
536 174 600 226 uta.
614 174 633 226 r.
650 173 732 227 rou.
746 175 789 227 nr.
807 172 905 225 anau.
919 173 1014 226 xarr.
1212 164 1273 228 'tub

123 316 219 376 regno
238 297 383 358 ambram.
428 293 469 358 Et
487 293 624 380 quoniam
642 294 752 359 veritas
772 314 843 358 suos
860 293 968 379 ubique
991 295 1089 360 ratlios
1109 295 1273 362 dillundeus

124 417 183 482 pro
204 417 238 461 ea
257 417 340 482 quam
355 397 426 462 deas
441 395 528 460 babet
542 396 751 460 imminentium
767 396 905 460 melorum
923 396 1023 461 notitia
1035 418 1188 464 sermones
1203 421 1273 464 snos
1328 441 1332 458 .

122 499 162 562 etl
183 500 395 564 eourinoeutlos
415 519 533 563 errores
551 500 798 579 aaoommodevit,
822 499 888 562 iude
906 501 1012 562 laetum
1030 511 1092 578 est,
1117 501 1224 585 passim
1243 513 1274 566 ut

124 623 231 666 saurae
245 603 345 667 literae
361 623 460 666 eorum
478 602 525 686 qui
543 612 645 666 eontra
661 602 815 665 veritatem
831 601 1019 684 insurgerent
1035 623 1170 682 ooeesum
1187 614 1275 689 atque

123 704 274 770 interitum
294 705 505 791 praedixerint.
552 700 604 768 Sia
627 703 703 768 euim
725 713 826 789 aparte
843 705 967 789 quodam
989 703 1019 766 iu
1042 704 1107 768 loeo
1126 705 1272 788 domiuus,

122 817 159 869 ut
181 807 323 871 infelicem
342 807 422 876 illum
441 817 471 871 et
487 807 676 894 impostorem
695 803 839 872 Severum
860 817 1016 890 argueret,
1047 807 1137 872 vitem
1154 828 1188 872 se
1207 829 1274 873 esse

122 909 305 994 pronuntiat.
344 913 408 990 Ego
420 933 492 986 sam,
517 908 622 994 iuquit,
645 915 711 972 oa'tab
724 932 801 973 uera.
841 909 932 994 arqui
946 909 972 972 si
986 908 1177 995 vituperanda
1191 927 1425 996 pror-amantem.

124 1031 179 1074 sus
197 1011 263 1076 ritis
281 1023 363 1076 esset
379 1012 565 1098 appellatio,¹
584 1031 727 1097 nunquam
744 1013 830 1078 huius
845 1013 880 1075 aa
900 1032 933 1076 se
948 1011 1164 1076 similitudinem
1178 1023 1275 1078 trans·

124 1115 229 1179 ferret.
273 1111 353 1197 Quia
377 1125 408 1178 et
424 1115 546 1199 apostoli
571 1114 602 1177 iu
624 1135 661 1178 eo
681 1113 755 1178 libro
778 1115 825 1199 qui
844 1109 998 1190 Διᾶιαξις,
1019 1114 1074 1178 hoo
1093 1124 1139 1178 est
1155 1109 1292 1210 (Iousti-<

122 1217 216 1296 tatio,
240 1227 362 1282 voratur
379 1217 425 1281 alai
440 1217 560 1304 stirpem
577 1238 611 1282 aa
628 1217 744 1282 vluaam
761 1237 828 1282 esse
847 1217 1017 1282 aatholioem
1037 1216 1190 1281 ecelesiam
1208 1238 1274 1302 pro·

124 1319 208 1384 daut.
253 1317 309 1398 Et,
341 1320 416 1404 quael
443 1321 566 1406 amplius
589 1330 652 1398 est,
683 1318 817 1383 domiuus
840 1319 903 1405 ipse
927 1341 1042 1384 rursum
1065 1319 1095 1384 iu
1121 1320 1274 1402 evaugelio

122 1421 200 1486 ilem
217 1422 381 1508 expressit,
405 1420 454 1485 ubi
468 1423 547 1487 illem
565 1424 668 1487 vineae
685 1421 851 1508 parabolem
868 1421 1034 1508 proposuit:
1059 1427 1388 1505 europaeorum.

115 1527 330 1608 paterfamilias
345 1527 466 1588 habebat
477 1531 599 1600 osbearn,
623 1538 654 1588 st
669 1529 775 1588 looaur't
788 1529 866 1587 illam
880 1529 1031 1606 ogrr'adis,
1056 1537 1086 1588 et
1098 1530 1175 1588 nabr't
1189 1548 1274 1608 petae·

122 1651 191 1690 rens
197 1631 340 1712 finctum,
363 1641 393 1690 et
407 1651 462 1690 non
474 1633 619 1690 admunt.
666 1625 758 1692 lteurr
781 1631 869 1690 Homo
881 1632 992 1709 quatiam
1003 1631 1209 1710 paterfamiliae
1223 1633 1275 1692 ha·
1287 1643 1413 1691 Mantua.

125 1733 194 1793 bena
209 1737 314 1794 ameum
329 1736 403 1794 eoai't
414 1753 551 1813 quaerens
564 1736 708 1812 aperanm
722 1735 751 1792 a'a
764 1735 882 1805 mbram,
906 1741 936 1792 et
948 1734 1025 1792 eirea
1040 1735 1150 1793 terta'arn
1162 1735 1271 1808 horum,

121 1847 154 1897 et
168 1846 294 1911 asamar,
323 1846 352 1896 et
368 1855 485 1910 nomm,
517 1845 546 1895 et
560 1837 741 1896 marsinam.
788 1829 828 1897 Ut
843 1851 881 1896 ex
898 1835 975 1896 omni
992 1841 1074 1917 parte
1091 1834 1165 1897 ralrl
1182 1834 1274 1898 homi·
1366 1821 1372 1840 ‘
1464 1869 1466 1876 v

122 1937 170 2000 nis
187 1939 266 2001 fraus
281 1948 311 2000 et
324 1936 495 2021 improbitas
511 1936 644 2000 veritatis
658 1935 792 2000 oratione
807 1933 966 1999 sauoietur.
1010 1932 1088 2000 Nam
1105 1945 1137 1998 ut
1151 1935 1273 2002 ahsente

120 2039 188 2104 luae
210 2050 365 2124 utromque
387 2049 547 2124 appareant
569 2036 725 2112 tenebrae,
757 2037 929 2122 simulatque
947 2037 993 2101 vel
1012 2037 1130 2101 minime
1147 2037 1273 2103 scintilla

120 2139 231 2205 minare
250 2140 396 2226 eoeperit,
428 2152 608 2206 eveueauunt
622 2139 689 2204 illae
705 2126 861 2220 suntiono,
893 2139 1065 2226 penitusque
1082 2140 1270 2225 dissipentur.

119 2244 190 2330 Ego
211 2265 284 2308 vero
306 2244 372 2308 ideo
390 2243 496 2309 leviter
515 2243 588 2308 haue
607 2243 751 2308 haeresim
768 2243 917 2328 percurri,
941 2242 1017 2326 quorl
1034 2263 1116 2323 aum,
1143 2253 1174 2306 ut
1189 2243 1272 2309 initio

121 2347 241 2428 monui,
263 2347 391 2412 refutatu
407 2347 446 2410 sit
461 2345 564 2424 laoilis,
587 2367 645 2410 uou
660 2365 765 2431 magno
779 2344 878 2409 labore
894 2345 1041 2409 ooutrarie
1056 2344 1149 2431 possit
1162 2347 1273 2412 veritas

121 2450 271 2515 ellirmari.
316 2448 442 2512 herebit
464 2459 495 2512 et
514 2447 600 2528 illud,
633 2448 708 2532 quod
731 2449 778 2513 vel
801 2447 896 2510 nullae
920 2447 1004 2511 hotlie
1027 2448 1175 2533 supersint
1193 2447 1272 2513 illius

120 2564 221 2618 saetae
245 2551 403 2637 reliquiae,
438 2551 485 2617 rel
510 2551 634 2636 exiguae
661 2551 813 2615 admodum
835 2550 1035 2636 superioribus
1058 2550 1088 2614 iu
1113 2550 1271 2636 proviuoiis

118 2656 255 2720 reliome.

206 2755 403 2841 Quamobrem
423 2777 477 2822 nos
499 2777 533 2820 ea
552 2755 776 2840 praetermissa,
808 2755 888 2820 velut
904 2755 1021 2840 soorplo
1037 2755 1160 2837 quodem
1175 2756 1271 2820 subito

119 2860 305 2946 proauloato,
339 2870 455 2924 ueteres
478 2859 693 2944 aggrediamur.
738 2855 798 2923 Serl
819 2859 947 2922 (lirinum
967 2869 1036 2922 ante
1054 2859 1150 2922 omnia
1169 2858 1271 2943 implo-

117 2963 242 3027 randum
265 2961 423 3043 auxillum,
455 2983 513 3046 quo
537 2972 568 3024 et
587 2981 659 3025 vera
678 2959 822 3047 possimus
842 2959 955 3044 eloqui,
988 2979 1083 3043 noque
1100 2958 1270 3043 nobisipsis

119 3063 217 3128 lraurli
236 3065 275 3129 sit
295 3086 394 3129 aarum
416 3085 513 3130 rerum
534 3063 685 3140 traotatio,
718 3062 889 3148 praesertim
912 3083 977 3126 oum
1001 3073 1058 3124 tom
1077 3061 1219 3126 netarium
1241 3072 1271 3126 et

117 3177 249 3230 atrorem
269 3153 474 3253 pestiferorum
492 3167 655 3250 dogmatum
674 3162 886 3249 improbitatem
905 3163 1039 3248 persequi
1056 3164 1236 3230 studeamus.

374 3406 623 3485 CONTRA
670 3401 1008 3496 TATIANOS,

316 3552 397 3624 quae
427 3535 477 3628 apt
501 3528 648 3604 haeresis
671 3525 818 3619 XXVI„
851 3525 922 3600 sire
948 3523 1072 3599 XLVI.

205 3679 350 3745 'l'atiauus
366 3680 480 3763 quidam
496 3690 561 3766 post
575 3681 641 3745 illos
657 3679 771 3745 extitit:
796 3679 844 3764 qui
861 3679 925 3744 sive
944 3679 1046 3742 eodem
1067 3678 1180 3764 penitus
1197 3689 1268 3742 tem·
1287 3685 1347 3754 cap.
1359 3687 1378 3735 t.

115 3803 209 3872 pore,
239 3785 303 3847 sive
320 3783 405 3866 peulo
423 3791 489 3868 post
502 3784 673 3862 emerserit,
706 3802 810 3847 norem
826 3780 1002 3847 vanissimae
1017 3782 1167 3846 doetrinae
1183 3782 1269 3848 seho-

116 3889 174 3951 lam
195 3885 330 3949 instituit.
377 3881 406 3948 ls
427 3885 564 3968 paruum,
597 3895 697 3968 utpote
714 3883 838 3950 Graecia
857 3883 987 3949 eruditus
1006 3883 1134 3963 artibus,
1164 3881 1269 3950 lustiui

115 3988 280 4075 philosophi
296 3987 473 4052 sanctissimi
488 4009 521 4052 ao
535 3987 748 4073 religiosissimi
763 3985 819 4051 riri
834 3987 1045 4051 eonsuetudine
1060 3999 1202 4066 setosus,
1220 3987 1268 4072 qui

116 4113 134 4156 e
153 4087 348 4156 samaritanis
363 4090 400 4154 ad
414 4085 524 4154 Christi
538 4091 622 4154 libem
638 4088 806 4154 transierat.
851 4085 981 4154 lustinus
995 4089 1072 4152 enlm
1085 4109 1196 4174 genere
1212 4086 1271 4163 Sa·‚

115 4342 351 4468 ἀπόἐῖμαριιτῶν
368 4345 406 4408 εἰς
420 4343 530 4415 Χριστὸν
546 4343 753 4412 πεπιστευκότος,
778 4348 840 4412 quoa
858 4349 942 4398 uitium
955 4349 1066 4398 Patavina
1081 4361 1111 4398 aa·
1127 4349 1177 4400 aaa.
1194 4349 1267 4399 totta.

114 4430 169 4467 sorr
