3008 4996
350 288 486 342 Pnnsfflt
503 287 593 341 LlM.
608 287 688 341 TOM.
701 289 734 340 tt.
749 287 850 340 lldssll.
862 288 959 340 xxvi.
1169 275 1223 338 181

93 409 289 489 commodaret,
305 409 380 494 quod
396 409 417 471 ii
434 409 544 472 faciunt
557 407 606 492 qui
619 405 799 472 mollioribus
813 407 944 471 restibus
959 407 1136 470 induuntur?
1168 403 1227 470 Mi-

93 511 161 574 nime
178 529 263 574 vero.
306 509 377 574 Nou
399 509 476 574 enim
498 507 626 574 loannes
647 510 759 573 arundo
776 509 914 593 quaedam
936 519 983 574 est
999 507 1145 571 hominnm
1164 509 1226 592 opi-

93 612 218 676 nionibus
231 612 356 694 agitata,
378 611 427 676 vel
441 609 569 697 quolibet
585 631 685 675 eorum
702 610 803 674 lraude
819 631 855 674 ac
869 610 1053 674 simulatione
1069 629 1224 674 concusso.

93 711 144 776 sm
161 715 295 798 qnoniam
309 715 379 778 illud
395 714 555 792 adiecerat,
575 718 655 775 Inter
670 725 751 774 notor
766 715 912 774 mutr'erum
925 735 981 774 non
995 715 1124 774 cunr-emt
1137 717 1227 774 mucor

90 819 186 878 toruae
203 819 339 896 bopnbtn,
371 836 408 880 nc
425 815 489 900 quis
509 811 647 878 loannem
666 813 721 878 sibl
738 815 927 900 persuaderet
943 813 1029 877 etiam
1047 813 1113 900 ipso
1129 814 1226 878 salro-

92 925 147 980 tore
165 939 232 982 esse
251 917 408 996 maiorem,
441 916 515 1001 qnod
538 915 564 979 is
585 936 601 978 a
623 916 762 994 muliere,
796 914 931 978 nimirum
950 913 1038 978 beata
1054 935 1225 1000 semperque

92 1016 198 1102 virgine
210 1015 309 1082 Maria
320 1039 373 1104 per
386 1017 517 1104 spiritum
531 1026 662 1080 sanctum
677 1029 757 1079 esset
770 1017 898 1100 genitus,
919 1026 950 1079 ιιι
963 1036 1018 1079 nos
1032 1026 1134 1080 contra
1151 1015 1226 1079 bunc

90 1138 214 1186 errorem
229 1120 400 1197 instrueret,
424 1119 559 1196 subiecit,
584 1121 641 1198 (tor
652 1123 744 1180 mr'rror
757 1129 801 1180 cst
812 1123 842 1179 dr
857 1139 946 1198 regno
963 1120 1113 1192 coelorum,
1138 1123 1228 1179 mnr'or

90 1235 129 1282 ert
144 1227 205 1285 r'tto.
252 1219 336 1306 Quod
359 1219 496 1286 videlicet
514 1219 629 1284 ratione
648 1220 786 1305 temporis
808 1231 854 1283 cst
873 1217 910 1282 ab
932 1239 970 1282 eo
991 1217 1096 1282 dictum
1119 1239 1175 1302 quo
1198 1220 1226 1281 io

91 1321 158 1388 lune
183 1326 319 1388 mundum
343 1322 467 1386 bumana
494 1342 582 1385 carne
605 1322 751 1406 praeditus
773 1320 908 1400 advenit,
938 1320 1073 1406 quoniam
1096 1329 1184 1384 sexto
1211 1343 1228 1383 ιι

90 1419 203 1488 loannis
226 1423 500 1490 mauriennense
524 1419 660 1488 Christus
684 1433 729 1487 est
749 1423 780 1486 in
803 1423 898 1487 lucem
921 1424 1027 1488 editus.
1072 1418 1131 1504 Qui
1154 1420 1228 1484 baud

91 1525 169 1591 dubie
186 1527 280 1591 maior
300 1536 366 1590 erat
381 1525 450 1606 illo,
480 1545 544 1590 cum
563 1535 594 1588 et
610 1524 650 1588 sit
664 1545 781 1610 semper
798 1536 829 1589 et
846 1525 946 1589 tuerit.
991 1521 1066 1608 Quis
1085 1525 1139 1588 boc
1155 1543 1229 1586 vero

90 1639 181 1710 potest
200 1629 357 1713 ignoraret
397 1625 522 1692 Frustra
540 1625 630 1711 igitur
649 1626 685 1690 ab
705 1627 762 1690 illis
781 1626 950 1710 excogitata
969 1636 1038 1690 sunt
1055 1625 1169 1705 omnio,
1200 1634 1230 1688 et

91 1749 126 1792 ex
145 1730 230 1794 bunis
251 1729 283 1792 in
303 1727 377 1794 mula
398 1747 554 1792 conversa.

169 1827 326 1896 Caeterum
345 1830 409 1894 libri
425 1849 516 1914 penes
533 1829 600 1892 illos
620 1829 820 1915 quamplurimi
836 1838 914 1892 sunt.
958 1827 1037 1894 Nam
1056 1826 1226 1912 interroga·
1245 1837 1379 1908 crpvttt.

92 1930 182 1996 tiones
199 1934 337 2017 quasdam
356 1929 470 1995 Mariae
488 1931 650 1994 venditant.
693 1930 754 1994 Alii
772 1931 808 1993 de
827 1951 863 1994 eo
882 1950 965 2014 quem
986 1931 1113 1995 diximus
1135 1927 1231 1994 lalda·

92 2032 175 2098 baotb
197 2034 251 2098 snb
277 2031 360 2099 Setbi
390 2033 507 2098 nomine
529 2033 693 2118 complures
714 2031 806 2096 libros
831 2032 1031 2117 supposititios
1060 2031 1228 2096 obtrudunt.

92 2129 147 2198 Sed
164 2146 195 2198 et
207 2136 314 2200 Adami
331 2133 542 2198 Revelationes
558 2135 649 2214 alias,
672 2143 703 2198 et
719 2134 774 2197 alia
791 2135 860 2197 item
874 2131 1037 2218 Evangelia
1056 2134 1127 2198 lalsa
1145 2133 1231 2196 disci-

92 2238 218 2320 polorum
242 2237 360 2301 nomine
377 2236 562 2300 conscribere
580 2246 648 2300 sunt
665 2234 740 2300 ausi.
783 2233 851 2298 Nec
874 2255 926 2299 eos
943 2236 1041 2299 dicere
1063 2236 1152 2320 pudet
1173 2233 1231 2298 sal-

93 2349 220 2403 vatorem
243 2349 374 2402 nostrum
404 2357 439 2402 no
461 2335 606 2400 dominum
630 2333 728 2400 lesum
752 2333 901 2400 Christum
926 2337 1067 2401 eiusmodi
1092 2357 1143 2420 per
1164 2357 1231 2400 sese

93 2439 297 2527 turpitudinem
315 2451 508 2504 monstrasse.
551 2435 669 2501 Etenim
686 2439 715 2502 in
731 2435 846 2502 Mariae
865 2437 1143 2521 interrogationibus
1159 2460 1232 2521 quas

93 2539 220 2606 Maiores
236 2553 346 2605 vocant
360 2543 444 2624 (snut
458 2539 535 2604 enim
552 2537 769 2604 eliceMinores
785 2539 906 2624 perinde
923 2541 1151 2622 commentitiae)
1166 2540 1233 2603 huic

93 2643 168 2708 illum
177 2643 352 2728 patefecisse
367 2643 489 2728 fingunt,
501 2663 565 2706 cum
576 2661 639 2705 eam
652 2639 683 2704 in
698 2651 824 2705 montem
840 2640 1004 2720 eduxisset,
1016 2653 1152 2725 essetque
1166 2663 1232 2726 prc-

94 2755 183 2826 catus,
206 2766 242 2810 ac
256 2745 396 2829 producta
412 2743 448 2807 de
464 2744 557 2807 latere
574 2763 628 2807 sno
646 2741 767 2806 muliere
783 2763 848 2806 cum
864 2761 899 2806 en
915 2762 977 2806 reru
994 2743 1102 2806 trabere
1120 2744 1233 2828 coepis-

94 2859 157 2926 set,
177 2859 238 2911 tum
257 2845 378 2910 seminis
397 2845 443 2908 sni
460 2844 630 2930 profusione
647 2844 799 2928 degustata
818 2855 1029 2924 monstrasset,
1053 2843 1111 2921 ita,
1137 2855 1168 2906 ut
1189 2844 1233 2907 vi-

94 2969 163 3012 vere
179 2947 336 3034 possimus,
359 2966 427 3010 esse
445 2945 621 3010 laciendum.
665 2944 786 3009 Addunt
800 2955 831 3008 et
847 2945 1042 3030 perturbatam
1061 2947 1153 3010 luisse
1167 2944 1234 3008 lila-

94 3050 183 3129 riam,
206 3061 294 3134 atque
310 3047 388 3111 bumi
406 3047 567 3126 cecidisse,
591 3065 714 3130 eamque
730 3067 748 3110 a
769 3043 888 3110 Christo
907 3069 973 3110 corn
990 3046 1034 3110 luis
1051 3047 1151 3110 verbis
1169 3067 1233 3109 erc-

95 3161 183 3214 etamc
229 3151 711 3230 Qunrcdubr'tusn'modr'coefider't
740 3145 839 3230 Atque
853 3148 909 3210 hoo
932 3150 1027 3232 ipsum
1045 3169 1112 3212 esse
1132 3149 1236 3211 volunt

95 3253 166 3334 quod
181 3253 213 3316 in
231 3252 386 3334 evangelio
402 3253 524 3315 dicituro
557 3257 594 3314 Si
612 3263 724 3312 terreno
747 3253 807 3310 dr'm
823 3249 916 3323 robob,
940 3261 968 3312 et
989 3253 1385 3322 commanducamus.

95 3359 219 3418 coelern'u
236 3358 370 3435 quomodo
393 3358 535 3415 credens?
564 3349 638 3416 ltem
654 3350 740 3414 illud:
770 3355 839 3412 Cum
859 3354 987 3412 uuidere'n'r
996 3354 1095 3432 filriern
1117 3355 1235 3412 dominis

96 3445 335 3520 conscendentem
350 3456 402 3517 ιιι·
421 3467 485 3516 erat
503 3459 602 3536 pmice,
627 3454 683 3516 bon
700 3462 763 3530 est,
784 3451 937 3536 inquiunt,
967 3453 1112 3538 prollnens
1134 3472 1234 3516 semen

96 3573 282 3642 exsorptum,
314 3566 402 3620 uteo
426 3555 501 3620 unde
519 3555 637 3620 exierat
656 3564 834 3618 revertatur.
881 3552 960 3617 Tum
982 3556 1056 3637 quod
1074 3554 1141 3618 olibi
1163 3554 1236 3618 scri-

98 3670 171 3741 ptum
192 3670 256 3722 est:
286 3662 354 3720 Nc'rc'
371 3662 604 3738 manducones-utri
621 3679 733 3718 curnem
748 3677 851 3730 mcum,
883 3667 912 3718 et
926 3659 1053 3718 biberint
1069 3679 1155 3718 cneum
1171 3677 1236 3717 cun·
1248 3673 1387 3726 omnnem.

95 3765 215 3836 gumen.
262 3757 308 3822 Ao
328 3781 402 3843 quae
427 3758 602 3843 perturbatis
628 3757 793 3843 discipulis,
825 3779 860 3820 ac
883 3757 1063 3836 dicentibus,
1097 3762 1165 3837 Quos
1184 3761 1237 3818 doc
1348 3835 1351 3842 ι

95 3871 185 3938 potest
197 3865 320 3924 anduh?
341 3863 377 3924 de
394 3858 568 3946 turpitudine
585 3879 751 3923 sermonem
769 3878 834 3922 eum
851 3859 1014 3923 institutum
1031 3859 1139 3938 lerunt,
1156 3859 1237 3921 ideo-

99 3955 153 4042 q'ue
174 3963 303 4026 turbatos
326 3974 407 4026 retro
429 3964 530 4046 pedem
548 3960 695 4024 retulisse.
740 3957 878 4024 Nondum
895 3961 971 4023 enim
988 3960 1117 4045 perlecte
1137 3980 1238 4021 corru-

101 4059 189 4126 borati
212 4073 298 4127 erarrt
314 4084 349 4127 ac
365 4063 495 4128 stabiliti.
541 4059 608 4146 Quo
628 4062 716 4125 etium
735 4059 857 4126 Doridis
875 4059 944 4125 illud
961 4061 1071 4124 dictum
1089 4061 1236 4124 relernnt:

101 4243 243 4365 xpp'prp'cr'pe
259 4244 381 4334 ἐισιῖριωιι
398 4243 474 4304 noirnd
492 4247 636 4318 παρουσίας.
687 4251 725 4300 tir.
737 4255 761 4329 ιι
773 4251 901 4330 cdl'etou.
917 4243 1070 4315 πιστεύσητε
1085 4251 1239 4312 cortdtrrdc'p.

138 4320 533 4442 ciiiiliiii-mtiiiicnrcdccrr
546 4387 597 4438 cod„
607 4387 653 4436 t'u-
686 4323 707 4367 a
723 4319 777 4370 ‘aa'
792 4332 867 4380 im
