2984 4996
343 311 478 365 nannum
494 312 555 366 une.
568 315 589 366 1.
607 312 963 389 continuarentur.
1163 305 1225 369 699

74 451 134 496 ιιι
157 451 213 496 vna
234 433 407 498 auctoritato
431 432 617 498 convincent.
667 431 814 514 Primum,
844 434 919 520 quot
943 434 978 497 ιι
1002 433 1156 519 imaginem
1179 437 1224 500 lei

75 532 169 598 homo
183 555 199 598 a
215 535 268 600 cleo
285 537 379 600 laotun
395 546 451 600 est.
495 536 604 620 Aequi
620 535 698 600 illum
714 537 795 616 lecit,
816 541 980 612 Faciamus,
1006 537 1116 622 inquit,
1138 545 1224 604 loni·
1244 555 1300 602 cen.
1314 556 1333 612 1,
1344 557 1377 601 an

74 659 141 700 creec
159 643 199 700 ud
212 644 358 718 auruginem
374 649 404 700 et
415 643 622 702 similitudinem
636 650 772 702 noctram.
819 635 964 721 Quocirca
980 641 1006 704 si
1022 641 1117 725 quise
1133 643 1225 708 lalcis-

73 741 153 804 sima
171 751 218 804 tua
238 740 352 805 haeresi
372 742 491 806 sacerd
509 741 662 806 veritatem
679 741 876 821 converterit,
899 753 930 806 et
945 753 1087 828 tamquam
1107 767 1122 808 e
1141 756 1226 810 nocte

73 864 114 906 ao
135 842 264 908 tenebris
282 844 452 924 emerserit,
476 845 505 908 iu
525 844 640 908 divinae
657 843 797 908 scientiae
814 844 910 910 lumen
929 845 1075 925 incurret,
1105 850 1181 931 quot
1199 850 1225 912 ei

72 945 152 1010 eolis
170 947 280 1024 instar,
303 945 350 1010 vel
367 946 454 1010 etiam
471 946 534 1010 sole
553 946 615 1030 ipsc
632 945 756 1025 clarius,
779 945 943 1011 illucescet.
988 945 1064 1012 Nam
1080 949 1148 1013 illud
1165 950 1226 1014 cni·

72 1048 166 1126 libet,
198 1047 246 1133 qni
264 1048 386 1112 rationis
403 1048 532 1112 neuuilit
550 1048 671 1128 habeat,
696 1048 817 1114 evidens
834 1050 906 1128 erit,
936 1050 1020 1115 eleum
1039 1071 1105 1116 cese
1123 1073 1226 1137 pareu-

73 1160 138 1214 ιιι
157 1149 302 1230 emnium,
331 1151 378 1235 qui
396 1151 435 1214 ita
452 1150 564 1216 locutus
581 1163 643 1218 eet:
677 1156 824 1214 Frentanum
838 1155 982 1216 hommem.
1029 1151 1095 1236 Qua
1111 1155 1224 1239 quidem
1328 1167 1331 1172 ’

72 1273 154 1316 voce
171 1263 320 1316 aeternum
336 1251 415 1318 illum
433 1255 534 1332 deum,
558 1253 695 1334 verbnm,
727 1255 843 1338 iuquam
861 1254 949 1318 lilium
969 1277 1051 1320 suum
1070 1256 1224 1341 unigenam

72 1355 331 1440 compluerent,
361 1377 445 1440 quem
466 1376 503 1420 ex
522 1355 619 1441 seipso
637 1356 701 1420 eine
717 1355 800 1420 initio
816 1357 894 1420 omui
911 1379 945 1422 uc
963 1367 1093 1442 tempure
1110 1359 1223 1443 genuit,

72 1479 135 1522 nec
154 1480 213 1522 nun
232 1469 262 1522 et
278 1460 411 1544 spiritum
429 1469 578 1538 sanctum,
614 1458 661 1542 qui
681 1479 735 1522 nac
751 1458 787 1522 ab
805 1459 873 1539 illo,
906 1480 960 1523 nec
977 1459 1013 1526 ab
1032 1459 1097 1524 ciue
1113 1461 1171 1524 lilio
1187 1461 1227 1525 nit

72 1559 205 1624 alienus.
251 1558 283 1624 Si
306 1561 382 1625 euim
407 1562 481 1626 alius
506 1563 582 1625 iuret
604 1560 729 1626 lncminie
751 1561 925 1640 lubricatur,
958 1563 1055 1626 mnndi
1079 1563 1223 1642 conditor,

71 1663 153 1728 aliua
169 1684 321 1748 supremus
338 1685 373 1726 ac
391 1665 483 1728 bouus
499 1665 604 1742 uleus„
621 1686 637 1726 a
656 1685 713 1748 quo
731 1659 866 1728 Clnrietus
882 1665 1048 1744 descendit,
1080 1687 1224 1751 nunqnam

73 1764 218 1832 Christus
230 1765 284 1829 sibi
302 1787 408 1851 corpus
424 1768 589 1851 affingeret,
614 1777 664 1830 aut
679 1768 800 1851 liguram
815 1767 844 1830 in
860 1787 892 1832 ne
911 1763 1063 1832 Crantoris
1078 1769 1223 1854 exprime·

71 1881 135 1934 ret.
183 1866 282 1951 Quare
300 1869 482 1954 perspicuum
500 1879 544 1932 eet
561 1869 636 1933 luunc
651 1869 744 1952 ipsum
761 1869 884 1934 hominio
902 1871 1056 1954 mundique
1074 1891 1141 1935 esee
1155 1891 1222 1936 oon·

71 1971 220 2049 clitonem,
252 1991 336 2056 quem
353 1972 392 2036 ita
411 1973 493 2056 pater
509 1971 681 2056 alloquitur:
712 1976 859 2036 Fortunate
875 1975 1009 2036 hominem
1027 1977 1066 2034 ud
1078 1978 1224 2054 auruginem

69 2087 101 2136 et
121 2077 331 2136 ertna'lr'tadr'nem
348 2086 482 2136 noenum.
528 2074 627 2158 Atque
654 2074 708 2138 hoc
730 2094 769 2138 cx
792 2095 850 2138 uno
874 2095 964 2159 opere
981 2075 1151 2140 macilentus
1169 2076 1226 2140 erit

69 2178 204 2256 artifex,
237 2197 330 2261 neque
351 2177 425 2240 alins
443 2176 621 2259 intelligetur
639 2176 747 2254 luisse,
781 2176 828 2260 qui
849 2188 906 2240 tum
927 2177 1070 2241 hominem
1089 2197 1224 2262 procren-

70 2280 154 2344 verll
173 2290 204 2342 et
219 2279 323 2344 Adaml
342 2299 447 2363 corpus
470 2301 486 2343 e
505 2289 582 2342 terte
601 2279 717 2342 molitus
735 2279 837 2358 luerit,
859 2283 1028 2362 eundemque
1046 2286 1075 2344 in
1092 2287 1224 2344 canentem

69 2388 197 2446 moinum
206 2384 322 2465 secerni.
361 2376 418 2445 Coi
434 2381 548 2465 quidem
563 2382 605 2445 rei
622 2381 724 2446 leatus
740 2379 866 2446 loannca
883 2381 912 2446 in
928 2383 1080 2467 evangelio
1096 2405 1150 2448 suo
1164 2385 1225 2448 sul·

71 2488 210 2568 tragucur
234 2483 278 2547 luia
303 2481 417 2548 verbis:
452 2489 485 2546 In
503 2489 643 2566 principio
662 2496 725 2546 erut
740 2485 866 2558 mcum,
900 2486 1058 2548 etcertum
1074 2499 1139 2549 erut
1150 2492 1227 2568 opud
1236 2507 1312 2552 noma.
1324 2507 1343 2564 1,
1357 2507 1375 2551 ι.

69 2593 170 2661 deum,
194 2591 302 2648 ecdem
316 2599 378 2649 erut
391 2589 512 2648 centurn.
560 2591 619 2649 Hoc
632 2592 736 2649 erutrir
748 2591 888 2670 pnnrpm
902 2591 979 2668 opud
991 2591 1080 2650 dmm.
1128 2593 1225 2652 Omnia

63 2713 127 2774 per
148 2695 237 2770 ι’ριιιι
251 2691 336 2772 sueta
356 2701 436 2762 runt,
469 2701 498 2752 et
517 2693 577 2751 er'rre
595 2694 655 2770 r'poao
664 2690 778 2771 sinotum
796 2701 840 2750 est
857 2693 932 2752 nr'lle'l
944 2701 997 2752 etc.
1045 2687 1174 2772 Quodsi
1194 2691 1223 2755 in

68 2795 141 2878 ipso
160 2791 339 2869 factasunt,
370 2801 400 2854 et
417 2811 469 2875 per
486 2791 577 2874 ipsum
595 2793 686 2870 lacta,
717 2791 766 2855 ille
785 2803 815 2854 et
832 2791 974 2856 cidamum
992 2792 1162 2871 fabricavit,
1196 2805 1226 2858 et

68 2917 113 2960 ex
133 2891 233 2957 Maria
248 2893 362 2977 virgine
378 2892 432 2956 silui
450 2913 556 2977 corpus
573 2893 699 2971 effinxit,
723 2915 757 2956 ac
773 2903 862 2958 totam
879 2893 1002 2979 denique
1019 2895 1074 2959 sibi
1091 2906 1222 2962 naturam

68 2995 203 3062 huminis
220 2995 370 3072 aliurrxit,
401 3015 484 3078 quern
503 3015 518 3057 a
536 3015 567 3058 se
585 2995 634 3060 illo
651 3005 781 3081 tempure
799 2997 960 3075 conditam,
992 2999 1105 3062 demum
1121 2999 1224 3062 arctio·

67 3101 150 3164 sime
174 3097 228 3160 aiiii
253 3096 408 3182 copulnvit.
454 3094 514 3160 laun
540 3117 611 3162 uero
634 3098 659 3162 si
679 3097 804 3163 alienum
825 3119 897 3184 opun
916 3099 1067 3186 usurpavit
1089 3100 1152 3164 eius
1176 3099 1225 3184 qui

68 3207 194 3266 creatas
212 3221 260 3262 res
279 3199 353 3264 mole
373 3199 516 3277 curriliclit,
548 3221 582 3264 nc
598 3201 689 3266 malua
706 3199 842 3286 opinione
860 3210 907 3266 tna
925 3201 995 3281 luit,
1026 3202 1070 3280 si,
1095 3202 1222 3286 inquam,

67 3301 161 3368 malis
180 3302 314 3387 operibus
333 3323 403 3366 usus
419 3311 481 3380 est,
498 3306 586 3386 'qune
607 3324 623 3366 a
640 3303 716 3367 malo
731 3313 800 3367 aunt
814 3303 922 3368 artilice
938 3304 1085 3389 prolecta,
1110 3315 1224 3370 creato·

66 3407 115 3472 ris
132 3426 166 3469 se
183 3403 310 3488 nequitia
323 3404 514 3490 implicaverit
529 3415 645 3490 oportet
660 3425 712 3470 nan
729 3405 778 3468 illo
791 3427 826 3468 ao
841 3405 994 3486 beneflcio,
1019 3418 1078 3470 tum
1094 3407 1223 3471 eiusdem

65 3507 204 3590 imagine
221 3507 413 3591 capessendaq
434 3507 509 3592 quotl
525 3508 586 3572 lieri
602 3506 719 3572 omuino
734 3529 791 3571 non
808 3519 914 3593 potest.
960 3507 1077 3573 Etenim
1092 3511 1117 3573 si
1132 3509 1223 3572 honri-

66 3612 119 3676 nie
138 3619 270 3674 naturam
285 3609 387 3687 induit,
411 3629 469 3673 non
484 3631 601 3673 carnem
617 3611 714 3688 molo,
738 3610 789 3674 uel
803 3620 833 3673 et
847 3611 969 3674 animem
984 3610 1124 3696 suscepit.
1158 3608 1223 3676 Ne·

66 3733 131 3800 que
151 3710 228 3776 enim
245 3711 400 3776 obscurum
417 3711 485 3776 illutl
504 3723 560 3776 eet.
605 3709 663 3795 Qui
681 3712 758 3778 euim
775 3713 881 3798 alioqui
898 3713 1025 3776 diceret:
1058 3717 1221 3776 Petertotenr
1236 3735 1313 3782 rotun.

65 3818 163 3880 tabeo
185 3819 311 3895 comper-e
335 3819 453 3878 wintune
476 3837 578 3890 cneum,
611 3805 760 3896 et'ponere
783 3823 866 3878 conr?
909 3812 1105 3898 Quamobrem
1130 3827 1219 3882 totum
1235 3789 1268 3846 η’
1283 3790 1312 3834 ¹⁸¹

66 3919 142 3985 illud
161 3937 235 4001 opus
251 3937 422 3996 assumens,
454 3937 537 4001 qnam
555 3929 673 3981 creator
686 3917 841 4002 imaginem
858 3918 1000 4004 appellet,
1032 3928 1121 3982 totum
1139 3919 1220 3997 illul,

65 4021 211 4106 iuquam,
236 4037 276 4082 ex
291 4039 413 4104 corpore
429 4019 581 4105 animaque
597 4020 764 4112 conflatum,
788 4019 891 4104 quibua
906 4020 991 4084 homo
1008 4021 1137 4106 pertibus
1152 4042 1222 4114 cuu-

66 4133 151 4200 atat,
186 4121 313 4184 livinum
337 4120 391 4184 ailri
417 4121 535 4185 verbnm
557 4121 703 4186 adiunxit.
748 4117 833 4203 Quod
857 4123 881 4184 si
905 4123 945 4188 ita
963 4133 1023 4201 eat,
1055 4123 1162 4188 veneni
1181 4124 1221 4187 tui

67 4224 232 4292 efficacitas
249 4223 343 4288 omnis
357 4223 555 4308 extinguitur,
580 4245 614 4288 nc
630 4225 834 4289 tumultuosum
850 4225 1104 4310 perturbatumque
1119 4227 1232 4310 dogma

68 4325 215 4404 concidit,
239 4325 313 4409 quctl
330 4326 408 4389 nullo
424 4327 609 4391 lunlameuto
626 4325 783 4391 stabilitum
798 4327 876 4391 nulla
892 4328 1024 4392 ueritatis
1039 4328 1172 4392 firmitate
1187 4349 1221 4392 ac

67 4430 222 4495 soliditate
244 4427 356 4491 nititur.

160 4525 300 4596 Ceterum
323 4551 386 4594 cum
410 4531 537 4597 escuris
556 4532 648 4598 literis
668 4533 801 4623 quicquid
822 4533 962 4620 placuerit
980 4533 1071 4618 oligua
1088 4544 1139 4602 aut
1154 4533 1222 4601 reii-
1242 4544 1300 4613 ουρ.
1319 4545 1350 4597 v.
