<?xml version="1.0" encoding="UTF-8"?>
<!DOCTYPE html PUBLIC "-//W3C//DTD XHTML 1.0 Transitional//EN"
    "http://www.w3.org/TR/xhtml1/DTD/xhtml1-transitional.dtd">
<html xmlns="http://www.w3.org/1999/xhtml" xml:lang="en" lang="en">
 <head>
  <title>
</title>
<meta http-equiv="Content-Type" content="text/html;charset=utf-8" />
  <meta name='ocr-system' content='tesseract 3.04.00' />
  <meta name='ocr-capabilities' content='ocr_page ocr_carea ocr_par ocr_line ocrx_word'/>
</head>
<body>
  <div class='ocr_page' id='page_1' title='image "./corporishaerese03oehlgoog_0099.png"; bbox 0 0 3006 4990; ppageno 0'>
   <div class='ocr_carea' id='block_1_1' title="bbox 293 253 1015 318">
    <p class='ocr_par' dir='ltr' id='par_1_1' title="bbox 293 253 1015 318">
     <span class='ocr_line' id='line_1_1' title="bbox 293 253 1015 318; baseline 0 0"><span class='ocrx_word' id='word_1_1' title='bbox 293 253 332 318; x_wconf 65' lang='grc' dir='ltr'><strong><em>σε</em></strong></span> <span class='ocrx_word' id='word_1_2' title='bbox 712 266 1015 318; x_wconf 77' lang='grc' dir='ltr'><strong><em>εκυστοσντοσιακ</em></strong></span> 
     </span>
    </p>
   </div>
   <div class='ocr_carea' id='block_1_2' title="bbox 184 423 1449 4410">
    <p class='ocr_par' dir='ltr' id='par_1_2' title="bbox 347 423 1385 761">
     <span class='ocr_line' id='line_1_2' title="bbox 555 423 1176 498; baseline 0.006 -6"><span class='ocrx_word' id='word_1_3' title='bbox 555 423 710 493; x_wconf 80' lang='grc' dir='ltr'><strong>ΚΑΤΑ</strong></span> <span class='ocrx_word' id='word_1_4' title='bbox 749 424 1176 498; x_wconf 76' lang='grc' dir='ltr'><strong>ΓΡΑΜΜΑΤΕΩΝ.</strong></span> 
     </span>
     <span class='ocr_line' id='line_1_3' title="bbox 347 536 1385 639; baseline 0.002 -23"><span class='ocrx_word' id='word_1_5' title='bbox 347 545 491 639; x_wconf 86' lang='grc' dir='ltr'><strong><em>Δευτέρα</em></strong></span> <span class='ocrx_word' id='word_1_6' title='bbox 507 541 628 638; x_wconf 75' lang='grc' dir='ltr'><strong><em>αδρεσις</em></strong></span> <span class='ocrx_word' id='word_1_7' title='bbox 644 536 708 616; x_wconf 82' lang='grc' dir='ltr'><strong><em>ἀπὸ</em></strong></span> <span class='ocrx_word' id='word_1_8' title='bbox 725 547 783 615; x_wconf 83' lang='grc' dir='ltr'><strong><em>τοῦ</em></strong></span> <span class='ocrx_word' id='word_1_9' title='bbox 801 538 1026 637; x_wconf 79' lang='grc' dir='ltr'><strong><em>Ἰουδαῐομοῦ,</em></strong></span> <span class='ocrx_word' id='word_1_10' title='bbox 1052 540 1331 638; x_wconf 73' lang='grc' dir='ltr'><strong><em>πεντεκαιδεκάτη</em></strong></span> <span class='ocrx_word' id='word_1_11' title='bbox 1349 547 1385 618; x_wconf 76' lang='grc' dir='ltr'><strong><em>δέ</em></strong></span> 
     </span>
     <span class='ocr_line' id='line_1_4' title="bbox 745 656 994 761; baseline 0 -29"><span class='ocrx_word' id='word_1_12' title='bbox 745 667 790 754; x_wconf 78' lang='grc' dir='ltr'><strong><em>τή</em></strong></span> <span class='ocrx_word' id='word_1_13' title='bbox 811 656 994 761; x_wconf 70' lang='grc' dir='ltr'><strong><em>ἀκολουθίᾳ.</em></strong></span> 
     </span>
    </p>

    <p class='ocr_par' dir='ltr' id='par_1_3' title="bbox 295 787 1438 2297">
     <span class='ocr_line' id='line_1_5' title="bbox 381 787 1429 876; baseline -0.002 -20"><span class='ocrx_word' id='word_1_14' title='bbox 381 789 469 856; x_wconf 82' lang='grc' dir='ltr'><strong><em>Μετά</em></strong></span> <span class='ocrx_word' id='word_1_15' title='bbox 497 788 622 866; x_wconf 90' lang='grc' dir='ltr'><strong><em>τοότονς</em></strong></span> <span class='ocrx_word' id='word_1_16' title='bbox 649 788 719 868; x_wconf 82' lang='grc' dir='ltr'><strong><em>τοάς</em></strong></span> <span class='ocrx_word' id='word_1_17' title='bbox 741 792 967 865; x_wconf 66' lang='grc' dir='ltr'><strong><em>Σαδδουκαίους</em></strong></span> <span class='ocrx_word' id='word_1_18' title='bbox 989 797 1172 876; x_wconf 85' lang='grc' dir='ltr'><strong><em>Γραμματεῖς</em></strong></span> <span class='ocrx_word' id='word_1_19' title='bbox 1199 788 1352 876; x_wconf 88' lang='grc' dir='ltr'><strong><em>γεγόνασιν</em></strong></span> <span class='ocrx_word' id='word_1_20' title='bbox 1379 787 1429 854; x_wconf 83' lang='grc' dir='ltr'><strong><em>ἀνά</em></strong></span> 
     </span>
     <span class='ocr_line' id='line_1_6' title="bbox 297 887 1431 977; baseline -0.003 -19"><span class='ocrx_word' id='word_1_21' title='bbox 297 896 385 976; x_wconf 91' lang='grc' dir='ltr'><strong><em>μέσον</em></strong></span> <span class='ocrx_word' id='word_1_22' title='bbox 407 899 460 958; x_wconf 84' lang='grc' dir='ltr'><strong><em>τοῦ</em></strong></span> <span class='ocrx_word' id='word_1_23' title='bbox 484 889 607 977; x_wconf 79' lang='grc' dir='ltr'><strong><em>χρόνον,</em></strong></span> <span class='ocrx_word' id='word_1_24' title='bbox 634 893 685 960; x_wconf 81' lang='grc' dir='ltr'><strong><em>καί</em></strong></span> <span class='ocrx_word' id='word_1_25' title='bbox 705 888 760 960; x_wconf 81' lang='grc' dir='ltr'><strong><em>σόν</em></strong></span> <span class='ocrx_word' id='word_1_26' title='bbox 783 887 883 967; x_wconf 83' lang='grc' dir='ltr'><strong><em>αότοῖς</em></strong></span> <span class='ocrx_word' id='word_1_27' title='bbox 905 888 959 974; x_wconf 86' lang='grc' dir='ltr'><strong><em>τήν</em></strong></span> <span class='ocrx_word' id='word_1_28' title='bbox 982 888 1096 974; x_wconf 84' lang='grc' dir='ltr'><strong><em>ήλικίαν</em></strong></span> <span class='ocrx_word' id='word_1_29' title='bbox 1118 893 1308 977; x_wconf 72' lang='grc' dir='ltr'><strong><em>κατάγοντες,</em></strong></span> <span class='ocrx_word' id='word_1_30' title='bbox 1331 895 1431 966; x_wconf 71' lang='grc' dir='ltr'><strong><em>οἵτινες</em></strong></span> 
     </span>
     <span class='ocr_line' id='line_1_7' title="bbox 297 986 1430 1079; baseline -0.002 -21"><span class='ocrx_word' id='word_1_31' title='bbox 297 986 373 1078; x_wconf 90' lang='grc' dir='ltr'><strong><em>ήσαν</em></strong></span> <span class='ocrx_word' id='word_1_32' title='bbox 388 996 561 1078; x_wconf 83' lang='grc' dir='ltr'><strong><em>δευτερωταί</em></strong></span> <span class='ocrx_word' id='word_1_33' title='bbox 577 999 630 1058; x_wconf 80' lang='grc' dir='ltr'><strong><em>τοῦ</em></strong></span> <span class='ocrx_word' id='word_1_34' title='bbox 646 991 751 1074; x_wconf 91' lang='grc' dir='ltr'><strong><em>νόμου,</em></strong></span> <span class='ocrx_word' id='word_1_35' title='bbox 773 989 814 1067; x_wconf 83' lang='grc' dir='ltr'><strong><em>άς</em></strong></span> <span class='ocrx_word' id='word_1_36' title='bbox 829 991 1031 1077; x_wconf 89' lang='grc' dir='ltr'><strong><em>γραμματικήν</em></strong></span> <span class='ocrx_word' id='word_1_37' title='bbox 1048 1019 1113 1058; x_wconf 90' lang='grc' dir='ltr'><strong><em>τινα</em></strong></span> <span class='ocrx_word' id='word_1_38' title='bbox 1128 991 1290 1076; x_wconf 74' lang='grc' dir='ltr'><strong><em>ἐπιστήμην</em></strong></span> <span class='ocrx_word' id='word_1_39' title='bbox 1304 991 1430 1079; x_wconf 81' lang='grc' dir='ltr'><strong><em>δφτγγοό-</em></strong></span> 
     </span>
     <span class='ocr_line' id='line_1_8' title="bbox 297 1090 1430 1180; baseline -0.001 -19"><span class='ocrx_word' id='word_1_40' title='bbox 297 1121 390 1178; x_wconf 88' lang='grc' dir='ltr'><strong><em>μενοι,</em></strong></span> <span class='ocrx_word' id='word_1_41' title='bbox 411 1093 447 1160; x_wconf 87' lang='grc' dir='ltr'><strong><em>τά</em></strong></span> <span class='ocrx_word' id='word_1_42' title='bbox 462 1093 533 1160; x_wconf 83' lang='grc' dir='ltr'><strong><em>ἀλλα</em></strong></span> <span class='ocrx_word' id='word_1_43' title='bbox 548 1093 722 1180; x_wconf 87' lang='grc' dir='ltr'><strong><em>πράττοντες</em></strong></span> <span class='ocrx_word' id='word_1_44' title='bbox 737 1101 797 1160; x_wconf 79' lang='grc' dir='ltr'><strong><em>τάν</em></strong></span> <span class='ocrx_word' id='word_1_45' title='bbox 809 1090 978 1174; x_wconf 86' lang='grc' dir='ltr'><strong><em>Ἰουδαίων,</em></strong></span> <span class='ocrx_word' id='word_1_46' title='bbox 998 1092 1134 1180; x_wconf 86' lang='grc' dir='ltr'><strong><em>περιττήν</em></strong></span> <span class='ocrx_word' id='word_1_47' title='bbox 1153 1097 1186 1164; x_wconf 88' lang='grc' dir='ltr'><strong><em>δέ</em></strong></span> <span class='ocrx_word' id='word_1_48' title='bbox 1201 1121 1264 1158; x_wconf 89' lang='grc' dir='ltr'><strong><em>τινα</em></strong></span> <span class='ocrx_word' id='word_1_49' title='bbox 1278 1099 1373 1178; x_wconf 81' lang='grc' dir='ltr'><strong><em>δῆθεν</em></strong></span> <span class='ocrx_word' id='word_1_50' title='bbox 1387 1117 1430 1160; x_wconf 91' lang='grc' dir='ltr'><strong><em>σο-</em></strong></span> 
     </span>
     <span class='ocr_line' id='line_1_9' title="bbox 298 1193 1431 1282; baseline -0.005 -18"><span class='ocrx_word' id='word_1_51' title='bbox 298 1195 436 1281; x_wconf 89' lang='grc' dir='ltr'><strong><em>φιστικήν</em></strong></span> <span class='ocrx_word' id='word_1_52' title='bbox 450 1195 599 1282; x_wconf 77' lang='grc' dir='ltr'><strong><em>ἀφήγησιν</em></strong></span> <span class='ocrx_word' id='word_1_53' title='bbox 612 1193 820 1280; x_wconf 83' lang='grc' dir='ltr'><strong><em>είςηγοάμενοι,</em></strong></span> <span class='ocrx_word' id='word_1_54' title='bbox 842 1193 880 1261; x_wconf 90' lang='grc' dir='ltr'><strong><em>ου’</em></strong></span> <span class='ocrx_word' id='word_1_55' title='bbox 896 1195 970 1262; x_wconf 89' lang='grc' dir='ltr'><strong><em>κατά</em></strong></span> <span class='ocrx_word' id='word_1_56' title='bbox 989 1194 1079 1278; x_wconf 89' lang='grc' dir='ltr'><strong><em>νόμον</em></strong></span> <span class='ocrx_word' id='word_1_57' title='bbox 1095 1194 1188 1278; x_wconf 89' lang='grc' dir='ltr'><strong><em>μόνον</em></strong></span> <span class='ocrx_word' id='word_1_58' title='bbox 1203 1200 1343 1278; x_wconf 82' lang='grc' dir='ltr'><em>βιοῦντες,</em></span> <span class='ocrx_word' id='word_1_59' title='bbox 1367 1193 1431 1262; x_wconf 82' lang='grc' dir='ltr'><strong><em>ἀλλά</em></strong></span> 
     </span>
     <span class='ocr_line' id='line_1_10' title="bbox 296 1295 1432 1384; baseline -0.004 -20"><span class='ocrx_word' id='word_1_60' title='bbox 296 1298 517 1384; x_wconf 88' lang='grc' dir='ltr'><strong><em>περισσότερον,</em></strong></span> <span class='ocrx_word' id='word_1_61' title='bbox 544 1303 652 1376; x_wconf 81' lang='grc' dir='ltr'><strong><em>ξεστῶν</em></strong></span> <span class='ocrx_word' id='word_1_62' title='bbox 672 1295 856 1381; x_wconf 83' lang='grc' dir='ltr'><strong><em>βαπτισμοδς</em></strong></span> <span class='ocrx_word' id='word_1_63' title='bbox 873 1295 1070 1378; x_wconf 89' lang='grc' dir='ltr'><strong><em>φυλάσσοντες</em></strong></span> <span class='ocrx_word' id='word_1_64' title='bbox 1083 1299 1136 1361; x_wconf 82' lang='grc' dir='ltr'><strong><em>καί</em></strong></span> <span class='ocrx_word' id='word_1_65' title='bbox 1155 1303 1303 1381; x_wconf 78' lang='grc' dir='ltr'><em>ποτηρίων</em></span> <span class='ocrx_word' id='word_1_66' title='bbox 1319 1300 1372 1362; x_wconf 84' lang='grc' dir='ltr'><strong><em>καί</em></strong></span> <span class='ocrx_word' id='word_1_67' title='bbox 1390 1323 1432 1360; x_wconf 92' lang='grc' dir='ltr'><strong><em>πι-</em></strong></span> 
     </span>
     <span class='ocr_line' id='line_1_11' title="bbox 296 1396 1432 1484; baseline -0.002 -18"><span class='ocrx_word' id='word_1_68' title='bbox 296 1399 396 1466; x_wconf 86' lang='grc' dir='ltr'><strong><em>νάκων</em></strong></span> <span class='ocrx_word' id='word_1_69' title='bbox 408 1402 458 1465; x_wconf 89' lang='grc' dir='ltr'><strong><em>καί</em></strong></span> <span class='ocrx_word' id='word_1_70' title='bbox 474 1407 533 1465; x_wconf 77' lang='grc' dir='ltr'><strong><em>τῶν</em></strong></span> <span class='ocrx_word' id='word_1_71' title='bbox 545 1397 637 1465; x_wconf 84' lang='grc' dir='ltr'><strong><em>ἀλλων</em></strong></span> <span class='ocrx_word' id='word_1_72' title='bbox 650 1405 762 1464; x_wconf 75' lang='grc' dir='ltr'><strong><em>στενόν</em></strong></span> <span class='ocrx_word' id='word_1_73' title='bbox 776 1406 828 1481; x_wconf 81' lang='grc' dir='ltr'><strong><em>τῆς</em></strong></span> <span class='ocrx_word' id='word_1_74' title='bbox 840 1396 1010 1484; x_wconf 70' lang='grc' dir='ltr'><strong><em>ὑπηρεσίας,</em></strong></span> <span class='ocrx_word' id='word_1_75' title='bbox 1032 1397 1074 1474; x_wconf 82' lang='grc' dir='ltr'><strong><em>άς</em></strong></span> <span class='ocrx_word' id='word_1_76' title='bbox 1087 1403 1181 1482; x_wconf 78' lang='grc' dir='ltr'><strong><em>δῆθεν</em></strong></span> <span class='ocrx_word' id='word_1_77' title='bbox 1197 1402 1245 1464; x_wconf 83' lang='grc' dir='ltr'><strong><em>ἐπί</em></strong></span> <span class='ocrx_word' id='word_1_78' title='bbox 1262 1397 1294 1466; x_wconf 86' lang='grc' dir='ltr'><strong><em>τό</em></strong></span> <span class='ocrx_word' id='word_1_79' title='bbox 1310 1396 1432 1483; x_wconf 89' lang='grc' dir='ltr'><strong><em>α’κραιφ·</em></strong></span> 
     </span>
     <span class='ocr_line' id='line_1_12' title="bbox 295 1499 1431 1590; baseline -0.003 -22"><span class='ocrx_word' id='word_1_80' title='bbox 295 1503 344 1579; x_wconf 79' lang='grc' dir='ltr'><strong><em>νές</em></strong></span> <span class='ocrx_word' id='word_1_81' title='bbox 365 1503 415 1568; x_wconf 81' lang='grc' dir='ltr'><strong><em>καί</em></strong></span> <span class='ocrx_word' id='word_1_82' title='bbox 432 1499 516 1567; x_wconf 82' lang='grc' dir='ltr'><strong><em>όσιον</em></strong></span> <span class='ocrx_word' id='word_1_83' title='bbox 533 1505 723 1584; x_wconf 88' lang='grc' dir='ltr'><strong><em>διακείμενοι,</em></strong></span> <span class='ocrx_word' id='word_1_84' title='bbox 745 1509 848 1590; x_wconf 80' lang='grc' dir='ltr'><strong><em>πυγμή</em></strong></span> <span class='ocrx_word' id='word_1_85' title='bbox 867 1501 919 1584; x_wconf 77' lang='grc' dir='ltr'><strong><em>μέν</em></strong></span> <span class='ocrx_word' id='word_1_86' title='bbox 939 1499 992 1576; x_wconf 88' lang='grc' dir='ltr'><strong><em>τάς</em></strong></span> <span class='ocrx_word' id='word_1_87' title='bbox 1009 1509 1106 1586; x_wconf 79' lang='grc' dir='ltr'><strong><em>χεῖρας</em></strong></span> <span class='ocrx_word' id='word_1_88' title='bbox 1128 1499 1309 1583; x_wconf 86' lang='grc' dir='ltr'><strong><em>νιπτόμενοι,</em></strong></span> <span class='ocrx_word' id='word_1_89' title='bbox 1331 1509 1431 1588; x_wconf 79' lang='grc' dir='ltr'><strong><em>πνγμή</em></strong></span> 
     </span>
     <span class='ocr_line' id='line_1_13' title="bbox 297 1598 1433 1688; baseline -0.004 -19"><span class='ocrx_word' id='word_1_90' title='bbox 297 1605 329 1669; x_wconf 88' lang='grc' dir='ltr'><strong><em>δέ</em></strong></span> <span class='ocrx_word' id='word_1_91' title='bbox 341 1605 392 1668; x_wconf 83' lang='grc' dir='ltr'><strong><em>καί</em></strong></span> <span class='ocrx_word' id='word_1_92' title='bbox 404 1602 610 1688; x_wconf 79' lang='grc' dir='ltr'><strong><em>καθαρισμοός</em></strong></span> <span class='ocrx_word' id='word_1_93' title='bbox 622 1630 702 1679; x_wconf 90' lang='grc' dir='ltr'><strong><em>τινας</em></strong></span> <span class='ocrx_word' id='word_1_94' title='bbox 714 1599 751 1666; x_wconf 88' lang='grc' dir='ltr'><strong><em>δι’</em></strong></span> <span class='ocrx_word' id='word_1_95' title='bbox 762 1600 880 1668; x_wconf 82' lang='grc' dir='ltr'><strong><em>άδάτων</em></strong></span> <span class='ocrx_word' id='word_1_96' title='bbox 892 1604 944 1668; x_wconf 86' lang='grc' dir='ltr'><strong><em>καλ</em></strong></span> <span class='ocrx_word' id='word_1_97' title='bbox 955 1609 1086 1687; x_wconf 77' lang='grc' dir='ltr'><em>λουτρῶν</em></span> <span class='ocrx_word' id='word_1_98' title='bbox 1099 1598 1342 1684; x_wconf 79' lang='grc' dir='ltr'><strong><em>ἀποσμηγόμενοι,</em></strong></span> <span class='ocrx_word' id='word_1_99' title='bbox 1360 1605 1433 1685; x_wconf 74' lang='grc' dir='ltr'><strong><em>έγον·</em></strong></span> 
     </span>
     <span class='ocr_line' id='line_1_14' title="bbox 298 1701 1435 1790; baseline -0.004 -20"><span class='ocrx_word' id='word_1_100' title='bbox 298 1729 345 1782; x_wconf 89' lang='grc' dir='ltr'><strong><em>τες</em></strong></span> <span class='ocrx_word' id='word_1_101' title='bbox 361 1706 394 1769; x_wconf 89' lang='grc' dir='ltr'><strong><em>δέ</em></strong></span> <span class='ocrx_word' id='word_1_102' title='bbox 414 1731 480 1770; x_wconf 91' lang='grc' dir='ltr'><strong><em>τινα</em></strong></span> <span class='ocrx_word' id='word_1_103' title='bbox 498 1704 649 1790; x_wconf 75' lang='grc' dir='ltr'><strong><em>κράσπεδα</em></strong></span> <span class='ocrx_word' id='word_1_104' title='bbox 671 1702 832 1787; x_wconf 80' lang='grc' dir='ltr'><strong><em>σημαντικά</em></strong></span> <span class='ocrx_word' id='word_1_105' title='bbox 853 1711 912 1769; x_wconf 78' lang='grc' dir='ltr'><strong><em>τῶν</em></strong></span> <span class='ocrx_word' id='word_1_106' title='bbox 933 1701 1032 1768; x_wconf 77' lang='grc' dir='ltr'><strong><em>αὐτῶν</em></strong></span> <span class='ocrx_word' id='word_1_107' title='bbox 1055 1708 1216 1781; x_wconf 91' lang='grc' dir='ltr'><strong><em>πολιτείας,</em></strong></span> <span class='ocrx_word' id='word_1_108' title='bbox 1239 1707 1280 1779; x_wconf 86' lang='grc' dir='ltr'><strong><em>είς</em></strong></span> <span class='ocrx_word' id='word_1_109' title='bbox 1301 1707 1435 1780; x_wconf 81' lang='grc' dir='ltr'><strong><em>ἐπίδειξιν</em></strong></span> 
     </span>
     <span class='ocr_line' id='line_1_15' title="bbox 298 1801 1435 1892; baseline -0.004 -20"><span class='ocrx_word' id='word_1_110' title='bbox 298 1805 418 1889; x_wconf 90' lang='grc' dir='ltr'><strong><em>κόμπου</em></strong></span> <span class='ocrx_word' id='word_1_111' title='bbox 433 1808 482 1871; x_wconf 82' lang='grc' dir='ltr'><strong><em>καί</em></strong></span> <span class='ocrx_word' id='word_1_112' title='bbox 498 1809 619 1871; x_wconf 86' lang='grc' dir='ltr'><strong><em>έπαινον</em></strong></span> <span class='ocrx_word' id='word_1_113' title='bbox 633 1813 693 1871; x_wconf 80' lang='grc' dir='ltr'><strong><em>τῶν</em></strong></span> <span class='ocrx_word' id='word_1_114' title='bbox 707 1807 874 1887; x_wconf 77' lang='grc' dir='ltr'><strong><em>θεωμένων.</em></strong></span> <span class='ocrx_word' id='word_1_115' title='bbox 899 1807 959 1869; x_wconf 79' lang='grc' dir='ltr'><strong><em>Καί</em></strong></span> <span class='ocrx_word' id='word_1_116' title='bbox 972 1803 1157 1888; x_wconf 87' lang='grc' dir='ltr'><strong><em>φυλακτήρια</em></strong></span> <span class='ocrx_word' id='word_1_117' title='bbox 1174 1801 1242 1892; x_wconf 83' lang='grc' dir='ltr'><strong><em>παρ’</em></strong></span> <span class='ocrx_word' id='word_1_118' title='bbox 1258 1807 1376 1880; x_wconf 84' lang='grc' dir='ltr'><strong><em>ἐαυτοῖς</em></strong></span> <span class='ocrx_word' id='word_1_119' title='bbox 1389 1806 1435 1870; x_wconf 86' lang='grc' dir='ltr'><strong><em>ἐκλ</em></strong></span> 
     </span>
     <span class='ocr_line' id='line_1_16' title="bbox 297 1903 1436 1992; baseline -0.004 -20"><span class='ocrx_word' id='word_1_120' title='bbox 297 1906 333 1974; x_wconf 85' lang='grc' dir='ltr'><strong><em>τά</em></strong></span> <span class='ocrx_word' id='word_1_121' title='bbox 350 1906 450 1990; x_wconf 79' lang='grc' dir='ltr'><strong><em>ἱμάτια</em></strong></span> <span class='ocrx_word' id='word_1_122' title='bbox 466 1911 630 1988; x_wconf 76' lang='grc' dir='ltr'><strong><em>ἐπετίθετο,</em></strong></span> <span class='ocrx_word' id='word_1_123' title='bbox 653 1909 781 1973; x_wconf 88' lang='grc' dir='ltr'><strong><em>τουτέστι</em></strong></span> <span class='ocrx_word' id='word_1_124' title='bbox 796 1909 905 1972; x_wconf 89' lang='grc' dir='ltr'><strong><em>πλατέα</em></strong></span> <span class='ocrx_word' id='word_1_125' title='bbox 920 1910 1036 1989; x_wconf 88' lang='grc' dir='ltr'><strong><em>σήματα</em></strong></span> <span class='ocrx_word' id='word_1_126' title='bbox 1049 1906 1213 1992; x_wconf 79' lang='grc' dir='ltr'><strong><em>πυρφόρος.</em></strong></span> <span class='ocrx_word' id='word_1_127' title='bbox 1259 1911 1399 1988; x_wconf 68' lang='grc' dir='ltr'><strong><em>Μιμίοειε</em></strong></span> <span class='ocrx_word' id='word_1_128' title='bbox 1413 1903 1436 1968; x_wconf 84' lang='grc' dir='ltr'><strong><em>δ’</em></strong></span> 
     </span>
     <span class='ocr_line' id='line_1_17' title="bbox 298 2005 1437 2097; baseline -0.004 -23"><span class='ocrx_word' id='word_1_129' title='bbox 298 2007 336 2074; x_wconf 82' lang='grc' dir='ltr'><strong><em>ἀν</em></strong></span> <span class='ocrx_word' id='word_1_130' title='bbox 353 2034 413 2088; x_wconf 91' lang='grc' dir='ltr'><strong><em>τις,</em></strong></span> <span class='ocrx_word' id='word_1_131' title='bbox 441 2008 596 2093; x_wconf 74' lang='grc' dir='ltr'><strong><em>ἐπειδήπερ</em></strong></span> <span class='ocrx_word' id='word_1_132' title='bbox 615 2011 667 2075; x_wconf 78' lang='grc' dir='ltr'><strong><em>καὶ</em></strong></span> <span class='ocrx_word' id='word_1_133' title='bbox 689 2011 721 2074; x_wconf 83' lang='grc' dir='ltr'><strong><em>ἐν</em></strong></span> <span class='ocrx_word' id='word_1_134' title='bbox 743 2016 783 2097; x_wconf 72' lang='grc' dir='ltr'><strong><em>τῷ</em></strong></span> <span class='ocrx_word' id='word_1_135' title='bbox 804 2007 957 2097; x_wconf 70' lang='grc' dir='ltr'><strong><em>εὐαγγελίῳ</em></strong></span> <span class='ocrx_word' id='word_1_136' title='bbox 990 2015 1098 2074; x_wconf 79' lang='grc' dir='ltr'><strong><em>ιτοῦτο</em></strong></span> <span class='ocrx_word' id='word_1_137' title='bbox 1121 2009 1290 2092; x_wconf 85' lang='grc' dir='ltr'><strong><em>ἐμφέρεται,</em></strong></span> <span class='ocrx_word' id='word_1_138' title='bbox 1317 2007 1361 2091; x_wconf 87' lang='grc' dir='ltr'><strong><em>μή</em></strong></span> <span class='ocrx_word' id='word_1_139' title='bbox 1383 2005 1437 2092; x_wconf 79' lang='grc' dir='ltr'><strong><em>ἀρα</em></strong></span> 
     </span>
     <span class='ocr_line' id='line_1_18' title="bbox 299 2107 1438 2197; baseline -0.004 -22"><span class='ocrx_word' id='word_1_140' title='bbox 299 2113 393 2196; x_wconf 66' lang='grc' dir='ltr'><strong><em>’περὶ</em></strong></span> <span class='ocrx_word' id='word_1_141' title='bbox 414 2109 581 2196; x_wconf 72' lang='grc' dir='ltr'><strong><em>περιόπτων</em></strong></span> <span class='ocrx_word' id='word_1_142' title='bbox 603 2113 690 2196; x_wconf 90' lang='grc' dir='ltr'><strong><em>λέγει,</em></strong></span> <span class='ocrx_word' id='word_1_143' title='bbox 718 2110 819 2194; x_wconf 87' lang='grc' dir='ltr'><strong><em>ἐπειδή</em></strong></span> <span class='ocrx_word' id='word_1_144' title='bbox 844 2109 900 2197; x_wconf 88' lang='grc' dir='ltr'><strong><em>γάρ</em></strong></span> <span class='ocrx_word' id='word_1_145' title='bbox 924 2112 974 2174; x_wconf 74' lang='grc' dir='ltr'><strong><em>καί</em></strong></span> <span class='ocrx_word' id='word_1_146' title='bbox 997 2112 1122 2175; x_wconf 78' lang='grc' dir='ltr'><strong><em>εέάθασί</em></strong></span> <span class='ocrx_word' id='word_1_147' title='bbox 1138 2135 1215 2186; x_wconf 89' lang='grc' dir='ltr'><strong><em>τινες</em></strong></span> <span class='ocrx_word' id='word_1_148' title='bbox 1236 2107 1273 2174; x_wconf 82' lang='grc' dir='ltr'><strong><em>τά</em></strong></span> <span class='ocrx_word' id='word_1_149' title='bbox 1292 2114 1438 2194; x_wconf 82' lang='grc' dir='ltr'><strong><em>περίαπτα</em></strong></span> 
     </span>
     <span class='ocr_line' id='line_1_19' title="bbox 300 2209 1438 2297; baseline -0.004 -21"><span class='ocrx_word' id='word_1_150' title='bbox 300 2211 485 2297; x_wconf 75' lang='grc' dir='ltr'><strong><em>φυλακτήρια</em></strong></span> <span class='ocrx_word' id='word_1_151' title='bbox 501 2211 659 2295; x_wconf 78' lang='grc' dir='ltr'><strong><em>α’νομάζειν.</em></strong></span> <span class='ocrx_word' id='word_1_152' title='bbox 699 2209 761 2277; x_wconf 83' lang='grc' dir='ltr'><strong><em>Οόιτ</em></strong></span> <span class='ocrx_word' id='word_1_153' title='bbox 775 2214 831 2295; x_wconf 82' lang='grc' dir='ltr'><strong><em>ἐχει</em></strong></span> <span class='ocrx_word' id='word_1_154' title='bbox 845 2213 877 2277; x_wconf 88' lang='grc' dir='ltr'><strong><em>δέ</em></strong></span> <span class='ocrx_word' id='word_1_155' title='bbox 894 2209 914 2277; x_wconf 87' lang='grc' dir='ltr'><strong><em>ό</em></strong></span> <span class='ocrx_word' id='word_1_156' title='bbox 929 2209 1015 2297; x_wconf 88' lang='grc' dir='ltr'><strong><em>λόγος</em></strong></span> <span class='ocrx_word' id='word_1_157' title='bbox 1030 2209 1064 2276; x_wconf 90' lang='grc' dir='ltr'><strong><em>τδ</em></strong></span> <span class='ocrx_word' id='word_1_158' title='bbox 1079 2211 1220 2296; x_wconf 82' lang='grc' dir='ltr'><strong><em>παράπαν</em></strong></span> <span class='ocrx_word' id='word_1_159' title='bbox 1237 2211 1305 2294; x_wconf 75' lang='grc' dir='ltr'><strong><em>περὶ</em></strong></span> <span class='ocrx_word' id='word_1_160' title='bbox 1321 2209 1438 2276; x_wconf 77' lang='grc' dir='ltr'><strong><em>τούτου.</em></strong></span> 
     </span>
    </p>

    <p class='ocr_par' dir='ltr' id='par_1_4' title="bbox 184 2307 1440 2502">
     <span class='ocr_line' id='line_1_20' title="bbox 184 2307 1439 2398; baseline -0.004 -19"><span class='ocrx_word' id='word_1_161' title='bbox 184 2339 191 2348; x_wconf 73' lang='lat'><strong><em>‘</em></strong></span> <span class='ocrx_word' id='word_1_162' title='bbox 299 2310 377 2378; x_wconf 83' lang='grc' dir='ltr'><strong><em>Ἀλλ’</em></strong></span> <span class='ocrx_word' id='word_1_163' title='bbox 395 2312 496 2398; x_wconf 86' lang='grc' dir='ltr'><strong><em>ἐπειδή</em></strong></span> <span class='ocrx_word' id='word_1_164' title='bbox 515 2311 632 2392; x_wconf 87' lang='grc' dir='ltr'><strong><em>στολάς,</em></strong></span> <span class='ocrx_word' id='word_1_165' title='bbox 654 2311 704 2379; x_wconf 79' lang='grc' dir='ltr'><strong><em>είά</em></strong></span> <span class='ocrx_word' id='word_1_166' title='bbox 722 2307 777 2380; x_wconf 80' lang='grc' dir='ltr'><strong><em>οὖν</em></strong></span> <span class='ocrx_word' id='word_1_167' title='bbox 798 2311 962 2398; x_wconf 79' lang='grc' dir='ltr'><strong><em>ἀμπεχόνας</em></strong></span> <span class='ocrx_word' id='word_1_168' title='bbox 980 2316 1012 2379; x_wconf 79' lang='lat' dir='ltr'><strong><em>ot</em></strong></span> <span class='ocrx_word' id='word_1_169' title='bbox 1029 2321 1158 2379; x_wconf 81' lang='grc' dir='ltr'><strong><em>τοιοῦτοι</em></strong></span> <span class='ocrx_word' id='word_1_170' title='bbox 1177 2311 1371 2396; x_wconf 71' lang='grc' dir='ltr'><strong><em>ἀνεβάλλοντο</em></strong></span> <span class='ocrx_word' id='word_1_171' title='bbox 1392 2314 1439 2376; x_wconf 83' lang='grc' dir='ltr'><strong><em>καί</em></strong></span> 
     </span>
     <span class='ocr_line' id='line_1_21' title="bbox 300 2409 1440 2502; baseline -0.001 -23"><span class='ocrx_word' id='word_1_172' title='bbox 300 2415 489 2497; x_wconf 85' lang='grc' dir='ltr'><strong><em>δαλματικάς,</em></strong></span> <span class='ocrx_word' id='word_1_173' title='bbox 511 2413 560 2480; x_wconf 76' lang='grc' dir='ltr'><strong><em>εἶτ’</em></strong></span> <span class='ocrx_word' id='word_1_174' title='bbox 578 2409 632 2482; x_wconf 77' lang='grc' dir='ltr'><strong><em>οὖν</em></strong></span> <span class='ocrx_word' id='word_1_175' title='bbox 647 2420 826 2502; x_wconf 83' lang='grc' dir='ltr'><strong><em>κολοβίωνας</em></strong></span> <span class='ocrx_word' id='word_1_176' title='bbox 842 2419 874 2481; x_wconf 79' lang='grc' dir='ltr'><strong><em>ἐκ</em></strong></span> <span class='ocrx_word' id='word_1_177' title='bbox 889 2412 1084 2497; x_wconf 86' lang='grc' dir='ltr'><strong><em>πλατυσήμων</em></strong></span> <span class='ocrx_word' id='word_1_178' title='bbox 1101 2413 1151 2479; x_wconf 84' lang='grc' dir='ltr'><strong><em>διά</em></strong></span> <span class='ocrx_word' id='word_1_179' title='bbox 1164 2412 1323 2500; x_wconf 74' lang='grc' dir='ltr'><strong><em>πορφύρας</em></strong></span> <span class='ocrx_word' id='word_1_180' title='bbox 1338 2412 1440 2497; x_wconf 85' lang='grc' dir='ltr'><strong><em>όλουρ-</em></strong></span> 
     </span>
    </p>

    <p class='ocr_par' dir='ltr' id='par_1_5' title="bbox 187 2513 1444 3716">
     <span class='ocr_line' id='line_1_22' title="bbox 187 2513 1440 2603; baseline -0.005 -19"><span class='ocrx_word' id='word_1_181' title='bbox 187 2539 238 2584; x_wconf 73' lang='lat' dir='ltr'><strong><em>m·</em></strong></span> <span class='ocrx_word' id='word_1_182' title='bbox 251 2529 283 2574; x_wconf 78' lang='lat'><strong><em>³³·</em></strong></span> <span class='ocrx_word' id='word_1_183' title='bbox 301 2525 424 2602; x_wconf 81' lang='grc' dir='ltr'><strong><em>γοϋφεῖς</em></strong></span> <span class='ocrx_word' id='word_1_184' title='bbox 446 2519 725 2599; x_wconf 78' lang='grc' dir='ltr'><strong><em>κατεσκευασμένας,</em></strong></span> <span class='ocrx_word' id='word_1_185' title='bbox 752 2515 788 2582; x_wconf 86' lang='grc' dir='ltr'><strong><em>τά</em></strong></span> <span class='ocrx_word' id='word_1_186' title='bbox 812 2516 844 2582; x_wconf 85' lang='grc' dir='ltr'><strong><em>δέ</em></strong></span> <span class='ocrx_word' id='word_1_187' title='bbox 868 2516 984 2600; x_wconf 86' lang='grc' dir='ltr'><strong><em>σήματα</em></strong></span> <span class='ocrx_word' id='word_1_188' title='bbox 1007 2523 1059 2598; x_wconf 83' lang='grc' dir='ltr'><strong><em>τῆς</em></strong></span> <span class='ocrx_word' id='word_1_189' title='bbox 1079 2514 1237 2603; x_wconf 85' lang='grc' dir='ltr'><strong><em>πορφόρας</em></strong></span> <span class='ocrx_word' id='word_1_190' title='bbox 1255 2513 1440 2598; x_wconf 81' lang='grc' dir='ltr'><strong><em>φυλακτήρια</em></strong></span> 
     </span>
     <span class='ocr_line' id='line_1_23' title="bbox 301 2613 1441 2702; baseline -0.003 -20"><span class='ocrx_word' id='word_1_191' title='bbox 301 2617 443 2684; x_wconf 80' lang='grc' dir='ltr'><strong><em>είοόθασιν</em></strong></span> <span class='ocrx_word' id='word_1_192' title='bbox 457 2622 489 2684; x_wconf 85' lang='grc' dir='ltr'><strong><em>οέ</em></strong></span> <span class='ocrx_word' id='word_1_193' title='bbox 497 2617 696 2701; x_wconf 83' lang='grc' dir='ltr'><strong><em>ήκριβωμίνοι</em></strong></span> <span class='ocrx_word' id='word_1_194' title='bbox 709 2617 921 2702; x_wconf 79' lang='grc' dir='ltr'><strong><em>μετονομάζειν,</em></strong></span> <span class='ocrx_word' id='word_1_195' title='bbox 937 2617 1043 2683; x_wconf 78' lang='grc' dir='ltr'><strong><em>τούτου</em></strong></span> <span class='ocrx_word' id='word_1_196' title='bbox 1058 2621 1154 2683; x_wconf 73' lang='grc' dir='ltr'><strong><em>ἕνεκεν</em></strong></span> <span class='ocrx_word' id='word_1_197' title='bbox 1166 2615 1353 2699; x_wconf 86' lang='grc' dir='ltr'><strong><em>φυλακτήρια</em></strong></span> <span class='ocrx_word' id='word_1_198' title='bbox 1367 2613 1441 2681; x_wconf 85' lang='grc' dir='ltr'><strong><em>αότά</em></strong></span> 
     </span>
     <span class='ocr_line' id='line_1_24' title="bbox 299 2716 1440 2806; baseline -0.004 -21"><span class='ocrx_word' id='word_1_199' title='bbox 299 2721 351 2785; x_wconf 81' lang='grc' dir='ltr'><strong><em>καί</em></strong></span> <span class='ocrx_word' id='word_1_200' title='bbox 370 2718 505 2804; x_wconf 86' lang='grc' dir='ltr'><strong><em>όκάριος</em></strong></span> <span class='ocrx_word' id='word_1_201' title='bbox 521 2717 582 2784; x_wconf 88' lang='grc' dir='ltr'><strong><em>κατ’</em></strong></span> <span class='ocrx_word' id='word_1_202' title='bbox 600 2723 729 2795; x_wconf 83' lang='grc' dir='ltr'><strong><em>ἐκείνους</em></strong></span> <span class='ocrx_word' id='word_1_203' title='bbox 743 2723 848 2806; x_wconf 74' lang='grc' dir='ltr'><strong><em>εἴρηκε.</em></strong></span> <span class='ocrx_word' id='word_1_204' title='bbox 891 2727 987 2801; x_wconf 79' lang='grc' dir='ltr'><strong><em>Δηλοῖ</em></strong></span> <span class='ocrx_word' id='word_1_205' title='bbox 1001 2719 1033 2784; x_wconf 83' lang='grc' dir='ltr'><strong><em>δέ</em></strong></span> <span class='ocrx_word' id='word_1_206' title='bbox 1047 2716 1068 2803; x_wconf 87' lang='grc' dir='ltr'><strong><em>ή</em></strong></span> <span class='ocrx_word' id='word_1_207' title='bbox 1083 2717 1248 2785; x_wconf 79' lang='grc' dir='ltr'><strong><em>ἀκολουθία</em></strong></span> <span class='ocrx_word' id='word_1_208' title='bbox 1260 2716 1313 2800; x_wconf 86' lang='grc' dir='ltr'><strong><em>τήν</em></strong></span> <span class='ocrx_word' id='word_1_209' title='bbox 1330 2717 1440 2804; x_wconf 84' lang='grc' dir='ltr'><strong><em>φράσιν</em></strong></span> 
     </span>
     <span class='ocr_line' id='line_1_25' title="bbox 300 2818 1440 2907; baseline -0.004 -21"><span class='ocrx_word' id='word_1_210' title='bbox 300 2829 353 2904; x_wconf 79' lang='grc' dir='ltr'><strong><em>τῆς</em></strong></span> <span class='ocrx_word' id='word_1_211' title='bbox 365 2819 534 2904; x_wconf 87' lang='grc' dir='ltr'><strong><em>ἀνομασίας,</em></strong></span> <span class='ocrx_word' id='word_1_212' title='bbox 554 2824 605 2886; x_wconf 81' lang='grc' dir='ltr'><strong><em>καί</em></strong></span> <span class='ocrx_word' id='word_1_213' title='bbox 619 2821 654 2886; x_wconf 84' lang='grc' dir='ltr'><strong><em>τά</em></strong></span> <span class='ocrx_word' id='word_1_214' title='bbox 671 2819 822 2906; x_wconf 76' lang='grc' dir='ltr'><strong><em>κράσπεδα</em></strong></span> <span class='ocrx_word' id='word_1_215' title='bbox 835 2829 895 2887; x_wconf 78' lang='grc' dir='ltr'><strong><em>τάν</em></strong></span> <span class='ocrx_word' id='word_1_216' title='bbox 909 2824 1038 2903; x_wconf 81' lang='grc' dir='ltr'><strong><em>ίματίυν.</em></strong></span> <span class='ocrx_word' id='word_1_217' title='bbox 1072 2818 1115 2884; x_wconf 79' lang='grc' dir='ltr'><strong><em>Τά</em></strong></span> <span class='ocrx_word' id='word_1_218' title='bbox 1127 2819 1287 2904; x_wconf 84' lang='grc' dir='ltr'><strong><em>κράσπεδα,</em></strong></span> <span class='ocrx_word' id='word_1_219' title='bbox 1305 2822 1359 2883; x_wconf 75' lang='grc' dir='ltr'><strong><em>ἵνα</em></strong></span> <span class='ocrx_word' id='word_1_220' title='bbox 1372 2823 1440 2907; x_wconf 75' lang='grc' dir='ltr'><strong><em>είπγγ</em></strong></span> 
     </span>
     <span class='ocr_line' id='line_1_26' title="bbox 300 2918 1440 3010; baseline -0.004 -23"><span class='ocrx_word' id='word_1_221' title='bbox 300 2925 460 3006; x_wconf 85' lang='grc' dir='ltr'><strong><em>κροσσοός,</em></strong></span> <span class='ocrx_word' id='word_1_222' title='bbox 481 2925 532 2988; x_wconf 86' lang='grc' dir='ltr'><strong><em>καλ</em></strong></span> <span class='ocrx_word' id='word_1_223' title='bbox 553 2919 589 2987; x_wconf 88' lang='grc' dir='ltr'><strong><em>τά</em></strong></span> <span class='ocrx_word' id='word_1_224' title='bbox 610 2920 810 3006; x_wconf 88' lang='grc' dir='ltr'><strong><em>φυλακτήρια,</em></strong></span> <span class='ocrx_word' id='word_1_225' title='bbox 842 2925 892 2987; x_wconf 76' lang='grc' dir='ltr'><strong><em>ἵνα</em></strong></span> <span class='ocrx_word' id='word_1_226' title='bbox 917 2926 985 3010; x_wconf 78' lang='grc' dir='ltr'><strong><em>εδπγγ</em></strong></span> <span class='ocrx_word' id='word_1_227' title='bbox 1007 2927 1059 3003; x_wconf 80' lang='grc' dir='ltr'><strong><em>τῆς</em></strong></span> <span class='ocrx_word' id='word_1_228' title='bbox 1080 2921 1239 3007; x_wconf 77' lang='grc' dir='ltr'><strong><em>πορφύρας</em></strong></span> <span class='ocrx_word' id='word_1_229' title='bbox 1257 2918 1294 2985; x_wconf 86' lang='grc' dir='ltr'><strong><em>τά</em></strong></span> <span class='ocrx_word' id='word_1_230' title='bbox 1315 2923 1440 3004; x_wconf 78' lang='grc' dir='ltr'><strong><em>σήματα</em></strong></span> 
     </span>
     <span class='ocr_line' id='line_1_27' title="bbox 304 3021 1442 3110; baseline -0.002 -22"><span class='ocrx_word' id='word_1_231' title='bbox 304 3026 384 3106; x_wconf 74' lang='grc' dir='ltr'><strong><em>Φησὶ</em></strong></span> <span class='ocrx_word' id='word_1_232' title='bbox 397 3024 469 3110; x_wconf 86' lang='grc' dir='ltr'><strong><em>γάρ,</em></strong></span> <span class='ocrx_word' id='word_1_233' title='bbox 483 3024 551 3090; x_wconf 80' lang='grc' dir='ltr'><strong><em>’Ὅτι</em></strong></span> <span class='ocrx_word' id='word_1_234' title='bbox 569 3023 725 3090; x_wconf 87' lang='grc' dir='ltr'><strong><em>πλατόνετε</em></strong></span> <span class='ocrx_word' id='word_1_235' title='bbox 744 3023 780 3088; x_wconf 86' lang='grc' dir='ltr'><strong><em>τά</em></strong></span> <span class='ocrx_word' id='word_1_236' title='bbox 794 3021 993 3108; x_wconf 88' lang='grc' dir='ltr'><strong><em>φυλακτήρια,</em></strong></span> <span class='ocrx_word' id='word_1_237' title='bbox 1015 3025 1064 3088; x_wconf 81' lang='grc' dir='ltr'><strong><em>καί</em></strong></span> <span class='ocrx_word' id='word_1_238' title='bbox 1080 3021 1116 3088; x_wconf 88' lang='grc' dir='ltr'><strong><em>τά</em></strong></span> <span class='ocrx_word' id='word_1_239' title='bbox 1132 3021 1284 3109; x_wconf 87' lang='grc' dir='ltr'><strong><em>κράσπεδα</em></strong></span> <span class='ocrx_word' id='word_1_240' title='bbox 1299 3029 1361 3088; x_wconf 80' lang='grc' dir='ltr'><strong><em>τοδν</em></strong></span> <span class='ocrx_word' id='word_1_241' title='bbox 1378 3026 1442 3104; x_wconf 88' lang='grc' dir='ltr'><strong><em>ίμα-</em></strong></span> 
     </span>
     <span class='ocr_line' id='line_1_28' title="bbox 300 3122 1442 3210; baseline -0.001 -21"><span class='ocrx_word' id='word_1_242' title='bbox 300 3129 370 3190; x_wconf 89' lang='grc' dir='ltr'><strong><em>τίων</em></strong></span> <span class='ocrx_word' id='word_1_243' title='bbox 383 3123 468 3207; x_wconf 73' lang='grc' dir='ltr'><strong><em>ἀμόν</em></strong></span> <span class='ocrx_word' id='word_1_244' title='bbox 483 3123 658 3210; x_wconf 83' lang='grc' dir='ltr'><strong><em>μεγαλόνετε.</em></strong></span> <span class='ocrx_word' id='word_1_245' title='bbox 690 3122 837 3201; x_wconf 77' lang='grc' dir='ltr'><strong><em>Ῥοΐσκους</em></strong></span> <span class='ocrx_word' id='word_1_246' title='bbox 851 3125 906 3210; x_wconf 89' lang='grc' dir='ltr'><strong><em>γάρ</em></strong></span> <span class='ocrx_word' id='word_1_247' title='bbox 920 3151 1001 3201; x_wconf 90' lang='grc' dir='ltr'><strong><em>τινας</em></strong></span> <span class='ocrx_word' id='word_1_248' title='bbox 1014 3126 1063 3191; x_wconf 80' lang='grc' dir='ltr'><strong><em>ἐπὶ</em></strong></span> <span class='ocrx_word' id='word_1_249' title='bbox 1076 3123 1112 3189; x_wconf 85' lang='grc' dir='ltr'><strong><em>τά</em></strong></span> <span class='ocrx_word' id='word_1_250' title='bbox 1128 3127 1253 3208; x_wconf 92' lang='grc' dir='ltr'><strong><em>τέσσαρα</em></strong></span> <span class='ocrx_word' id='word_1_251' title='bbox 1276 3123 1442 3209; x_wconf 70' lang='grc' dir='ltr'><strong><em>ιπτερύγια</em></strong></span> 
     </span>
     <span class='ocr_line' id='line_1_29' title="bbox 299 3217 1442 3311; baseline 0 -21"><span class='ocrx_word' id='word_1_252' title='bbox 299 3232 354 3292; x_wconf 84' lang='grc' dir='ltr'><strong><em>τοῦ</em></strong></span> <span class='ocrx_word' id='word_1_253' title='bbox 365 3230 509 3311; x_wconf 79' lang='grc' dir='ltr'><strong><em>τρίβωνος</em></strong></span> <span class='ocrx_word' id='word_1_254' title='bbox 520 3229 642 3302; x_wconf 70' lang='grc' dir='ltr'><strong><em>ἕκαστος</em></strong></span> <span class='ocrx_word' id='word_1_255' title='bbox 655 3221 727 3310; x_wconf 81' lang='grc' dir='ltr'><strong><em>εέγεν</em></strong></span> <span class='ocrx_word' id='word_1_256' title='bbox 740 3227 769 3304; x_wconf 83' lang='grc' dir='ltr'><strong><em>ἐξ</em></strong></span> <span class='ocrx_word' id='word_1_257' title='bbox 782 3223 873 3292; x_wconf 82' lang='grc' dir='ltr'><strong><em>αήτοῦ</em></strong></span> <span class='ocrx_word' id='word_1_258' title='bbox 887 3234 940 3292; x_wconf 85' lang='grc' dir='ltr'><strong><em>τοῦ</em></strong></span> <span class='ocrx_word' id='word_1_259' title='bbox 954 3225 1097 3310; x_wconf 83' lang='grc' dir='ltr'><strong><em>στήμονος</em></strong></span> <span class='ocrx_word' id='word_1_260' title='bbox 1109 3226 1360 3307; x_wconf 83' lang='grc' dir='ltr'><strong><em>καταδεδεμένους</em></strong></span> <span class='ocrx_word' id='word_1_261' title='bbox 1373 3227 1405 3290; x_wconf 87' lang='grc' dir='ltr'><strong><em>ἐν</em></strong></span> <span class='ocrx_word' id='word_1_262' title='bbox 1418 3217 1442 3311; x_wconf 76' lang='grc' dir='ltr'><em>ᾇ</em></span> 
     </span>
     <span class='ocr_line' id='line_1_30' title="bbox 299 3323 1443 3413; baseline -0.002 -21"><span class='ocrx_word' id='word_1_263' title='bbox 299 3323 394 3413; x_wconf 74' lang='grc' dir='ltr'><strong><em>χρόνῳ</em></strong></span> <span class='ocrx_word' id='word_1_264' title='bbox 414 3327 611 3412; x_wconf 86' lang='grc' dir='ltr'><strong><em>ἐνεκρατεόετο</em></strong></span> <span class='ocrx_word' id='word_1_265' title='bbox 629 3326 650 3410; x_wconf 87' lang='grc' dir='ltr'><strong><em>ή</em></strong></span> <span class='ocrx_word' id='word_1_266' title='bbox 668 3332 833 3413; x_wconf 79' lang='grc' dir='ltr'><strong><em>παρθενίαν</em></strong></span> <span class='ocrx_word' id='word_1_267' title='bbox 849 3326 966 3410; x_wconf 87' lang='grc' dir='ltr'><strong><em>ήσκετν,</em></strong></span> <span class='ocrx_word' id='word_1_268' title='bbox 988 3325 1091 3410; x_wconf 78' lang='grc' dir='ltr'><strong><em>ἐπειδή</em></strong></span> <span class='ocrx_word' id='word_1_269' title='bbox 1107 3324 1161 3412; x_wconf 87' lang='grc' dir='ltr'><strong><em>γάρ</em></strong></span> <span class='ocrx_word' id='word_1_270' title='bbox 1179 3329 1299 3401; x_wconf 66' lang='grc' dir='ltr'><strong><em>ἕκαστος</em></strong></span> <span class='ocrx_word' id='word_1_271' title='bbox 1317 3325 1443 3409; x_wconf 84' lang='grc' dir='ltr'><strong><em>ταξάμε-</em></strong></span> 
     </span>
     <span class='ocr_line' id='line_1_31' title="bbox 301 3426 1444 3514; baseline 0 -22"><span class='ocrx_word' id='word_1_272' title='bbox 301 3451 352 3504; x_wconf 91' lang='grc' dir='ltr'><strong><em>νος</em></strong></span> <span class='ocrx_word' id='word_1_273' title='bbox 366 3427 449 3512; x_wconf 81' lang='grc' dir='ltr'><strong><em>δίριζε</em></strong></span> <span class='ocrx_word' id='word_1_274' title='bbox 461 3428 567 3514; x_wconf 88' lang='grc' dir='ltr'><strong><em>καιρόν</em></strong></span> <span class='ocrx_word' id='word_1_275' title='bbox 578 3427 726 3514; x_wconf 84' lang='grc' dir='ltr'><strong><em>άγνείαςή</em></strong></span> <span class='ocrx_word' id='word_1_276' title='bbox 741 3432 915 3514; x_wconf 86' lang='grc' dir='ltr'><strong><em>ἐγκρατείας,</em></strong></span> <span class='ocrx_word' id='word_1_277' title='bbox 929 3432 1082 3494; x_wconf 72' lang='grc' dir='ltr'><strong><em>καὶταῦτα</em></strong></span> <span class='ocrx_word' id='word_1_278' title='bbox 1098 3426 1198 3493; x_wconf 74' lang='grc' dir='ltr'><strong><em>αότοδν</em></strong></span> <span class='ocrx_word' id='word_1_279' title='bbox 1211 3426 1247 3492; x_wconf 81' lang='grc' dir='ltr'><strong><em>τά</em></strong></span> <span class='ocrx_word' id='word_1_280' title='bbox 1260 3426 1444 3513; x_wconf 82' lang='grc' dir='ltr'><strong><em>πρωτότοκα</em></strong></span> 
     </span>
     <span class='ocr_line' id='line_1_32' title="bbox 300 3523 1443 3616; baseline -0.001 -22"><span class='ocrx_word' id='word_1_281' title='bbox 300 3523 353 3611; x_wconf 85' lang='grc' dir='ltr'><strong><em>ήν,</em></strong></span> <span class='ocrx_word' id='word_1_282' title='bbox 376 3533 417 3606; x_wconf 82' lang='grc' dir='ltr'><strong><em>είς</em></strong></span> <span class='ocrx_word' id='word_1_283' title='bbox 436 3528 469 3596; x_wconf 87' lang='grc' dir='ltr'><strong><em>τό</em></strong></span> <span class='ocrx_word' id='word_1_284' title='bbox 487 3534 641 3614; x_wconf 87' lang='grc' dir='ltr'><strong><em>ἐμφαίνειν</em></strong></span> <span class='ocrx_word' id='word_1_285' title='bbox 662 3539 724 3607; x_wconf 85' lang='grc' dir='ltr'><strong><em>τοῖς</em></strong></span> <span class='ocrx_word' id='word_1_286' title='bbox 744 3529 915 3616; x_wconf 79' lang='grc' dir='ltr'><strong><em>ἀνδράποις</em></strong></span> <span class='ocrx_word' id='word_1_287' title='bbox 932 3529 969 3595; x_wconf 85' lang='grc' dir='ltr'><strong><em>τά</em></strong></span> <span class='ocrx_word' id='word_1_288' title='bbox 988 3526 1055 3616; x_wconf 82' lang='grc' dir='ltr'><strong><em>παρ’</em></strong></span> <span class='ocrx_word' id='word_1_289' title='bbox 1074 3527 1176 3606; x_wconf 85' lang='grc' dir='ltr'><strong><em>αάτοῖς</em></strong></span> <span class='ocrx_word' id='word_1_290' title='bbox 1198 3527 1443 3615; x_wconf 86' lang='grc' dir='ltr'><strong><em>ἐπαγγελλόμενα,</em></strong></span> 
     </span>
     <span class='ocr_line' id='line_1_33' title="bbox 300 3629 1011 3716; baseline 0 -21"><span class='ocrx_word' id='word_1_291' title='bbox 300 3633 351 3696; x_wconf 67' lang='grc' dir='ltr'><strong><em>ἵνα</em></strong></span> <span class='ocrx_word' id='word_1_292' title='bbox 372 3633 475 3714; x_wconf 81' lang='grc' dir='ltr'><strong><em>μηδείς</em></strong></span> <span class='ocrx_word' id='word_1_293' title='bbox 494 3630 607 3714; x_wconf 78' lang='grc' dir='ltr'><strong><em>όψήται</em></strong></span> <span class='ocrx_word' id='word_1_294' title='bbox 629 3635 722 3715; x_wconf 79' lang='grc' dir='ltr'><strong><em>δῆθεν</em></strong></span> <span class='ocrx_word' id='word_1_295' title='bbox 742 3639 802 3698; x_wconf 80' lang='grc' dir='ltr'><strong><em>τῶν</em></strong></span> <span class='ocrx_word' id='word_1_296' title='bbox 821 3629 1011 3716; x_wconf 84' lang='grc' dir='ltr'><strong><em>ήγιασμένων.</em></strong></span> 
     </span>
    </p>

    <p class='ocr_par' dir='ltr' id='par_1_6' title="bbox 300 3725 1448 4227">
     <span class='ocr_line' id='line_1_34' title="bbox 385 3725 1444 3820; baseline -0.002 -22"><span class='ocrx_word' id='word_1_297' title='bbox 385 3731 579 3818; x_wconf 83' lang='grc' dir='ltr'><strong><em>Δευττρόσεις</em></strong></span> <span class='ocrx_word' id='word_1_298' title='bbox 597 3734 629 3800; x_wconf 83' lang='grc' dir='ltr'><strong><em>δέ</em></strong></span> <span class='ocrx_word' id='word_1_299' title='bbox 644 3731 713 3820; x_wconf 88' lang='grc' dir='ltr'><strong><em>παρ’</em></strong></span> <span class='ocrx_word' id='word_1_300' title='bbox 729 3731 829 3810; x_wconf 85' lang='grc' dir='ltr'><strong><em>αάτοῖς</em></strong></span> <span class='ocrx_word' id='word_1_301' title='bbox 849 3735 983 3819; x_wconf 87' lang='grc' dir='ltr'><strong><em>τέσσαρες</em></strong></span> <span class='ocrx_word' id='word_1_302' title='bbox 1002 3725 1085 3816; x_wconf 88' lang='grc' dir='ltr'><strong><em>ήσαν.</em></strong></span> <span class='ocrx_word' id='word_1_303' title='bbox 1130 3737 1199 3797; x_wconf 84' lang='grc' dir='ltr'><strong><em>Μία</em></strong></span> <span class='ocrx_word' id='word_1_304' title='bbox 1217 3731 1269 3813; x_wconf 79' lang='grc' dir='ltr'><strong><em>μέν</em></strong></span> <span class='ocrx_word' id='word_1_305' title='bbox 1284 3733 1327 3806; x_wconf 87' lang='grc' dir='ltr'><strong><em>είς</em></strong></span> <span class='ocrx_word' id='word_1_306' title='bbox 1345 3728 1444 3813; x_wconf 75' lang='grc' dir='ltr'><strong><em>ὄνομα</em></strong></span> 
     </span>
     <span class='ocr_line' id='line_1_35' title="bbox 301 3828 1446 3921; baseline -0.002 -22"><span class='ocrx_word' id='word_1_307' title='bbox 301 3835 457 3909; x_wconf 83' lang='grc' dir='ltr'><strong><em>Μωῦσέως</em></strong></span> <span class='ocrx_word' id='word_1_308' title='bbox 476 3841 529 3899; x_wconf 81' lang='grc' dir='ltr'><strong><em>τοῦ</em></strong></span> <span class='ocrx_word' id='word_1_309' title='bbox 550 3833 722 3921; x_wconf 87' lang='grc' dir='ltr'><strong><em>προφήτου,</em></strong></span> <span class='ocrx_word' id='word_1_310' title='bbox 745 3837 864 3920; x_wconf 87' lang='grc' dir='ltr'><strong><em>δευτέρα</em></strong></span> <span class='ocrx_word' id='word_1_311' title='bbox 881 3835 913 3900; x_wconf 77' lang='grc' dir='ltr'><strong><em>δέ</em></strong></span> <span class='ocrx_word' id='word_1_312' title='bbox 929 3838 970 3910; x_wconf 89' lang='grc' dir='ltr'><strong><em>είς</em></strong></span> <span class='ocrx_word' id='word_1_313' title='bbox 988 3833 1039 3900; x_wconf 86' lang='grc' dir='ltr'><strong><em>τόν</em></strong></span> <span class='ocrx_word' id='word_1_314' title='bbox 1057 3831 1230 3899; x_wconf 84' lang='grc' dir='ltr'><strong><em>διδάσκαλον</em></strong></span> <span class='ocrx_word' id='word_1_315' title='bbox 1249 3828 1349 3897; x_wconf 72' lang='grc' dir='ltr'><strong><em>αότοῖν</em></strong></span> <span class='ocrx_word' id='word_1_316' title='bbox 1366 3831 1446 3897; x_wconf 78' lang='grc' dir='ltr'><strong><em>Ἀντι-</em></strong></span> 
     </span>
     <span class='ocr_line' id='line_1_36' title="bbox 301 3931 1447 4021; baseline -0.002 -21"><span class='ocrx_word' id='word_1_317' title='bbox 301 3939 357 4017; x_wconf 76' lang='grc' dir='ltr'><strong><em>δᾶν</em></strong></span> <span class='ocrx_word' id='word_1_318' title='bbox 378 3934 457 4002; x_wconf 69' lang='grc' dir='ltr'><strong><em>οὕτω</em></strong></span> <span class='ocrx_word' id='word_1_319' title='bbox 476 3933 674 4018; x_wconf 75' lang='grc' dir='ltr'><strong><em>κωλυόμενον,</em></strong></span> <span class='ocrx_word' id='word_1_320' title='bbox 695 3933 918 4021; x_wconf 80' lang='grc' dir='ltr'><strong><em>ήΒαρακιβάν,</em></strong></span> <span class='ocrx_word' id='word_1_321' title='bbox 940 3933 1009 4017; x_wconf 82' lang='grc' dir='ltr'><strong><em>άλλη</em></strong></span> <span class='ocrx_word' id='word_1_322' title='bbox 1026 3935 1058 4000; x_wconf 78' lang='grc' dir='ltr'><strong><em>δέ</em></strong></span> <span class='ocrx_word' id='word_1_323' title='bbox 1075 3938 1116 4010; x_wconf 84' lang='grc' dir='ltr'><strong><em>είς</em></strong></span> <span class='ocrx_word' id='word_1_324' title='bbox 1133 3931 1187 3999; x_wconf 81' lang='grc' dir='ltr'><strong><em>τόν</em></strong></span> <span class='ocrx_word' id='word_1_325' title='bbox 1199 3931 1321 4012; x_wconf 78' lang='grc' dir='ltr'><strong><em>Ἀνδᾶν,</em></strong></span> <span class='ocrx_word' id='word_1_326' title='bbox 1342 3931 1447 4016; x_wconf 75' lang='grc' dir='ltr'><strong><em>ήἊν·</em></strong></span> 
     </span>
     <span class='ocr_line' id='line_1_37' title="bbox 300 4033 1447 4120; baseline -0.003 -18"><span class='ocrx_word' id='word_1_327' title='bbox 300 4042 371 4116; x_wconf 79' lang='grc' dir='ltr'><strong><em>νᾶν,</em></strong></span> <span class='ocrx_word' id='word_1_328' title='bbox 392 4035 446 4102; x_wconf 87' lang='grc' dir='ltr'><strong><em>τόν</em></strong></span> <span class='ocrx_word' id='word_1_329' title='bbox 463 4038 514 4101; x_wconf 81' lang='grc' dir='ltr'><strong><em>καί</em></strong></span> <span class='ocrx_word' id='word_1_330' title='bbox 529 4033 664 4115; x_wconf 82' lang='grc' dir='ltr'><strong><em>Ἰοάδαν,</em></strong></span> <span class='ocrx_word' id='word_1_331' title='bbox 686 4039 768 4120; x_wconf 79' lang='grc' dir='ltr'><strong><em>ἑτέρα</em></strong></span> <span class='ocrx_word' id='word_1_332' title='bbox 784 4037 817 4102; x_wconf 78' lang='grc' dir='ltr'><strong><em>δέ</em></strong></span> <span class='ocrx_word' id='word_1_333' title='bbox 835 4041 875 4112; x_wconf 88' lang='grc' dir='ltr'><strong><em>είς</em></strong></span> <span class='ocrx_word' id='word_1_334' title='bbox 894 4036 964 4114; x_wconf 83' lang='grc' dir='ltr'><strong><em>τοός</em></strong></span> <span class='ocrx_word' id='word_1_335' title='bbox 984 4035 1069 4113; x_wconf 84' lang='grc' dir='ltr'><strong><em>υίοός</em></strong></span> <span class='ocrx_word' id='word_1_336' title='bbox 1087 4034 1338 4118; x_wconf 64' lang='grc' dir='ltr'><strong><em>*Ἀσσαμωναίου</em></strong></span> <span class='ocrx_word' id='word_1_337' title='bbox 1386 4033 1447 4098; x_wconf 85' lang='grc' dir='ltr'><strong><em>Ἐκ</em></strong></span> 
     </span>
     <span class='ocr_line' id='line_1_38' title="bbox 300 4134 1448 4227; baseline -0.003 -25"><span class='ocrx_word' id='word_1_338' title='bbox 300 4135 412 4204; x_wconf 74' lang='grc' dir='ltr'><strong><em>τούτων</em></strong></span> <span class='ocrx_word' id='word_1_339' title='bbox 424 4146 483 4204; x_wconf 74' lang='grc' dir='ltr'><strong><em>τοῖν</em></strong></span> <span class='ocrx_word' id='word_1_340' title='bbox 502 4137 651 4223; x_wconf 88' lang='grc' dir='ltr'><strong><em>τεσσάρων</em></strong></span> <span class='ocrx_word' id='word_1_341' title='bbox 665 4137 865 4227; x_wconf 84' lang='grc' dir='ltr'><strong><em>δευτεράσεων</em></strong></span> <span class='ocrx_word' id='word_1_342' title='bbox 880 4137 960 4205; x_wconf 67' lang='grc' dir='ltr'><strong><em>ῡδσα</em></strong></span> <span class='ocrx_word' id='word_1_343' title='bbox 979 4136 1047 4223; x_wconf 90' lang='grc' dir='ltr'><strong><em>παρ’</em></strong></span> <span class='ocrx_word' id='word_1_344' title='bbox 1062 4135 1163 4212; x_wconf 76' lang='grc' dir='ltr'><strong><em>αὐτοῖς</em></strong></span> <span class='ocrx_word' id='word_1_345' title='bbox 1178 4134 1354 4219; x_wconf 86' lang='grc' dir='ltr'><strong><em>νενόμισται,</em></strong></span> <span class='ocrx_word' id='word_1_346' title='bbox 1381 4135 1448 4220; x_wconf 85' lang='grc' dir='ltr'><strong><em>οέή-</em></strong></span> 
     </span>
    </p>

    <p class='ocr_par' dir='ltr' id='par_1_7' title="bbox 298 4273 1449 4410">
     <span class='ocr_line' id='line_1_39' title="bbox 333 4273 1446 4342; baseline -0.001 -18"><span class='ocrx_word' id='word_1_347' title='bbox 333 4274 391 4327; x_wconf 74' lang='grc' dir='ltr'><strong><em>οου.</em></strong></span> <span class='ocrx_word' id='word_1_348' title='bbox 413 4279 431 4328; x_wconf 84' lang='grc' dir='ltr'><strong><em>ῐ.</em></strong></span> <span class='ocrx_word' id='word_1_349' title='bbox 455 4305 488 4315; x_wconf 94' lang='grc'>-</span> <span class='ocrx_word' id='word_1_350' title='bbox 532 4277 555 4327; x_wconf 86' lang='lat'><strong><em>1.</em></strong></span> <span class='ocrx_word' id='word_1_351' title='bbox 579 4276 652 4329; x_wconf 80' lang='grc' dir='ltr'><strong><em>τοῦτο</em></strong></span> <span class='ocrx_word' id='word_1_352' title='bbox 678 4277 729 4327; x_wconf 76' lang='lat' dir='ltr'>cod.</span> <span class='ocrx_word' id='word_1_353' title='bbox 754 4279 851 4340; x_wconf 76' lang='grc' dir='ltr'><strong><em>ἐίίιεδίρ.</em></strong></span> <span class='ocrx_word' id='word_1_354' title='bbox 917 4273 943 4327; x_wconf 89' lang='grc'><strong><em>3.</em></strong></span> <span class='ocrx_word' id='word_1_355' title='bbox 963 4280 998 4339; x_wconf 75' lang='grc' dir='ltr'><strong><em>σί,</em></strong></span> <span class='ocrx_word' id='word_1_356' title='bbox 1023 4279 1107 4326; x_wconf 63' lang='lat' dir='ltr'><em>Frena.</em></span> <span class='ocrx_word' id='word_1_357' title='bbox 1122 4277 1209 4326; x_wconf 74' lang='lat' dir='ltr'><strong><em>Franci</em></strong></span> <span class='ocrx_word' id='word_1_358' title='bbox 1232 4275 1288 4342; x_wconf 78' lang='lat' dir='ltr'>(cl.</span> <span class='ocrx_word' id='word_1_359' title='bbox 1306 4275 1446 4340; x_wconf 70' lang='lat' dir='ltr'><strong><em>salmasii)</em></strong></span> 
     </span>
     <span class='ocr_line' id='line_1_40' title="bbox 298 4342 1449 4410; baseline 0.001 -18"><span class='ocrx_word' id='word_1_360' title='bbox 298 4343 372 4406; x_wconf 69' lang='grc' dir='ltr'><strong><em>δυίρο</em></strong></span> <span class='ocrx_word' id='word_1_361' title='bbox 388 4342 477 4410; x_wconf 67' lang='grc' dir='ltr'><strong><em>τούτου</em></strong></span> <span class='ocrx_word' id='word_1_362' title='bbox 885 4345 1000 4406; x_wconf 71' lang='lat' dir='ltr'><strong><em>consulat.</em></strong></span> <span class='ocrx_word' id='word_1_363' title='bbox 1023 4345 1255 4395; x_wconf 79' lang='grc' dir='ltr'><strong><em>Απίοεσδοατείοκυκο</em></strong></span> <span class='ocrx_word' id='word_1_364' title='bbox 1274 4347 1359 4393; x_wconf 68' lang='lat' dir='ltr'><strong><em>Am</em></strong></span> <span class='ocrx_word' id='word_1_365' title='bbox 1391 4345 1449 4394; x_wconf 60' lang='lat' dir='ltr'><strong><em>Gn·</em></strong></span> 
     </span>
    </p>
   </div>
   <div class='ocr_carea' id='block_1_3' title="bbox 298 4411 1190 4532">
    <p class='ocr_par' dir='ltr' id='par_1_8' title="bbox 298 4411 1190 4532">
     <span class='ocr_line' id='line_1_41' title="bbox 302 4411 1190 4530; baseline 0.002 -67"><span class='ocrx_word' id='word_1_366' title='bbox 302 4484 308 4493; x_wconf 18' lang='grc' dir='ltr'>ἱ</span> <span class='ocrx_word' id='word_1_367' title='bbox 332 4411 434 4530; x_wconf 42' lang='grc' dir='ltr'><strong><em>ἐωτγεερλ</em></strong></span> <span class='ocrx_word' id='word_1_368' title='bbox 454 4415 595 4476; x_wconf 71' lang='lat' dir='ltr'><strong><em>praepositio</em></strong></span> <span class='ocrx_word' id='word_1_369' title='bbox 616 4413 760 4463; x_wconf 77' lang='grc' dir='ltr'><strong><em>δειίδααυν</em></strong></span> <span class='ocrx_word' id='word_1_370' title='bbox 780 4415 850 4476; x_wconf 84' lang='grc' dir='ltr'><strong><em>νυίρο</em></strong></span> <span class='ocrx_word' id='word_1_371' title='bbox 881 4415 947 4463; x_wconf 71' lang='lat' dir='ltr'><strong><em>coccii</em></strong></span> <span class='ocrx_word' id='word_1_372' title='bbox 962 4427 988 4474; x_wconf 81' lang='grc' dir='ltr'><strong><em>μ.</em></strong></span> <span class='ocrx_word' id='word_1_373' title='bbox 1002 4413 1033 4464; x_wconf 76' lang='grc'><strong><em>51</em></strong></span> <span class='ocrx_word' id='word_1_374' title='bbox 1045 4425 1094 4475; x_wconf 73' lang='grc' dir='ltr'><strong><em>τρο.</em></strong></span> <span class='ocrx_word' id='word_1_375' title='bbox 1189 4437 1190 4442; x_wconf 41' lang='lat'>1</span> 
     </span>
     <span class='ocr_line' id='line_1_42' title="bbox 298 4493 411 4532; baseline -0.035 -1"><span class='ocrx_word' id='word_1_376' title='bbox 298 4496 324 4532; x_wconf 79' lang='grc' dir='ltr'><strong><em>ιιι</em></strong></span> <span class='ocrx_word' id='word_1_377' title='bbox 349 4493 357 4527; x_wconf 87' lang='grc' dir='ltr'><strong><em>ι</em></strong></span> <span class='ocrx_word' id='word_1_378' title='bbox 405 4515 411 4528; x_wconf 91' lang='grc'><strong>.</strong></span> 
     </span>
    </p>
   </div>
   <div class='ocr_carea' id='block_1_4' title="bbox 0 0 1528 4990">
    <p class='ocr_par' dir='ltr' id='par_1_9' title="bbox 0 0 1528 4990">
     <span class='ocr_line' id='line_1_43' title="bbox 0 0 1528 4990; baseline 0 0"><span class='ocrx_word' id='word_1_379' title='bbox 0 0 1528 4990; x_wconf 95' lang='lat' dir='ltr'><strong><em> </em></strong></span> 
     </span>
    </p>
   </div>
  </div>
 </body>
</html>
