3010 5000
371 277 505 330 ramnum
521 279 583 330 mu.
597 281 617 331 1.
636 278 715 332 rou.
732 279 774 330 nn.
792 278 889 330 naus.
903 279 1026 330 xxxiv,
1048 341 1053 350 Ι
1212 270 1272 332 475

119 395 351 479 redemptionem
373 393 479 466 alesu
501 397 675 462 obtinendae
698 399 791 480 gratia
811 397 999 482 perfectionis
1016 399 1173 462 invectum.
1219 400 1272 462 At-

120 518 180 582 que
196 497 250 562 hoc
267 519 351 577 esse,
376 501 451 582 quand
469 500 512 563 his
528 500 627 563 verbis
645 509 779 563 testatum
799 498 966 584 reliquerit:
990 505 1132 580 Baptismo
1150 503 1207 562 alah
1223 505 1272 562 ho·
1288 513 1341 556 tue.
1351 512 1383 566 1²,
1393 512 1425 555 ω.

121 603 173 662 beo
189 602 341 681 hophecm',
365 615 394 662 et
406 606 445 663 ud
456 605 535 664 e'liunr
550 605 786 684 omnshnsestino.
830 598 893 664 lmo
910 601 995 665 etiam
1013 601 1178 666 Zehnedaei
1196 603 1272 680 filiis,

121 725 188 766 cum
212 723 312 766 eorum
336 713 429 768 :nater
451 725 467 768 a
486 725 519 768 se
538 704 732 790 postulasset,
764 715 795 767 nt
812 724 863 767 eos
882 724 981 767 seeum
1000 705 1034 767 ad
1053 704 1225 767 dextram'
1202 704 1271 767 sini·
1286 713 1370 820 mh

121 817 271 891 atramque
289 827 369 869 suam
387 806 416 868 in
434 827 525 890 regno
543 807 696 870 considere
711 805 841 883 iuberet,
866 807 986 869 earndem
1005 806 1081 868 iilam
1099 807 1271 890 redemptio-

121 929 189 972 nem
212 910 399 994 proposuisse
424 908 568 972 donrinum
595 917 711 992 putant,
747 908 790 970 his
814 907 928 972 verbis:
963 912 1082 970 Potestis
1105 910 1386 988 caprenarenann,
1394 921 1425 964 as.

122 1013 282 1092 baptisari,
307 1034 361 1091 quo
377 1033 429 1091 ego
444 1012 630 1091 bopn'nundns
644 1017 727 1072 aum?
772 1007 891 1072 Paulum
908 1009 1027 1094 iusuper
1044 1009 1272 1094 redemptionem

121 1113 153 1176 iu
175 1108 295 1177 Christo
316 1111 384 1176 iesu
406 1133 547 1198 persaepe
565 1133 811 1177 commemorasse
833 1112 1017 1196 praedicant:
1048 1133 1132 1195 quam
1153 1113 1273 1174 eandem

120 1216 217 1300 ipsam
239 1236 306 1280 esse
329 1215 431 1279 voiuut
453 1216 487 1278 de
511 1237 566 1299 qua
589 1215 671 1280 varia
692 1234 850 1298 secumque
873 1214 989 1278 minime
1009 1213 1194 1278 cohaerentia
1217 1215 1274 1278 dis·

121 1327 234 1402 putant.

207 1416 286 1483 Nam
305 1417 352 1482 aiii
368 1417 542 1484 Thalamum
558 1419 659 1484 nescio
676 1440 760 1504 quem
776 1429 965 1495 construunt,
989 1439 1098 1504 eosque
1117 1438 1190 1503 quos
1205 1439 1273 1482 suas
1288 1437 1427 1504 capxx1.

120 1522 157 1584 ad
176 1523 358 1586 ceremonias
373 1522 527 1586 admittunt
540 1523 628 1586 certis
643 1522 745 1585 ritibus
760 1543 795 1586 ac
811 1521 987 1586 carminibus
1002 1521 1128 1599 initiant,
1149 1542 1183 1585 ac
1199 1523 1273 1606 quod

121 1625 179 1710 ipsi
199 1635 322 1708 gerunt,
347 1624 493 1709 spiritales
514 1625 627 1709 nuptias
646 1625 808 1709 appeliant,
833 1626 867 1688 ad
888 1624 1056 1687 coelestium
1073 1623 1274 1707 coniugiorum

121 1727 314 1790 imitationem
334 1745 503 1811 expressas.
549 1725 610 1788 Atii
625 1727 660 1790 ati
676 1747 778 1810 aquam
796 1726 951 1811 perductos
969 1727 1083 1808 tingunt
1099 1727 1152 1788 hae
1169 1726 1275 1790 verho-

121 1851 188 1894 rurn
211 1828 353 1892 formula:
384 1834 418 1892 ln
440 1833 549 1890 nomine
568 1834 662 1910 ignom
678 1834 772 1891 Putris
793 1834 928 1902 omnnium,
962 1833 991 1889 ι’·ιι
1012 1833 1134 1890 Vereiute
1155 1834 1274 1890 omnium

121 1937 236 2006 Matre,
262 1936 290 1992 in
308 1953 339 1992 eo
355 1936 450 2012 quiin
464 1937 555 1993 lesum
569 1935 700 2012 delapsus
716 1943 773 2005 est,
797 1935 826 1991 in
843 1935 944 1992 unione
961 1943 989 1992 et
1003 1935 1190 2011 redemptione
1202 1952 1276 1992 eom-

120 2039 305 2114 munioneque
326 2037 475 2094 Virtutum.
524 2030 600 2098 Sunt
620 2033 713 2116 etqui
732 2031 893 2096 Hebraico:
911 2053 1001 2096 voces
1019 2035 1184 2117 proferant,
1219 2055 1276 2116 quo

122 2135 265 2200 maiorem
284 2136 405 2198 initiatis
423 2136 575 2199 horrorem
591 2135 733 2212 iniiciant,
759 2135 812 2198 hoc
831 2135 933 2197 modo:
960 2141 1089 2209 Busemu,
1116 2139 1274 2209 Chamosse,

122 2245 288 2311 Benenoro,
317 2241 469 2312 Melandia,
500 2242 631 2313 dhuoda,
658 2243 760 2311 Gustu,
784 2239 947 2318 Bnhuphor,
973 2240 1147 2299 doionithei.
1194 2234 1276 2319 Quo·

123 2363 190 2405 rum
213 2341 284 2404 haec
309 2350 354 2402 ost
377 2341 539 2404 sententia:
571 2345 665 2422 Supra
688 2362 792 2402 omnem
813 2344 948 2400 iirtntean
966 2343 1181 2401 Potesttamen
1203 2343 1278 2421 quod

124 2456 242 2506 uocatur
257 2446 390 2523 ιἰιιρὶινος
423 2467 474 2504 nee
491 2466 546 2504 non
567 2455 596 2504 et
613 2447 750 2524 Spiritum
768 2443 884 2516 honum,
917 2454 944 2502 et
962 2445 1067 2514 etan,
1098 2447 1226 2523 qnonthm
1248 2446 1277 2503 in

124 2567 244 2628 corpore
263 2550 401 2625 regnasti.
449 2543 574 2628 Quidam
596 2545 636 2608 ita
657 2545 883 2629 redemptionem
905 2543 1082 2628 concipiunt.
1128 2543 1275 2608 Arcanum

124 2659 158 2711 et
173 2648 316 2711 occultum
335 2647 370 2710 ab
388 2648 465 2710 omni
482 2647 634 2714 divinitate
649 2645 854 2730 dominatuque
870 2667 903 2710 au
917 2647 1041 2710 veritate
1060 2667 1176 2722 nomen,
1202 2647 1276 2730 quod

124 2748 213 2814 lesus
229 2747 407 2812 Nazarenus
423 2749 533 2827 induit,
563 2749 592 2812 iu
612 2749 681 2812 vitis
697 2748 813 2812 luminis
831 2745 958 2824 Christi,
990 2744 1119 2826 Christi,
1147 2749 1275 2832 inquam,

122 2852 255 2916 viventis
272 2873 323 2935 per
341 2848 482 2936 Spiritum
500 2862 651 2929 sanctum,
676 2851 704 2914 iu
723 2849 950 2936 redemptionem
968 2850 1147 2934 angelicam:
1172 2871 1276 2914 nornen

124 2952 340 3018 restitutionis:
365 2957 501 3027 Messene,
530 2957 675 3034 Uphureg,
700 2957 957 3033 Nomempsuemnn,
988 2956 1158 3027 Chalduenn,
1183 2955 1278 3013 Moso-

123 3059 256 3129 medaea,
284 3059 471 3136 Arpinumne,
496 3059 603 3130 Pseud,
628 3062 693 3118 lesu
714 3060 851 3118 Nozorrh.
897 3052 981 3136 Quae
1004 3055 1059 3118 hoc
1081 3056 1166 3117 modo
1188 3055 1278 3116 inter-

123 3158 237 3244 pretari
256 3177 426 3243 possumus:
450 3161 515 3220 Non
531 3162 624 3219 diueilo
642 3162 794 3239 Spiritum,
821 3162 876 3218 Cor
893 3163 1082 3240 iirtutemqne
1098 3161 1175 3218 coelo
1191 3158 1278 3220 subli-

123 3265 253 3332 miorem,
272 3265 495 3322 misericordem:
516 3273 604 3321 nancte
616 3265 667 3322 scin
684 3264 793 3322 nomene
807 3272 854 3320 tno
868 3263 1002 3322 Soluutor
1018 3265 1160 3322 Veritatis.
1196 3256 1279 3321 Haec

125 3363 195 3426 dnm
213 3362 250 3425 ah
268 3361 445 3425 antistitibus
463 3362 574 3446 prolata
592 3372 676 3442 snut,
701 3373 761 3426 tum
779 3363 825 3445 qui
843 3361 937 3426 sacris
954 3361 1084 3425 initiatur
1100 3361 1140 3426 ita
1157 3382 1279 3447 respon-

124 3465 194 3528 det:
221 3467 409 3544 Confirmntns
424 3486 485 3526 snm
500 3485 534 3526 oe
548 3469 724 3546 redemptus:
748 3477 776 3526 et
789 3469 882 3526 oncino
893 3487 952 3526 meu
967 3466 1003 3526 ob
1018 3468 1070 3527 hoe
1083 3467 1177 3526 seculo
1191 3469 1279 3525 omni·

125 3569 235 3648 busque
256 3587 326 3646 qnae
347 3567 691 3630 neocaesariensem
712 3573 741 3630 in
763 3571 873 3630 nomine
890 3572 954 3640 Ino,
987 3572 1038 3649 qui
1056 3571 1143 3648 a'psius
1164 3571 1280 3628 redemit

124 3674 248 3732 antinum
270 3673 299 3730 in
326 3673 538 3750 redemptionem
568 3675 596 3732 in
626 3674 739 3732 Chrr'sto
766 3675 881 3732 vehente.
933 3670 979 3732 Au
1010 3668 1081 3732 hacc
1109 3678 1279 3753 praesentes

126 3791 232 3836 omnes
246 3770 420 3834 subiiciunt:
444 3777 506 3834 Poe
520 3774 646 3834 omnibns
661 3778 689 3834 in
706 3773 806 3854 quibus
820 3795 918 3834 nornen
934 3776 1012 3834 :stud
1024 3776 1182 3852 requiescit.
1219 3769 1279 3834 Dc·

126 3875 197 3938 inde
211 3873 398 3958 opobalsamo
413 3873 557 3937 initiatum
574 3885 748 3958 perungunt.
782 3870 867 3955 Quod
884 3873 1022 3957 usrguenti
1038 3894 1131 3957 genus
1149 3875 1279 3958 fragran-

160 4091 327 4177 (ιέιφραιαί
349 4090 436 4158 uesta
460 4097 510 4146 end.
528 4098 605 4179 Papio.
641 4091 687 4150 oia·
755 4096 778 4150 7.
798 4094 888 4146 Christi
909 4112 959 4146 non
977 4093 1062 4145 divido
1079 4093 1209 4162 spiritum,
1238 4110 1281 4144 cor

126 4161 222 4244 viimi
239 4159 517 4227 pessumeuntem„
550 4157 689 4228 ιῖκψαριαι-
722 4170 772 4216 cett.
789 4168 872 4228 tepitur
888 4167 955 4226 opud
975 4167 1019 4215 Vei.
1035 4167 1188 4226 latenretern.

126 4181 308 4295 diedoneecod.
320 4233 439 4280 Venet-
456 4233 489 4281 De
502 4235 688 4295 interpretatione
755 4233 779 4284 8
798 4233 820 4285 oi
836 4235 912 4284 odient
927 4234 956 4283 de
973 4235 1109 4282 auctoritate
1126 4233 1193 4282 codd.
1207 4235 1279 4282 totto.

124 4302 198 4351 huius
210 4301 333 4362 sormntm,
350 4302 466 4362 riphaei,
482 4303 556 4350 ndens
570 4302 689 4351 doctorum
722 4306 750 4351 et.
769 4305 844 4352 tenet.
1256 4353 1264 4362 ,

126 4370 247 4418 hominum
260 4367 292 4418 cd
306 4369 428 4419 irenaeum
441 4369 457 4416 l
470 4369 485 4416 t.
502 4370 623 4418 eduntote.
652 4370 688 4430 Gi.
755 4365 780 4420 9.
797 4367 1000 4422 immundanum:
1015 4370 1067 4418 cod.
1082 4370 1157 4418 Venet.

127 4437 201 4485 etium
216 4437 280 4497 intro
295 4435 359 4486 horr.
371 4433 414 4498 36,
431 4434 455 4485 2.
471 4438 511 4486 nbi
527 4437 609 4488 ecdem
623 4450 688 4500 repe-
758 4435 797 4490 10.
813 4431 862 4492 ἀπὸ
881 4436 925 4490 τοῦ
944 4431 1075 4506 βαλσάμου
1098 4437 1167 4488 codd.
1184 4437 1281 4500 Rhedip.

127 4507 217 4554 mmor.
721 4506 800 4558 Poris.
