<?xml version="1.0" encoding="UTF-8"?>
<!DOCTYPE html PUBLIC "-//W3C//DTD XHTML 1.0 Transitional//EN"
    "http://www.w3.org/TR/xhtml1/DTD/xhtml1-transitional.dtd">
<html xmlns="http://www.w3.org/1999/xhtml" xml:lang="en" lang="en">
 <head>
  <title>
</title>
<meta http-equiv="Content-Type" content="text/html;charset=utf-8" />
  <meta name='ocr-system' content='tesseract 3.04.00' />
  <meta name='ocr-capabilities' content='ocr_page ocr_carea ocr_par ocr_line ocrx_word'/>
</head>
<body>
  <div class='ocr_page' id='page_1' title='image "./corporishaerese03oehlgoog_0648.png"; bbox 0 0 2994 5024; ppageno 0'>
   <div class='ocr_carea' id='block_1_1' title="bbox 350 253 1295 344">
    <p class='ocr_par' dir='ltr' id='par_1_1' title="bbox 350 253 1295 344">
     <span class='ocr_line' id='line_1_1' title="bbox 350 253 1295 344; baseline 0 -2"><span class='ocrx_word' id='word_1_1' title='bbox 350 289 485 342; x_wconf 76' lang='lat' dir='ltr'>sennan</span> <span class='ocrx_word' id='word_1_2' title='bbox 502 289 565 342; x_wconf 83' lang='lat' dir='ltr'>ura.</span> <span class='ocrx_word' id='word_1_3' title='bbox 579 293 597 341; x_wconf 93' lang='grc' dir='ltr'>ι.</span> <span class='ocrx_word' id='word_1_4' title='bbox 615 289 697 344; x_wconf 83' lang='lat' dir='ltr'>nou.</span> <span class='ocrx_word' id='word_1_5' title='bbox 710 291 753 342; x_wconf 88' lang='grc' dir='ltr'>ιιι,</span> <span class='ocrx_word' id='word_1_6' title='bbox 771 289 868 342; x_wconf 82' lang='lat' dir='ltr'>naun.</span> <span class='ocrx_word' id='word_1_7' title='bbox 883 289 965 342; x_wconf 84' lang='lat' dir='ltr'>xuu.</span> <span class='ocrx_word' id='word_1_8' title='bbox 1172 279 1230 342; x_wconf 77' lang='grc'>631</span> <span class='ocrx_word' id='word_1_9' title='bbox 1292 253 1295 260; x_wconf 65' lang='grc'><strong>’</strong></span> 
     </span>
    </p>
   </div>
   <div class='ocr_carea' id='block_1_2' title="bbox 58 401 1430 4458">
    <p class='ocr_par' dir='ltr' id='par_1_2' title="bbox 66 401 1384 696">
     <span class='ocr_line' id='line_1_2' title="bbox 173 401 1384 493; baseline 0 -21"><span class='ocrx_word' id='word_1_10' title='bbox 173 401 274 472; x_wconf 84' lang='lat' dir='ltr'>Scbcl.</span> <span class='ocrx_word' id='word_1_11' title='bbox 290 405 406 474; x_wconf 82' lang='lat' dir='ltr'>Lxlv.</span> <span class='ocrx_word' id='word_1_12' title='bbox 442 407 515 474; x_wconf 87' lang='lat' dir='ltr'>Item</span> <span class='ocrx_word' id='word_1_13' title='bbox 533 410 602 474; x_wconf 89' lang='lat' dir='ltr'>illud</span> <span class='ocrx_word' id='word_1_14' title='bbox 620 410 750 474; x_wconf 80' lang='lat' dir='ltr'>induxit:</span> <span class='ocrx_word' id='word_1_15' title='bbox 782 415 897 490; x_wconf 83' lang='lat' dir='ltr'>Quando</span> <span class='ocrx_word' id='word_1_16' title='bbox 920 415 986 473; x_wconf 80' lang='lat' dir='ltr'>mr&#39;rr&#39;</span> <span class='ocrx_word' id='word_1_17' title='bbox 1005 433 1068 484; x_wconf 82' lang='lat' dir='ltr'>uos,</span> <span class='ocrx_word' id='word_1_18' title='bbox 1101 416 1235 493; x_wconf 77' lang='lat' dir='ltr'>numquid</span> <span class='ocrx_word' id='word_1_19' title='bbox 1249 425 1384 477; x_wconf 75' lang='lat' dir='ltr'>suemus.</span> 
     </span>
     <span class='ocr_line' id='line_1_3' title="bbox 66 508 1233 597; baseline 0.007 -29"><span class='ocrx_word' id='word_1_20' title='bbox 66 510 178 590; x_wconf 82' lang='lat' dir='ltr'>defiu&#39;t</span> <span class='ocrx_word' id='word_1_21' title='bbox 197 512 297 572; x_wconf 76' lang='lat' dir='ltr'>cobet?</span> <span class='ocrx_word' id='word_1_22' title='bbox 325 523 378 572; x_wconf 85' lang='lat' dir='ltr'>ete.</span> <span class='ocrx_word' id='word_1_23' title='bbox 426 508 473 576; x_wconf 84' lang='lat' dir='ltr'>Ob</span> <span class='ocrx_word' id='word_1_24' title='bbox 493 533 527 576; x_wconf 89' lang='lat' dir='ltr'>ea</span> <span class='ocrx_word' id='word_1_25' title='bbox 547 531 619 597; x_wconf 87' lang='lat' dir='ltr'>quac</span> <span class='ocrx_word' id='word_1_26' title='bbox 639 522 816 597; x_wconf 89' lang='lat' dir='ltr'>sequuntur:</span> <span class='ocrx_word' id='word_1_27' title='bbox 851 517 974 588; x_wconf 75' lang='lat' dir='ltr'>Euboe,</span> <span class='ocrx_word' id='word_1_28' title='bbox 1007 518 1082 595; x_wconf 86' lang='lat' dir='ltr'>quod</span> <span class='ocrx_word' id='word_1_29' title='bbox 1097 519 1233 594; x_wconf 73' lang='lat' dir='ltr'>serrptunr</span> 
     </span>
     <span class='ocr_line' id='line_1_4' title="bbox 66 617 937 696; baseline 0.007 -26"><span class='ocrx_word' id='word_1_30' title='bbox 66 621 145 684; x_wconf 78' lang='lat' dir='ltr'>eet,</span> <span class='ocrx_word' id='word_1_31' title='bbox 172 624 281 694; x_wconf 75' lang='lat' dir='ltr'>operm</span> <span class='ocrx_word' id='word_1_32' title='bbox 302 617 427 694; x_wconf 81' lang='lat' dir='ltr'>a&#39;rnplerr&#39;:</span> <span class='ocrx_word' id='word_1_33' title='bbox 451 619 573 676; x_wconf 80' lang='lat' dir='ltr'>Etcum</span> <span class='ocrx_word' id='word_1_34' title='bbox 595 619 698 696; x_wconf 71' lang='lat' dir='ltr'>anspuu</span> <span class='ocrx_word' id='word_1_35' title='bbox 719 619 866 695; x_wconf 84' lang='lat' dir='ltr'>deputatus</span> <span class='ocrx_word' id='word_1_36' title='bbox 886 627 937 676; x_wconf 86' lang='lat' dir='ltr'>est.</span> 
     </span>
    </p>

    <p class='ocr_par' dir='ltr' id='par_1_3' title="bbox 63 711 1231 1006">
     <span class='ocr_line' id='line_1_5' title="bbox 169 711 1231 801; baseline 0.004 -25"><span class='ocrx_word' id='word_1_37' title='bbox 169 711 271 778; x_wconf 87' lang='lat' dir='ltr'>Ilelut.</span> <span class='ocrx_word' id='word_1_38' title='bbox 289 711 406 780; x_wconf 86' lang='lat' dir='ltr'>LXIV.</span> <span class='ocrx_word' id='word_1_39' title='bbox 446 713 640 799; x_wconf 79' lang='lat' dir='ltr'>Quantumuis</span> <span class='ocrx_word' id='word_1_40' title='bbox 665 717 755 782; x_wconf 84' lang='lat' dir='ltr'>verba</span> <span class='ocrx_word' id='word_1_41' title='bbox 779 717 940 795; x_wconf 77' lang='lat' dir='ltr'>subducas,</span> <span class='ocrx_word' id='word_1_42' title='bbox 973 737 1021 780; x_wconf 88' lang='lat' dir='ltr'>res</span> <span class='ocrx_word' id='word_1_43' title='bbox 1046 718 1110 801; x_wconf 87' lang='lat' dir='ltr'>ipsa</span> <span class='ocrx_word' id='word_1_44' title='bbox 1134 727 1231 782; x_wconf 87' lang='lat' dir='ltr'>tumen</span> 
     </span>
     <span class='ocr_line' id='line_1_6' title="bbox 64 815 1231 903; baseline 0.004 -26"><span class='ocrx_word' id='word_1_45' title='bbox 64 815 217 900; x_wconf 83' lang='lat' dir='ltr'>proprios</span> <span class='ocrx_word' id='word_1_46' title='bbox 239 816 367 901; x_wconf 86' lang='lat' dir='ltr'>ipsorum</span> <span class='ocrx_word' id='word_1_47' title='bbox 391 817 473 882; x_wconf 91' lang='lat' dir='ltr'>locos</span> <span class='ocrx_word' id='word_1_48' title='bbox 496 819 619 903; x_wconf 88' lang='lat' dir='ltr'>aperiet.</span> <span class='ocrx_word' id='word_1_49' title='bbox 665 815 814 902; x_wconf 84' lang='lat' dir='ltr'>Siquidem</span> <span class='ocrx_word' id='word_1_50' title='bbox 837 829 1008 903; x_wconf 74' lang='lat' dir='ltr'><strong>antegressa</strong></span> <span class='ocrx_word' id='word_1_51' title='bbox 1030 819 1081 882; x_wconf 85' lang='lat' dir='ltr'>lex</span> <span class='ocrx_word' id='word_1_52' title='bbox 1101 830 1164 899; x_wconf 87' lang='lat' dir='ltr'>est,</span> <span class='ocrx_word' id='word_1_53' title='bbox 1197 841 1231 884; x_wconf 85' lang='lat' dir='ltr'>ac</span> 
     </span>
     <span class='ocr_line' id='line_1_7' title="bbox 63 918 1042 1006; baseline 0.002 -26"><span class='ocrx_word' id='word_1_54' title='bbox 63 918 241 1002; x_wconf 80' lang='lat' dir='ltr'>propbetas</span> <span class='ocrx_word' id='word_1_55' title='bbox 264 920 450 997; x_wconf 87' lang='lat' dir='ltr'>nuntiarunt,</span> <span class='ocrx_word' id='word_1_56' title='bbox 475 930 504 984; x_wconf 87' lang='lat' dir='ltr'>ut</span> <span class='ocrx_word' id='word_1_57' title='bbox 524 919 587 1005; x_wconf 92' lang='lat' dir='ltr'>ipse</span> <span class='ocrx_word' id='word_1_58' title='bbox 610 923 724 986; x_wconf 88' lang='lat' dir='ltr'>tandem</span> <span class='ocrx_word' id='word_1_59' title='bbox 748 922 880 986; x_wconf 88' lang='lat' dir='ltr'>dominus</span> <span class='ocrx_word' id='word_1_60' title='bbox 901 920 1042 1006; x_wconf 88' lang='lat' dir='ltr'>implerit.</span> 
     </span>
    </p>

    <p class='ocr_par' dir='ltr' id='par_1_4' title="bbox 58 1017 1430 1203">
     <span class='ocr_line' id='line_1_8' title="bbox 169 1017 1430 1105; baseline 0.001 -21"><span class='ocrx_word' id='word_1_61' title='bbox 169 1017 270 1086; x_wconf 89' lang='lat' dir='ltr'>Sobol.</span> <span class='ocrx_word' id='word_1_62' title='bbox 288 1017 390 1086; x_wconf 86' lang='lat' dir='ltr'>LXV.</span> <span class='ocrx_word' id='word_1_63' title='bbox 424 1026 551 1086; x_wconf 75' lang='lat' dir='ltr'>Aculeus</span> <span class='ocrx_word' id='word_1_64' title='bbox 567 1036 611 1086; x_wconf 86' lang='lat' dir='ltr'>eet</span> <span class='ocrx_word' id='word_1_65' title='bbox 626 1026 662 1086; x_wconf 91' lang='lat' dir='ltr'>ub</span> <span class='ocrx_word' id='word_1_66' title='bbox 679 1027 737 1086; x_wconf 76' lang='lat' dir='ltr'>illu</span> <span class='ocrx_word' id='word_1_67' title='bbox 752 1034 883 1105; x_wconf 86' lang='lat' dir='ltr'>quantum</span> <span class='ocrx_word' id='word_1_68' title='bbox 898 1029 988 1086; x_wconf 74' lang='lat' dir='ltr'>suenus</span> <span class='ocrx_word' id='word_1_69' title='bbox 1005 1035 1048 1086; x_wconf 90' lang='lat' dir='ltr'>est</span> <span class='ocrx_word' id='word_1_70' title='bbox 1060 1027 1178 1104; x_wconf 75' lang='lat' dir='ltr'>lupailab,</span> <span class='ocrx_word' id='word_1_71' title='bbox 1203 1036 1343 1087; x_wconf 76' lang='lat' dir='ltr'>ellstan.</span> <span class='ocrx_word' id='word_1_72' title='bbox 1427 1017 1430 1024; x_wconf 76' lang='grc'><strong><em>’</em></strong></span> 
     </span>
     <span class='ocr_line' id='line_1_9' title="bbox 58 1125 450 1203; baseline 0.01 -20"><span class='ocrx_word' id='word_1_73' title='bbox 58 1127 181 1202; x_wconf 77' lang='lat' dir='ltr'>positis</span> <span class='ocrx_word' id='word_1_74' title='bbox 199 1125 320 1203; x_wconf 77' lang='lat' dir='ltr'>genibus</span> <span class='ocrx_word' id='word_1_75' title='bbox 340 1127 450 1188; x_wconf 84' lang='lat' dir='ltr'>ornbut.</span> 
     </span>
    </p>

    <p class='ocr_par' dir='ltr' id='par_1_5' title="bbox 64 1221 1228 1615">
     <span class='ocr_line' id='line_1_10' title="bbox 167 1221 1228 1312; baseline 0.003 -24"><span class='ocrx_word' id='word_1_76' title='bbox 167 1221 269 1290; x_wconf 86' lang='lat' dir='ltr'>Ilelut.</span> <span class='ocrx_word' id='word_1_77' title='bbox 287 1222 388 1291; x_wconf 76' lang='lat' dir='ltr'>bxv.</span> <span class='ocrx_word' id='word_1_78' title='bbox 422 1231 540 1302; x_wconf 77' lang='lat' dir='ltr'>Pontis,</span> <span class='ocrx_word' id='word_1_79' title='bbox 571 1227 680 1312; x_wconf 89' lang='lat' dir='ltr'>iuquit,</span> <span class='ocrx_word' id='word_1_80' title='bbox 708 1228 838 1308; x_wconf 75' lang='lat' dir='ltr'>genibus.</span> <span class='ocrx_word' id='word_1_81' title='bbox 884 1225 927 1290; x_wconf 86' lang='lat' dir='ltr'>Ito</span> <span class='ocrx_word' id='word_1_82' title='bbox 944 1227 1057 1311; x_wconf 88' lang='lat' dir='ltr'>posuit,</span> <span class='ocrx_word' id='word_1_83' title='bbox 1087 1226 1163 1290; x_wconf 84' lang='lat' dir='ltr'>ulid</span> <span class='ocrx_word' id='word_1_84' title='bbox 1185 1227 1228 1291; x_wconf 86' lang='lat' dir='ltr'>vi·</span> 
     </span>
     <span class='ocr_line' id='line_1_11' title="bbox 64 1325 1228 1414; baseline 0.003 -26"><span class='ocrx_word' id='word_1_85' title='bbox 64 1325 142 1388; x_wconf 87' lang='lat' dir='ltr'>deri</span> <span class='ocrx_word' id='word_1_86' title='bbox 159 1338 260 1410; x_wconf 89' lang='lat' dir='ltr'>posset</span> <span class='ocrx_word' id='word_1_87' title='bbox 274 1326 359 1412; x_wconf 88' lang='lat' dir='ltr'>idque</span> <span class='ocrx_word' id='word_1_88' title='bbox 376 1329 468 1414; x_wconf 90' lang='lat' dir='ltr'>ipsum</span> <span class='ocrx_word' id='word_1_89' title='bbox 484 1329 613 1394; x_wconf 77' lang='lat' dir='ltr'>sensibili</span> <span class='ocrx_word' id='word_1_90' title='bbox 629 1330 714 1394; x_wconf 89' lang='lat' dir='ltr'>modo</span> <span class='ocrx_word' id='word_1_91' title='bbox 731 1328 885 1414; x_wconf 89' lang='lat' dir='ltr'>praestitit.</span> <span class='ocrx_word' id='word_1_92' title='bbox 932 1325 1016 1411; x_wconf 83' lang='lat' dir='ltr'>Quod</span> <span class='ocrx_word' id='word_1_93' title='bbox 1034 1328 1059 1392; x_wconf 88' lang='lat' dir='ltr'>si</span> <span class='ocrx_word' id='word_1_94' title='bbox 1075 1349 1172 1412; x_wconf 89' lang='lat' dir='ltr'>genua</span> <span class='ocrx_word' id='word_1_95' title='bbox 1186 1330 1228 1392; x_wconf 86' lang='lat' dir='ltr'>ita</span> 
     </span>
     <span class='ocr_line' id='line_1_12' title="bbox 64 1428 1224 1516; baseline 0.004 -27"><span class='ocrx_word' id='word_1_96' title='bbox 64 1428 163 1492; x_wconf 84' lang='lat' dir='ltr'>flexit</span> <span class='ocrx_word' id='word_1_97' title='bbox 180 1440 211 1494; x_wconf 89' lang='lat' dir='ltr'>ut</span> <span class='ocrx_word' id='word_1_98' title='bbox 227 1428 332 1494; x_wconf 84' lang='lat' dir='ltr'>sentiri</span> <span class='ocrx_word' id='word_1_99' title='bbox 347 1443 464 1515; x_wconf 87' lang='lat' dir='ltr'>posset,</span> <span class='ocrx_word' id='word_1_100' title='bbox 488 1433 618 1516; x_wconf 90' lang='lat' dir='ltr'>adeoque</span> <span class='ocrx_word' id='word_1_101' title='bbox 637 1443 669 1494; x_wconf 92' lang='lat' dir='ltr'>ut</span> <span class='ocrx_word' id='word_1_102' title='bbox 684 1431 808 1496; x_wconf 87' lang='lat' dir='ltr'>actionis</span> <span class='ocrx_word' id='word_1_103' title='bbox 827 1432 911 1496; x_wconf 90' lang='lat' dir='ltr'>buius</span> <span class='ocrx_word' id='word_1_104' title='bbox 930 1442 1033 1495; x_wconf 86' lang='lat' dir='ltr'>nutura</span> <span class='ocrx_word' id='word_1_105' title='bbox 1051 1431 1224 1515; x_wconf 89' lang='lat' dir='ltr'>postulabat,</span> 
     </span>
     <span class='ocr_line' id='line_1_13' title="bbox 65 1531 1223 1615; baseline 0.003 -23"><span class='ocrx_word' id='word_1_106' title='bbox 65 1532 211 1615; x_wconf 83' lang='lat' dir='ltr'>prolecto</span> <span class='ocrx_word' id='word_1_107' title='bbox 228 1551 285 1594; x_wconf 90' lang='lat' dir='ltr'>uun</span> <span class='ocrx_word' id='word_1_108' title='bbox 304 1531 368 1596; x_wconf 89' lang='lat' dir='ltr'>sine</span> <span class='ocrx_word' id='word_1_109' title='bbox 386 1555 475 1598; x_wconf 87' lang='lat' dir='ltr'>carne</span> <span class='ocrx_word' id='word_1_110' title='bbox 494 1534 624 1598; x_wconf 81' lang='lat' dir='ltr'>salvalor</span> <span class='ocrx_word' id='word_1_111' title='bbox 641 1533 669 1596; x_wconf 91' lang='lat' dir='ltr'>in</span> <span class='ocrx_word' id='word_1_112' title='bbox 689 1534 743 1596; x_wconf 90' lang='lat' dir='ltr'>boo</span> <span class='ocrx_word' id='word_1_113' title='bbox 763 1546 904 1598; x_wconf 86' lang='lat' dir='ltr'>terrarum</span> <span class='ocrx_word' id='word_1_114' title='bbox 922 1533 992 1598; x_wconf 91' lang='lat' dir='ltr'>orbe</span> <span class='ocrx_word' id='word_1_115' title='bbox 1012 1544 1147 1598; x_wconf 86' lang='lat' dir='ltr'>versatus</span> <span class='ocrx_word' id='word_1_116' title='bbox 1167 1545 1223 1598; x_wconf 88' lang='lat' dir='ltr'>est.</span> 
     </span>
    </p>

    <p class='ocr_par' dir='ltr' id='par_1_6' title="bbox 63 1631 1375 1925">
     <span class='ocr_line' id='line_1_14' title="bbox 65 1631 1375 1721; baseline 0.001 -27"><span class='ocrx_word' id='word_1_117' title='bbox 65 1631 157 1696; x_wconf 85' lang='lat' dir='ltr'>Huic</span> <span class='ocrx_word' id='word_1_118' title='bbox 179 1633 255 1696; x_wconf 82' lang='lat' dir='ltr'>euius</span> <span class='ocrx_word' id='word_1_119' title='bbox 279 1639 363 1699; x_wconf 83' lang='lat' dir='ltr'>Omne</span> <span class='ocrx_word' id='word_1_120' title='bbox 380 1659 458 1716; x_wconf 89' lang='lat' dir='ltr'>genu</span> <span class='ocrx_word' id='word_1_121' title='bbox 471 1641 621 1721; x_wconf 80' lang='lat' dir='ltr'>flectetur,</span> <span class='ocrx_word' id='word_1_122' title='bbox 652 1641 824 1710; x_wconf 74' lang='lat' dir='ltr'>coelestium,</span> <span class='ocrx_word' id='word_1_123' title='bbox 855 1641 1030 1698; x_wconf 73' lang='lat' dir='ltr'>tenerorum</span> <span class='ocrx_word' id='word_1_124' title='bbox 1051 1649 1079 1698; x_wconf 87' lang='lat' dir='ltr'>et</span> <span class='ocrx_word' id='word_1_125' title='bbox 1099 1639 1296 1719; x_wconf 75' lang='lat' dir='ltr'>absumo-Part.</span> <span class='ocrx_word' id='word_1_126' title='bbox 1309 1653 1329 1706; x_wconf 84' lang='lat' dir='ltr'>a,</span> <span class='ocrx_word' id='word_1_127' title='bbox 1345 1653 1375 1696; x_wconf 90' lang='grc' dir='ltr'>ιι.</span> 
     </span>
     <span class='ocr_line' id='line_1_15' title="bbox 63 1737 1225 1823; baseline 0.008 -29"><span class='ocrx_word' id='word_1_128' title='bbox 63 1756 159 1796; x_wconf 81' lang='lat' dir='ltr'>reem:</span> <span class='ocrx_word' id='word_1_129' title='bbox 194 1740 352 1800; x_wconf 81' lang='lat' dir='ltr'>coelestium</span> <span class='ocrx_word' id='word_1_130' title='bbox 376 1761 479 1823; x_wconf 85' lang='lat' dir='ltr'>porro,</span> <span class='ocrx_word' id='word_1_131' title='bbox 510 1740 564 1802; x_wconf 88' lang='lat' dir='ltr'>boc</span> <span class='ocrx_word' id='word_1_132' title='bbox 590 1749 635 1802; x_wconf 87' lang='lat' dir='ltr'>est</span> <span class='ocrx_word' id='word_1_133' title='bbox 657 1737 845 1823; x_wconf 77' lang='lat' dir='ltr'>spiritalium,</span> <span class='ocrx_word' id='word_1_134' title='bbox 878 1743 1068 1814; x_wconf 76' lang='lat' dir='ltr'>tmertra&#39;unc,</span> <span class='ocrx_word' id='word_1_135' title='bbox 1101 1739 1155 1802; x_wconf 88' lang='lat' dir='ltr'>buc</span> <span class='ocrx_word' id='word_1_136' title='bbox 1179 1751 1225 1803; x_wconf 88' lang='lat' dir='ltr'>cst</span> 
     </span>
     <span class='ocr_line' id='line_1_16' title="bbox 63 1840 1223 1925; baseline 0.003 -25"><span class='ocrx_word' id='word_1_137' title='bbox 63 1857 179 1900; x_wconf 86' lang='lat' dir='ltr'>eorum</span> <span class='ocrx_word' id='word_1_138' title='bbox 201 1859 276 1922; x_wconf 88' lang='lat' dir='ltr'>quas</span> <span class='ocrx_word' id='word_1_139' title='bbox 298 1840 352 1905; x_wconf 90' lang='lat' dir='ltr'>sub</span> <span class='ocrx_word' id='word_1_140' title='bbox 373 1861 477 1909; x_wconf 87' lang='lat' dir='ltr'>sensus</span> <span class='ocrx_word' id='word_1_141' title='bbox 499 1842 622 1921; x_wconf 86' lang='lat' dir='ltr'>uadunt,</span> <span class='ocrx_word' id='word_1_142' title='bbox 654 1845 826 1925; x_wconf 81' lang='lat' dir='ltr'>s&#39;nsernurum</span> <span class='ocrx_word' id='word_1_143' title='bbox 842 1841 982 1925; x_wconf 89' lang='lat' dir='ltr'>denique,</span> <span class='ocrx_word' id='word_1_144' title='bbox 1013 1861 1048 1903; x_wconf 88' lang='lat' dir='ltr'>oo</span> <span class='ocrx_word' id='word_1_145' title='bbox 1068 1841 1154 1904; x_wconf 87' lang='lat' dir='ltr'>ruodo</span> <span class='ocrx_word' id='word_1_146' title='bbox 1175 1841 1223 1925; x_wconf 90' lang='lat' dir='ltr'>qui</span> 
     </span>
    </p>

    <p class='ocr_par' dir='ltr' id='par_1_7' title="bbox 65 1938 1221 2028">
     <span class='ocr_line' id='line_1_17' title="bbox 65 1938 1221 2028; baseline 0.004 -26"><span class='ocrx_word' id='word_1_147' title='bbox 65 1938 192 2004; x_wconf 87' lang='lat' dir='ltr'>illorum</span> <span class='ocrx_word' id='word_1_148' title='bbox 218 1952 262 2004; x_wconf 85' lang='lat' dir='ltr'>est</span> <span class='ocrx_word' id='word_1_149' title='bbox 287 1944 433 2028; x_wconf 87' lang='lat' dir='ltr'>proprius.</span> <span class='ocrx_word' id='word_1_150' title='bbox 486 1942 541 2008; x_wconf 86' lang='lat' dir='ltr'>llio</span> <span class='ocrx_word' id='word_1_151' title='bbox 564 1955 659 2008; x_wconf 88' lang='lat' dir='ltr'>autem</span> <span class='ocrx_word' id='word_1_152' title='bbox 689 1965 728 2006; x_wconf 83' lang='lat' dir='ltr'>ex</span> <span class='ocrx_word' id='word_1_153' title='bbox 753 1944 795 2007; x_wconf 89' lang='lat' dir='ltr'>rei</span> <span class='ocrx_word' id='word_1_154' title='bbox 818 1942 942 2008; x_wconf 87' lang='lat' dir='ltr'>veritate</span> <span class='ocrx_word' id='word_1_155' title='bbox 966 1941 1090 2006; x_wconf 82' lang='lat' dir='ltr'>iaciebat</span> <span class='ocrx_word' id='word_1_156' title='bbox 1113 1944 1221 2022; x_wconf 87' lang='lat' dir='ltr'>omnia,</span> 
     </span>
    </p>

    <p class='ocr_par' dir='ltr' id='par_1_8' title="bbox 65 2045 1222 2131">
     <span class='ocr_line' id='line_1_18' title="bbox 65 2045 1222 2131; baseline 0.005 -27"><span class='ocrx_word' id='word_1_157' title='bbox 65 2063 142 2106; x_wconf 88' lang='lat' dir='ltr'>cum</span> <span class='ocrx_word' id='word_1_158' title='bbox 160 2053 190 2106; x_wconf 88' lang='lat' dir='ltr'>et</span> <span class='ocrx_word' id='word_1_159' title='bbox 206 2055 377 2110; x_wconf 87' lang='lat' dir='ltr'>cerneretur</span> <span class='ocrx_word' id='word_1_160' title='bbox 394 2045 504 2125; x_wconf 90' lang='lat' dir='ltr'>oculis,</span> <span class='ocrx_word' id='word_1_161' title='bbox 527 2057 557 2110; x_wconf 89' lang='lat' dir='ltr'>et</span> <span class='ocrx_word' id='word_1_162' title='bbox 574 2067 591 2110; x_wconf 91' lang='lat' dir='ltr'>a</span> <span class='ocrx_word' id='word_1_163' title='bbox 609 2045 755 2131; x_wconf 76' lang='lat' dir='ltr'>discipulis</span> <span class='ocrx_word' id='word_1_164' title='bbox 773 2056 1022 2124; x_wconf 78' lang='lat' dir='ltr'>connecteretur,</span> <span class='ocrx_word' id='word_1_165' title='bbox 1046 2065 1140 2130; x_wconf 90' lang='lat' dir='ltr'>neque</span> <span class='ocrx_word' id='word_1_166' title='bbox 1156 2067 1222 2131; x_wconf 88' lang='lat' dir='ltr'>spe-</span> 
     </span>
    </p>

    <p class='ocr_par' dir='ltr' id='par_1_9' title="bbox 66 2143 415 2211">
     <span class='ocr_line' id='line_1_19' title="bbox 66 2143 415 2211; baseline 0.017 -6"><span class='ocrx_word' id='word_1_167' title='bbox 66 2143 133 2206; x_wconf 88' lang='lat' dir='ltr'>ctri</span> <span class='ocrx_word' id='word_1_168' title='bbox 156 2145 249 2210; x_wconf 88' lang='lat' dir='ltr'>instar</span> <span class='ocrx_word' id='word_1_169' title='bbox 270 2147 415 2211; x_wconf 87' lang='lat' dir='ltr'>illuderet.</span> 
     </span>
    </p>

    <p class='ocr_par' dir='ltr' id='par_1_10' title="bbox 162 2243 1371 2336">
     <span class='ocr_line' id='line_1_20' title="bbox 162 2243 1371 2336; baseline 0.003 -26"><span class='ocrx_word' id='word_1_170' title='bbox 162 2243 263 2312; x_wconf 90' lang='lat' dir='ltr'>Subol.</span> <span class='ocrx_word' id='word_1_171' title='bbox 283 2247 399 2312; x_wconf 80' lang='lat' dir='ltr'>L&#39;IIVI.</span> <span class='ocrx_word' id='word_1_172' title='bbox 435 2253 473 2312; x_wconf 79' lang='lat' dir='ltr'>Et</span> <span class='ocrx_word' id='word_1_173' title='bbox 493 2256 626 2336; x_wconf 74' lang='lat' dir='ltr'>accqser&#39;t,</span> <span class='ocrx_word' id='word_1_174' title='bbox 651 2263 685 2312; x_wconf 89' lang='lat' dir='ltr'>ut</span> <span class='ocrx_word' id='word_1_175' title='bbox 704 2254 880 2314; x_wconf 80' lang='lat' dir='ltr'>oscularetur</span> <span class='ocrx_word' id='word_1_176' title='bbox 901 2273 961 2312; x_wconf 88' lang='lat' dir='ltr'>eum</span> <span class='ocrx_word' id='word_1_177' title='bbox 982 2261 1011 2312; x_wconf 87' lang='lat' dir='ltr'>et</span> <span class='ocrx_word' id='word_1_178' title='bbox 1030 2255 1113 2314; x_wconf 79' lang='lat' dir='ltr'>ds&#39;nit.</span> <span class='ocrx_word' id='word_1_179' title='bbox 1233 2267 1326 2324; x_wconf 76' lang='lat' dir='ltr'>uaeas,</span> <span class='ocrx_word' id='word_1_180' title='bbox 1340 2269 1371 2315; x_wconf 88' lang='lat' dir='ltr'>u.</span> 
     </span>
    </p>

    <p class='ocr_par' dir='ltr' id='par_1_11' title="bbox 65 2345 1222 2644">
     <span class='ocr_line' id='line_1_21' title="bbox 160 2345 1222 2418; baseline 0.005 -7"><span class='ocrx_word' id='word_1_181' title='bbox 160 2345 263 2414; x_wconf 87' lang='lat' dir='ltr'>Relut.</span> <span class='ocrx_word' id='word_1_182' title='bbox 281 2347 398 2418; x_wconf 82' lang='lat' dir='ltr'>LXVI.</span> <span class='ocrx_word' id='word_1_183' title='bbox 434 2351 481 2415; x_wconf 76' lang='lat' dir='ltr'>Ad</span> <span class='ocrx_word' id='word_1_184' title='bbox 497 2353 642 2418; x_wconf 89' lang='lat' dir='ltr'>dominum</span> <span class='ocrx_word' id='word_1_185' title='bbox 660 2373 694 2416; x_wconf 91' lang='lat' dir='ltr'>ao</span> <span class='ocrx_word' id='word_1_186' title='bbox 710 2355 793 2418; x_wconf 92' lang='lat' dir='ltr'>deum</span> <span class='ocrx_word' id='word_1_187' title='bbox 809 2373 926 2416; x_wconf 88' lang='lat' dir='ltr'>curnem</span> <span class='ocrx_word' id='word_1_188' title='bbox 946 2353 1051 2416; x_wconf 87' lang='lat' dir='ltr'>lactum</span> <span class='ocrx_word' id='word_1_189' title='bbox 1068 2350 1156 2416; x_wconf 90' lang='lat' dir='ltr'>Iudas</span> <span class='ocrx_word' id='word_1_190' title='bbox 1173 2374 1222 2417; x_wconf 89' lang='lat' dir='ltr'>ao·</span> 
     </span>
     <span class='ocr_line' id='line_1_22' title="bbox 66 2451 1218 2540; baseline 0.004 -26"><span class='ocrx_word' id='word_1_191' title='bbox 66 2451 182 2531; x_wconf 85' lang='lat' dir='ltr'>cessit,</span> <span class='ocrx_word' id='word_1_192' title='bbox 206 2473 271 2516; x_wconf 87' lang='lat' dir='ltr'>cum</span> <span class='ocrx_word' id='word_1_193' title='bbox 287 2453 336 2518; x_wconf 92' lang='lat' dir='ltr'>ille</span> <span class='ocrx_word' id='word_1_194' title='bbox 349 2477 455 2540; x_wconf 93' lang='lat' dir='ltr'>corpus</span> <span class='ocrx_word' id='word_1_195' title='bbox 470 2455 628 2537; x_wconf 72' lang='lat' dir='ltr'>induissetq</span> <span class='ocrx_word' id='word_1_196' title='bbox 652 2456 786 2520; x_wconf 84' lang='lat' dir='ltr'>nlmirum</span> <span class='ocrx_word' id='word_1_197' title='bbox 802 2475 874 2518; x_wconf 84' lang='lat' dir='ltr'>vora</span> <span class='ocrx_word' id='word_1_198' title='bbox 890 2464 920 2518; x_wconf 87' lang='lat' dir='ltr'>ut</span> <span class='ocrx_word' id='word_1_199' title='bbox 935 2455 1117 2518; x_wconf 88' lang='lat' dir='ltr'>oscularetur</span> <span class='ocrx_word' id='word_1_200' title='bbox 1129 2454 1218 2534; x_wconf 88' lang='lat' dir='ltr'>lubin,</span> 
     </span>
     <span class='ocr_line' id='line_1_23' title="bbox 65 2556 1139 2644; baseline 0.004 -28"><span class='ocrx_word' id='word_1_201' title='bbox 65 2575 133 2616; x_wconf 90' lang='lat' dir='ltr'>non</span> <span class='ocrx_word' id='word_1_202' title='bbox 155 2575 229 2637; x_wconf 89' lang='lat' dir='ltr'>qnae</span> <span class='ocrx_word' id='word_1_203' title='bbox 251 2556 392 2622; x_wconf 88' lang='lat' dir='ltr'>eiusmodi</span> <span class='ocrx_word' id='word_1_204' title='bbox 414 2560 555 2624; x_wconf 86' lang='lat' dir='ltr'>duntaxat</span> <span class='ocrx_word' id='word_1_205' title='bbox 577 2569 749 2644; x_wconf 87' lang='lat' dir='ltr'>apparerent</span> <span class='ocrx_word' id='word_1_206' title='bbox 771 2579 805 2622; x_wconf 86' lang='lat' dir='ltr'>ac</span> <span class='ocrx_word' id='word_1_207' title='bbox 827 2558 1005 2622; x_wconf 86' lang='lat' dir='ltr'>ludilicareut</span> <span class='ocrx_word' id='word_1_208' title='bbox 1026 2558 1139 2621; x_wconf 85' lang='lat' dir='ltr'>oculos.</span> 
     </span>
    </p>

    <p class='ocr_par' dir='ltr' id='par_1_12' title="bbox 65 2653 1330 2848">
     <span class='ocr_line' id='line_1_24' title="bbox 157 2653 1330 2745; baseline 0.005 -25"><span class='ocrx_word' id='word_1_209' title='bbox 157 2653 259 2720; x_wconf 90' lang='lat' dir='ltr'>Scbol.</span> <span class='ocrx_word' id='word_1_210' title='bbox 278 2655 409 2724; x_wconf 83' lang='lat' dir='ltr'>LXVII.</span> <span class='ocrx_word' id='word_1_211' title='bbox 445 2660 563 2725; x_wconf 77' lang='lat' dir='ltr'>Recidit</span> <span class='ocrx_word' id='word_1_212' title='bbox 584 2662 611 2724; x_wconf 93' lang='lat' dir='ltr'>id</span> <span class='ocrx_word' id='word_1_213' title='bbox 632 2660 705 2744; x_wconf 93' lang='lat' dir='ltr'>quud</span> <span class='ocrx_word' id='word_1_214' title='bbox 728 2657 853 2724; x_wconf 85' lang='lat' dir='ltr'>aPetru</span> <span class='ocrx_word' id='word_1_215' title='bbox 871 2671 984 2745; x_wconf 85' lang='lat' dir='ltr'>gestum</span> <span class='ocrx_word' id='word_1_216' title='bbox 1002 2661 1123 2740; x_wconf 91' lang='lat' dir='ltr'>dicitur,</span> <span class='ocrx_word' id='word_1_217' title='bbox 1154 2681 1217 2726; x_wconf 87' lang='lat' dir='ltr'>cum</span> <span class='ocrx_word' id='word_1_218' title='bbox 1231 2677 1330 2726; x_wconf 79' lang='lat' dir='ltr'>susan.</span> 
     </span>
     <span class='ocr_line' id='line_1_25' title="bbox 65 2757 661 2848; baseline 0.007 -26"><span class='ocrx_word' id='word_1_219' title='bbox 65 2757 236 2842; x_wconf 82' lang='lat' dir='ltr'>percussit,</span> <span class='ocrx_word' id='word_1_220' title='bbox 260 2771 290 2824; x_wconf 88' lang='lat' dir='ltr'>et</span> <span class='ocrx_word' id='word_1_221' title='bbox 311 2762 470 2848; x_wconf 82' lang='lat' dir='ltr'>amputauit</span> <span class='ocrx_word' id='word_1_222' title='bbox 491 2763 661 2826; x_wconf 88' lang='lat' dir='ltr'>auriculam.</span> 
     </span>
    </p>

    <p class='ocr_par' dir='ltr' id='par_1_13' title="bbox 63 2859 1217 3559">
     <span class='ocr_line' id='line_1_26' title="bbox 157 2859 1217 2954; baseline 0.007 -30"><span class='ocrx_word' id='word_1_223' title='bbox 157 2860 259 2926; x_wconf 86' lang='lat' dir='ltr'>Relut.</span> <span class='ocrx_word' id='word_1_224' title='bbox 278 2859 409 2928; x_wconf 88' lang='lat' dir='ltr'>LXVII.</span> <span class='ocrx_word' id='word_1_225' title='bbox 444 2863 584 2948; x_wconf 80' lang='lat' dir='ltr'>Quamvis</span> <span class='ocrx_word' id='word_1_226' title='bbox 604 2876 635 2928; x_wconf 88' lang='lat' dir='ltr'>ut</span> <span class='ocrx_word' id='word_1_227' title='bbox 652 2864 754 2928; x_wconf 87' lang='lat' dir='ltr'>bonosi</span> <span class='ocrx_word' id='word_1_228' title='bbox 770 2862 851 2928; x_wconf 88' lang='lat' dir='ltr'>Petri</span> <span class='ocrx_word' id='word_1_229' title='bbox 868 2865 1051 2945; x_wconf 80' lang='lat' dir='ltr'>consuleret,</span> <span class='ocrx_word' id='word_1_230' title='bbox 1081 2887 1217 2954; x_wconf 85' lang='lat' dir='ltr'>suppres-</span> 
     </span>
     <span class='ocr_line' id='line_1_27' title="bbox 65 2963 1217 3052; baseline 0.006 -26"><span class='ocrx_word' id='word_1_231' title='bbox 65 2963 147 3026; x_wconf 89' lang='lat' dir='ltr'>sisse</span> <span class='ocrx_word' id='word_1_232' title='bbox 163 2964 216 3026; x_wconf 88' lang='lat' dir='ltr'>ista</span> <span class='ocrx_word' id='word_1_233' title='bbox 234 2965 377 3044; x_wconf 86' lang='lat' dir='ltr'>videatur,</span> <span class='ocrx_word' id='word_1_234' title='bbox 402 2967 456 3031; x_wconf 90' lang='lat' dir='ltr'>boc</span> <span class='ocrx_word' id='word_1_235' title='bbox 472 2969 534 3052; x_wconf 89' lang='lat' dir='ltr'>ipsu</span> <span class='ocrx_word' id='word_1_236' title='bbox 552 2977 646 3030; x_wconf 88' lang='lat' dir='ltr'>tamen</span> <span class='ocrx_word' id='word_1_237' title='bbox 664 2969 737 3052; x_wconf 93' lang='lat' dir='ltr'>quod</span> <span class='ocrx_word' id='word_1_238' title='bbox 753 2987 857 3030; x_wconf 85' lang='lat' dir='ltr'>revera</span> <span class='ocrx_word' id='word_1_239' title='bbox 873 2978 986 3051; x_wconf 86' lang='lat' dir='ltr'>gastum</span> <span class='ocrx_word' id='word_1_240' title='bbox 1002 2979 1049 3032; x_wconf 92' lang='lat' dir='ltr'>est</span> <span class='ocrx_word' id='word_1_241' title='bbox 1063 2980 1092 3032; x_wconf 84' lang='lat' dir='ltr'>et</span> <span class='ocrx_word' id='word_1_242' title='bbox 1107 2970 1143 3032; x_wconf 88' lang='lat' dir='ltr'>nd</span> <span class='ocrx_word' id='word_1_243' title='bbox 1159 2969 1217 3033; x_wconf 87' lang='lat' dir='ltr'>sal-</span> 
     </span>
     <span class='ocr_line' id='line_1_28' title="bbox 64 3065 1215 3155; baseline 0.006 -28"><span class='ocrx_word' id='word_1_244' title='bbox 64 3065 181 3128; x_wconf 88' lang='lat' dir='ltr'>vatoris</span> <span class='ocrx_word' id='word_1_245' title='bbox 203 3067 292 3131; x_wconf 91' lang='lat' dir='ltr'>decus</span> <span class='ocrx_word' id='word_1_246' title='bbox 314 3069 494 3153; x_wconf 77' lang='lat' dir='ltr'>gloriansque</span> <span class='ocrx_word' id='word_1_247' title='bbox 517 3069 659 3155; x_wconf 86' lang='lat' dir='ltr'>pertinet,</span> <span class='ocrx_word' id='word_1_248' title='bbox 690 3068 836 3132; x_wconf 87' lang='lat' dir='ltr'>occultare</span> <span class='ocrx_word' id='word_1_249' title='bbox 858 3081 980 3134; x_wconf 86' lang='lat' dir='ltr'>conatus</span> <span class='ocrx_word' id='word_1_250' title='bbox 1001 3080 1058 3134; x_wconf 88' lang='lat' dir='ltr'>est.</span> <span class='ocrx_word' id='word_1_251' title='bbox 1105 3069 1215 3135; x_wconf 88' lang='lat' dir='ltr'>Verum</span> 
     </span>
     <span class='ocr_line' id='line_1_29' title="bbox 65 3167 1214 3253; baseline 0.005 -23"><span class='ocrx_word' id='word_1_252' title='bbox 65 3167 274 3231; x_wconf 88' lang='lat' dir='ltr'>nihilomnino</span> <span class='ocrx_word' id='word_1_253' title='bbox 290 3171 422 3253; x_wconf 76' lang='lat' dir='ltr'>perfecit.</span> <span class='ocrx_word' id='word_1_254' title='bbox 467 3169 545 3234; x_wconf 89' lang='lat' dir='ltr'>Nam</span> <span class='ocrx_word' id='word_1_255' title='bbox 563 3170 618 3235; x_wconf 90' lang='lat' dir='ltr'>etsi</span> <span class='ocrx_word' id='word_1_256' title='bbox 634 3172 683 3236; x_wconf 88' lang='lat' dir='ltr'>illo</span> <span class='ocrx_word' id='word_1_257' title='bbox 700 3171 875 3234; x_wconf 85' lang='lat' dir='ltr'>mentionem</span> <span class='ocrx_word' id='word_1_258' title='bbox 892 3171 976 3236; x_wconf 89' lang='lat' dir='ltr'>buius</span> <span class='ocrx_word' id='word_1_259' title='bbox 993 3173 1034 3236; x_wconf 89' lang='lat' dir='ltr'>rei</span> <span class='ocrx_word' id='word_1_260' title='bbox 1045 3174 1214 3253; x_wconf 84' lang='lat' dir='ltr'>sustulerit,</span> 
     </span>
     <span class='ocr_line' id='line_1_30' title="bbox 64 3269 1216 3359; baseline 0.008 -28"><span class='ocrx_word' id='word_1_261' title='bbox 64 3270 113 3332; x_wconf 92' lang='lat' dir='ltr'>dei</span> <span class='ocrx_word' id='word_1_262' title='bbox 134 3279 230 3333; x_wconf 70' lang='lat' dir='ltr'>umen</span> <span class='ocrx_word' id='word_1_263' title='bbox 247 3269 384 3336; x_wconf 86' lang='lat' dir='ltr'>miracula</span> <span class='ocrx_word' id='word_1_264' title='bbox 401 3275 616 3359; x_wconf 86' lang='lat' dir='ltr'>cognoscimus.</span> <span class='ocrx_word' id='word_1_265' title='bbox 663 3273 804 3337; x_wconf 76' lang='lat' dir='ltr'>Abscissa</span> <span class='ocrx_word' id='word_1_266' title='bbox 818 3272 908 3358; x_wconf 87' lang='lat' dir='ltr'>igitur</span> <span class='ocrx_word' id='word_1_267' title='bbox 920 3275 1048 3339; x_wconf 87' lang='lat' dir='ltr'>auricula</span> <span class='ocrx_word' id='word_1_268' title='bbox 1065 3297 1130 3340; x_wconf 89' lang='lat' dir='ltr'>eam</span> <span class='ocrx_word' id='word_1_269' title='bbox 1147 3277 1216 3340; x_wconf 90' lang='lat' dir='ltr'>sub·</span> 
     </span>
     <span class='ocr_line' id='line_1_31' title="bbox 63 3370 1216 3462; baseline 0.008 -29"><span class='ocrx_word' id='word_1_270' title='bbox 63 3370 136 3434; x_wconf 89' lang='lat' dir='ltr'>iude</span> <span class='ocrx_word' id='word_1_271' title='bbox 152 3371 286 3462; x_wconf 84' lang='lat' dir='ltr'>dpoaiuus</span> <span class='ocrx_word' id='word_1_272' title='bbox 304 3375 450 3460; x_wconf 86' lang='lat' dir='ltr'>accipiens</span> <span class='ocrx_word' id='word_1_273' title='bbox 467 3377 496 3440; x_wconf 87' lang='lat' dir='ltr'>in</span> <span class='ocrx_word' id='word_1_274' title='bbox 513 3377 656 3460; x_wconf 87' lang='lat' dir='ltr'>integrum</span> <span class='ocrx_word' id='word_1_275' title='bbox 673 3376 817 3455; x_wconf 89' lang='lat' dir='ltr'>restituit,</span> <span class='ocrx_word' id='word_1_276' title='bbox 840 3386 872 3440; x_wconf 93' lang='lat' dir='ltr'>ut</span> <span class='ocrx_word' id='word_1_277' title='bbox 886 3379 969 3440; x_wconf 92' lang='lat' dir='ltr'>deum</span> <span class='ocrx_word' id='word_1_278' title='bbox 989 3397 1022 3442; x_wconf 89' lang='lat' dir='ltr'>se</span> <span class='ocrx_word' id='word_1_279' title='bbox 1040 3398 1106 3442; x_wconf 88' lang='lat' dir='ltr'>esse</span> <span class='ocrx_word' id='word_1_280' title='bbox 1121 3399 1156 3442; x_wconf 88' lang='lat' dir='ltr'>ac</span> <span class='ocrx_word' id='word_1_281' title='bbox 1173 3379 1216 3442; x_wconf 90' lang='lat' dir='ltr'>di·</span> 
     </span>
     <span class='ocr_line' id='line_1_32' title="bbox 65 3474 622 3559; baseline 0.011 -23"><span class='ocrx_word' id='word_1_282' title='bbox 65 3474 168 3538; x_wconf 89' lang='lat' dir='ltr'>viuum</span> <span class='ocrx_word' id='word_1_283' title='bbox 191 3495 264 3559; x_wconf 91' lang='lat' dir='ltr'>opus</span> <span class='ocrx_word' id='word_1_284' title='bbox 287 3475 412 3541; x_wconf 88' lang='lat' dir='ltr'>edidisse</span> <span class='ocrx_word' id='word_1_285' title='bbox 435 3489 622 3542; x_wconf 85' lang='lat' dir='ltr'>monstraret.</span> 
     </span>
    </p>

    <p class='ocr_par' dir='ltr' id='par_1_14' title="bbox 63 3573 1326 3767">
     <span class='ocr_line' id='line_1_33' title="bbox 152 3573 1326 3666; baseline 0.009 -26"><span class='ocrx_word' id='word_1_286' title='bbox 152 3573 253 3640; x_wconf 87' lang='lat' dir='ltr'>Scbul.</span> <span class='ocrx_word' id='word_1_287' title='bbox 274 3575 420 3642; x_wconf 85' lang='lat' dir='ltr'>LXVIII.</span> <span class='ocrx_word' id='word_1_288' title='bbox 454 3585 494 3642; x_wconf 82' lang='lat' dir='ltr'>Et</span> <span class='ocrx_word' id='word_1_289' title='bbox 512 3586 563 3663; x_wconf 83' lang='lat' dir='ltr'>qul</span> <span class='ocrx_word' id='word_1_290' title='bbox 575 3583 704 3644; x_wconf 87' lang='lat' dir='ltr'>tenebunt</span> <span class='ocrx_word' id='word_1_291' title='bbox 719 3584 874 3644; x_wconf 76' lang='lat' dir='ltr'>illudebant</span> <span class='ocrx_word' id='word_1_292' title='bbox 888 3587 1046 3660; x_wconf 74' lang='lat' dir='ltr'>cnedemer,</span> <span class='ocrx_word' id='word_1_293' title='bbox 1071 3597 1101 3648; x_wconf 88' lang='lat' dir='ltr'>et</span> <span class='ocrx_word' id='word_1_294' title='bbox 1109 3609 1212 3666; x_wconf 85' lang='lat' dir='ltr'>percu·</span> <span class='ocrx_word' id='word_1_295' title='bbox 1225 3605 1281 3652; x_wconf 78' lang='lat' dir='ltr'>ltro.</span> <span class='ocrx_word' id='word_1_296' title='bbox 1294 3609 1326 3653; x_wconf 83' lang='lat' dir='ltr'>aa.</span> 
     </span>
     <span class='ocr_line' id='line_1_34' title="bbox 63 3681 967 3767; baseline 0.01 -27"><span class='ocrx_word' id='word_1_297' title='bbox 63 3683 167 3740; x_wconf 82' lang='lat' dir='ltr'>tr&#39;entes</span> <span class='ocrx_word' id='word_1_298' title='bbox 188 3681 332 3753; x_wconf 74' lang='lat' dir='ltr'>dibebant,</span> <span class='ocrx_word' id='word_1_299' title='bbox 357 3686 524 3763; x_wconf 78' lang='lat' dir='ltr'>Propdeta&#39;zu</span> <span class='ocrx_word' id='word_1_300' title='bbox 546 3688 608 3764; x_wconf 82' lang='lat' dir='ltr'>quis</span> <span class='ocrx_word' id='word_1_301' title='bbox 629 3696 674 3745; x_wconf 86' lang='lat' dir='ltr'>est</span> <span class='ocrx_word' id='word_1_302' title='bbox 692 3690 744 3766; x_wconf 74' lang='lat' dir='ltr'>qua·</span> <span class='ocrx_word' id='word_1_303' title='bbox 762 3697 789 3748; x_wconf 87' lang='lat' dir='ltr'>te</span> <span class='ocrx_word' id='word_1_304' title='bbox 804 3691 967 3767; x_wconf 76' lang='lat' dir='ltr'>percussit?</span> 
     </span>
    </p>

    <p class='ocr_par' dir='ltr' id='par_1_15' title="bbox 150 3777 1210 3873">
     <span class='ocr_line' id='line_1_35' title="bbox 150 3777 1210 3873; baseline 0.013 -30"><span class='ocrx_word' id='word_1_305' title='bbox 150 3777 254 3844; x_wconf 85' lang='lat' dir='ltr'>Relut.</span> <span class='ocrx_word' id='word_1_306' title='bbox 270 3779 417 3846; x_wconf 85' lang='lat' dir='ltr'>LXVIII.</span> <span class='ocrx_word' id='word_1_307' title='bbox 446 3783 528 3848; x_wconf 85' lang='lat' dir='ltr'>Ilaec</span> <span class='ocrx_word' id='word_1_308' title='bbox 542 3785 649 3864; x_wconf 89' lang='lat' dir='ltr'>omnia,</span> <span class='ocrx_word' id='word_1_309' title='bbox 668 3791 874 3866; x_wconf 83' lang='lat' dir='ltr'>Qua&#39;tenebnnt,</span> <span class='ocrx_word' id='word_1_310' title='bbox 893 3801 922 3852; x_wconf 86' lang='lat' dir='ltr'>et</span> <span class='ocrx_word' id='word_1_311' title='bbox 934 3794 1104 3854; x_wconf 74' lang='lat' dir='ltr'>illudebant:</span> <span class='ocrx_word' id='word_1_312' title='bbox 1129 3793 1210 3873; x_wconf 86' lang='lat' dir='ltr'>ilem,</span> 
     </span>
    </p>

    <p class='ocr_par' dir='ltr' id='par_1_16' title="bbox 63 3885 1212 4458">
     <span class='ocr_line' id='line_1_36' title="bbox 64 3885 1209 3976; baseline 0.01 -30"><span class='ocrx_word' id='word_1_313' title='bbox 64 3885 188 3946; x_wconf 84' lang='lat' dir='ltr'>Caedere</span> <span class='ocrx_word' id='word_1_314' title='bbox 206 3896 235 3945; x_wconf 89' lang='lat' dir='ltr'>et</span> <span class='ocrx_word' id='word_1_315' title='bbox 253 3897 417 3965; x_wconf 82' lang='lat' dir='ltr'>percutere:</span> <span class='ocrx_word' id='word_1_316' title='bbox 447 3899 493 3964; x_wconf 88' lang='lat' dir='ltr'>et,</span> <span class='ocrx_word' id='word_1_317' title='bbox 516 3892 685 3970; x_wconf 79' lang='lat' dir='ltr'>Propdetr‘uu</span> <span class='ocrx_word' id='word_1_318' title='bbox 706 3892 785 3952; x_wconf 83' lang='lat' dir='ltr'>uubis</span> <span class='ocrx_word' id='word_1_319' title='bbox 805 3897 868 3976; x_wconf 82' lang='lat' dir='ltr'>puls</span> <span class='ocrx_word' id='word_1_320' title='bbox 887 3905 931 3956; x_wconf 83' lang='lat' dir='ltr'>eet</span> <span class='ocrx_word' id='word_1_321' title='bbox 949 3899 1001 3975; x_wconf 85' lang='lat' dir='ltr'>qui</span> <span class='ocrx_word' id='word_1_322' title='bbox 1019 3909 1046 3955; x_wconf 88' lang='lat' dir='ltr'>te</span> <span class='ocrx_word' id='word_1_323' title='bbox 1057 3903 1209 3975; x_wconf 74' lang='lat' dir='ltr'>percussit,</span> 
     </span>
     <span class='ocr_line' id='line_1_37' title="bbox 63 3986 1211 4079; baseline 0.015 -31"><span class='ocrx_word' id='word_1_324' title='bbox 63 3986 154 4064; x_wconf 89' lang='lat' dir='ltr'>baec,</span> <span class='ocrx_word' id='word_1_325' title='bbox 188 3986 322 4070; x_wconf 89' lang='lat' dir='ltr'>inquam,</span> <span class='ocrx_word' id='word_1_326' title='bbox 356 4009 413 4050; x_wconf 92' lang='lat' dir='ltr'>uon</span> <span class='ocrx_word' id='word_1_327' title='bbox 439 3990 636 4056; x_wconf 85' lang='lat' dir='ltr'>adumbratam</span> <span class='ocrx_word' id='word_1_328' title='bbox 662 3992 805 4058; x_wconf 82' lang='lat' dir='ltr'>duntaxat</span> <span class='ocrx_word' id='word_1_329' title='bbox 827 3996 952 4079; x_wconf 85' lang='lat' dir='ltr'>speciem</span> <span class='ocrx_word' id='word_1_330' title='bbox 977 3999 1125 4076; x_wconf 83' lang='lat' dir='ltr'>colerunt,</span> <span class='ocrx_word' id='word_1_331' title='bbox 1161 4002 1211 4064; x_wconf 90' lang='lat' dir='ltr'>sod</span> 
     </span>
     <span class='ocr_line' id='line_1_38' title="bbox 63 4089 1212 4184; baseline 0.012 -33"><span class='ocrx_word' id='word_1_332' title='bbox 63 4097 230 4153; x_wconf 68' lang='lat' dir='ltr'>conmotam</span> <span class='ocrx_word' id='word_1_333' title='bbox 254 4089 396 4172; x_wconf 90' lang='lat' dir='ltr'>quendam</span> <span class='ocrx_word' id='word_1_334' title='bbox 419 4111 453 4154; x_wconf 87' lang='lat' dir='ltr'>ac</span> <span class='ocrx_word' id='word_1_335' title='bbox 475 4113 645 4178; x_wconf 87' lang='lat' dir='ltr'>corpoream</span> <span class='ocrx_word' id='word_1_336' title='bbox 671 4117 865 4181; x_wconf 77' lang='lat' dir='ltr'>censuramque</span> <span class='ocrx_word' id='word_1_337' title='bbox 887 4098 1077 4164; x_wconf 84' lang='lat' dir='ltr'>substantiam</span> <span class='ocrx_word' id='word_1_338' title='bbox 1102 4102 1212 4184; x_wconf 86' lang='lat' dir='ltr'>signill-</span> 
     </span>
     <span class='ocr_line' id='line_1_39' title="bbox 64 4187 1210 4287; baseline 0.013 -35"><span class='ocrx_word' id='word_1_339' title='bbox 64 4201 142 4254; x_wconf 88' lang='lat' dir='ltr'>eant.</span> <span class='ocrx_word' id='word_1_340' title='bbox 187 4187 277 4274; x_wconf 85' lang='lat' dir='ltr'>quue</span> <span class='ocrx_word' id='word_1_341' title='bbox 292 4191 366 4256; x_wconf 88' lang='lat' dir='ltr'>adeo</span> <span class='ocrx_word' id='word_1_342' title='bbox 382 4194 535 4257; x_wconf 77' lang='lat' dir='ltr'>manifesto</span> <span class='ocrx_word' id='word_1_343' title='bbox 551 4197 644 4260; x_wconf 84' lang='lat' dir='ltr'>cuivis</span> <span class='ocrx_word' id='word_1_344' title='bbox 661 4209 796 4284; x_wconf 87' lang='lat' dir='ltr'>apparet,</span> <span class='ocrx_word' id='word_1_345' title='bbox 820 4199 934 4262; x_wconf 87' lang='lat' dir='ltr'>tametsi</span> <span class='ocrx_word' id='word_1_346' title='bbox 953 4220 1021 4284; x_wconf 88' lang='lat' dir='ltr'>prae</span> <span class='ocrx_word' id='word_1_347' title='bbox 1038 4222 1072 4264; x_wconf 86' lang='lat' dir='ltr'>ea</span> <span class='ocrx_word' id='word_1_348' title='bbox 1090 4205 1210 4287; x_wconf 87' lang='lat' dir='ltr'>quaein</span> 
     </span>
     <span class='ocr_line' id='line_1_40' title="bbox 64 4291 1209 4386; baseline 0.015 -32"><span class='ocrx_word' id='word_1_349' title='bbox 64 4304 91 4355; x_wconf 86' lang='lat' dir='ltr'>le</span> <span class='ocrx_word' id='word_1_350' title='bbox 114 4301 161 4355; x_wconf 87' lang='lat' dir='ltr'>est</span> <span class='ocrx_word' id='word_1_351' title='bbox 182 4291 269 4355; x_wconf 91' lang='lat' dir='ltr'>animi</span> <span class='ocrx_word' id='word_1_352' title='bbox 290 4293 446 4374; x_wconf 86' lang='lat' dir='ltr'>caecitate,</span> <span class='ocrx_word' id='word_1_353' title='bbox 477 4293 609 4376; x_wconf 80' lang='lat' dir='ltr'>blancio,</span> <span class='ocrx_word' id='word_1_354' title='bbox 642 4301 822 4386; x_wconf 89' lang='lat' dir='ltr'>perspicuum</span> <span class='ocrx_word' id='word_1_355' title='bbox 844 4301 888 4366; x_wconf 90' lang='lat' dir='ltr'>dci</span> <span class='ocrx_word' id='word_1_356' title='bbox 906 4303 1057 4366; x_wconf 85' lang='lat' dir='ltr'>ueritatem</span> <span class='ocrx_word' id='word_1_357' title='bbox 1078 4305 1209 4372; x_wconf 81' lang='lat' dir='ltr'>confiteri</span> 
     </span>
     <span class='ocr_line' id='line_1_41' title="bbox 63 4394 220 4458; baseline 0 0"><span class='ocrx_word' id='word_1_358' title='bbox 63 4394 220 4458; x_wconf 86' lang='lat' dir='ltr'>detrectes.</span> 
     </span>
    </p>
   </div>
   <div class='ocr_carea' id='block_1_3' title="bbox 95 4511 611 4586">
    <p class='ocr_par' dir='ltr' id='par_1_17' title="bbox 95 4511 611 4586">
     <span class='ocr_line' id='line_1_42' title="bbox 95 4511 611 4586; baseline 0.019 -23"><span class='ocrx_word' id='word_1_359' title='bbox 95 4513 136 4564; x_wconf 81' lang='lat'>55.</span> <span class='ocrx_word' id='word_1_360' title='bbox 154 4515 236 4578; x_wconf 82' lang='lat' dir='ltr'>Supra</span> <span class='ocrx_word' id='word_1_361' title='bbox 252 4513 297 4568; x_wconf 80' lang='lat' dir='ltr'>uui</span> <span class='ocrx_word' id='word_1_362' title='bbox 312 4511 445 4578; x_wconf 72' lang='grc' dir='ltr'>τύπτοντες</span> <span class='ocrx_word' id='word_1_363' title='bbox 462 4515 545 4586; x_wconf 75' lang='grc' dir='ltr'>ἔλεγον</span> <span class='ocrx_word' id='word_1_364' title='bbox 561 4525 611 4572; x_wconf 81' lang='lat' dir='ltr'>uu</span> 
     </span>
    </p>
   </div>
   <div class='ocr_carea' id='block_1_4' title="bbox 0 0 1502 5024">
    <p class='ocr_par' dir='ltr' id='par_1_18' title="bbox 0 0 1502 5024">
     <span class='ocr_line' id='line_1_43' title="bbox 0 0 1502 5024; baseline 0 0"><span class='ocrx_word' id='word_1_365' title='bbox 0 0 1502 5024; x_wconf 95' lang='lat' dir='ltr'> </span> 
     </span>
    </p>
   </div>
  </div>
 </body>
</html>
