3036 4998
393 324 528 376 Pnttntttt
545 324 607 376 Lttt.
622 327 641 376 l.
658 327 739 378 Tott.
753 327 784 378 ll.
808 327 906 379 nnus.
923 327 1021 379 XXXl.
1215 317 1275 380 ³45

129 445 295 510 vehementi
310 445 399 510 animi
414 467 524 531 angore
538 465 572 509 eo
586 445 699 511 consilii
715 446 813 532 inopia
829 447 987 532 proeditam
1002 447 1110 512 sudore
1124 467 1288 526 monnsse„

131 547 180 614 En
198 571 255 634 qun
269 569 452 632 consequeus
468 559 515 614 cst
531 549 650 614 lontiom
668 569 701 613 no
712 549 859 613 domiuum
876 549 1017 634 liquores,
1033 571 1067 616 ac
1079 551 1104 614 si
1117 552 1183 636 quid
1200 549 1276 614 aliud

130 662 176 718 est
189 651 328 717 dulcioris
345 671 450 736 aquae,
469 651 585 714 minime
601 673 640 715 ex
656 652 720 716 eius
734 653 871 738 lacrymis
885 651 1017 716 lusisse.
1051 651 1106 716 Est
1119 653 1195 716 enim
1211 673 1276 739 per-

129 755 297 834 absurdum,
322 777 387 820 com
405 774 461 818 una
474 754 656 840 simplexque
672 756 711 818 sit
725 755 919 840 lacrymarum
936 755 1070 838 qualitas,
1095 756 1203 820 salsum
1218 776 1275 819 non

129 859 226 922 minus
240 859 389 922 humorem
405 877 490 942 quam
504 857 615 922 dulcem
630 858 665 922 ad
679 858 799 920 eundem
813 857 955 941 originem
968 858 1092 936 reterre,
1108 880 1173 922 eum
1188 857 1277 922 multo

130 961 168 1024 sit
181 959 376 1044 probabilius,
401 962 538 1046 quasdam
555 981 571 1024 e
587 960 723 1046 lacrymis
739 979 846 1044 aquas,
871 980 888 1022 e
906 961 1011 1023 sudore
1028 961 1099 1024 alias
1117 959 1274 1024 excitatas.

130 1061 170 1126 Et
187 1063 321 1147 quoniam
340 1061 449 1127 calidne
467 1083 582 1148 quoquo
600 1063 704 1127 alicubi
723 1073 808 1140 sunt,
833 1073 863 1125 et
875 1061 992 1142 scidae,
1017 1063 1169 1126 ridendum
1188 1083 1275 1148 porro

130 1166 198 1250 quid
215 1187 306 1250 ageos
320 1165 379 1245 illa,
404 1185 497 1249 quave
512 1187 551 1229 ex
568 1177 661 1251 parte,
685 1164 847 1230 istiusmodi
862 1185 951 1248 aquas
967 1165 1137 1250 profuderit.
1184 1163 1276 1230 'l'nles

131 1269 208 1332 enim
227 1268 428 1353 quaestionum
447 1287 560 1352 nugae,
592 1269 673 1332 velut
694 1267 854 1352 dignissimi
879 1268 988 1331 lructus
1010 1266 1124 1332 illorum
1148 1267 1276 1332 inventis

131 1371 367 1457 argumentisque
389 1381 564 1456 congruunt.

75 1461 80 1470 ’
215 1471 274 1539 Sed
292 1485 323 1538 ut
341 1475 376 1538 ad
394 1471 520 1538 blntrem
539 1472 630 1558 ipsam
648 1473 777 1552 redeam,
802 1474 898 1537 lerunt
914 1473 1003 1551 illam,
1028 1493 1092 1536 eum
1107 1473 1163 1536 iem
1179 1475 1275 1536 omnin
1288 1489 1427 1559 capxtx.

131 1575 377 1662 perturbationum
394 1597 504 1661 genera
521 1576 731 1662 percurrisset,
755 1597 844 1660 aegre
864 1577 978 1640 tandem
994 1595 1137 1639 emersum
1154 1576 1189 1639 ad
1207 1575 1276 1640 illod

131 1680 246 1756 lumen,
270 1701 359 1764 aquo
377 1679 514 1744 destituta
533 1681 645 1758 iuerat,
669 1680 850 1742 exorandum
867 1699 934 1743 sese
950 1677 1150 1758 convertisse,
1174 1679 1276 1742 videli-

131 1793 178 1846 cet
194 1778 357 1847 Christum.
402 1779 431 1848 ls
449 1785 478 1846 iu
495 1779 630 1847 Pleroma
648 1783 866 1860 conscendens,
897 1802 932 1844 ao
951 1781 1128 1845 descendere
1146 1782 1208 1866 ipse
1225 1782 1276 1846 dc-

131 1905 190 1950 nuo
210 1896 366 1969 gravatus,
391 1885 530 1949 vicarium
548 1886 603 1950 sibi
620 1883 804 1948 Paracletum
822 1883 971 1964 submisit,
996 1905 1080 1968 qoem
1097 1894 1127 1947 et
1143 1881 1277 1948 Salvato-

130 2009 193 2052 rem
215 1999 339 2066 vocant,
370 2009 434 2052 cum
457 1987 551 2052 omnis
573 1989 603 2052 in
620 1989 713 2074 ipsum
731 1988 777 2050 vis
792 1997 873 2052 esset
891 1999 1050 2071 congesta,
1081 1986 1278 2071 universaque

131 2091 262 2155 ciusdem
280 2092 416 2176 potestati
435 2101 492 2155 tam
512 2113 529 2156 a
546 2089 635 2154 Patre
652 2111 737 2174 quam
754 2090 790 2153 ab
802 2089 957 2153 ¹Aeooibus
974 2089 1148 2167 commissa,
1180 2099 1211 2154 ot
1227 2109 1279 2174 per

130 2194 223 2279 ipsum
239 2203 296 2257 tem
312 2215 386 2278 quoe
401 2194 492 2257 videri
507 2193 599 2257 oculis
613 2203 733 2278 possent
746 2213 830 2277 quum
845 2212 919 2276 quae
934 2193 1025 2256 eciem
1038 2192 1202 2276 ellugercnt
1214 2188 1278 2254 uni·

130 2317 219 2362 versa
236 2295 431 2360 conderentur
445 2295 578 2361 nimirum
596 2293 722 2374 l'broni,
742 2293 932 2371 Divinitates,
950 2291 1184 2358 [inminutiones.
1216 2293 1277 2358 nc·
1290 2317 1378 2363 osten.

130 2409 285 2464 cesserunt
303 2409 332 2462 et
349 2396 500 2463 Paracleto
519 2399 641 2462 comites
656 2397 791 2482 aequales
808 2398 885 2461 illins
902 2397 1021 2482 Angeli.
1067 2397 1113 2460 nt
1129 2397 1211 2460 cuius
1227 2397 1278 2460 ad·
1304 2373 1323 2427 ¹³
1338 2373 1368 2415 η

131 2513 251 2566 ventum
270 2501 433 2566 Achamoth
454 2501 564 2586 pudore
586 2503 703 2586 perlusa
728 2500 814 2586 capiti
836 2500 931 2564 velum
955 2499 1087 2563 obduxit.
1133 2498 1212 2564 Τιιιιι
1230 2499 1279 2563 ubi
1320 2485 1327 2506 ⁸

129 2604 210 2669 illum
230 2625 294 2668 cum
313 2605 390 2668 ororri
407 2625 461 2668 suo
479 2614 622 2688 proventu
640 2605 810 2688 conspexit,
835 2623 873 2666 ex
891 2603 974 2666 buius
991 2601 1155 2686 praesentia
1174 2603 1279 2665 contir-

130 2717 208 2771 mate
225 2707 260 2771 ad
276 2727 341 2770 eum
356 2705 492 2770 accurrit.
531 2705 632 2790 Aquo
647 2705 796 2770 elaborata
812 2716 841 2768 st
855 2705 946 2768 efficto
962 2725 1026 2767 cunr
1042 2705 1162 2768 lormom
1179 2705 1280 2789 cogni·

130 2810 238 2890 tionis,
271 2819 329 2872 tum
347 2810 434 2872 animi
452 2808 618 2872 morborum
638 2809 763 2872 omnium
783 2807 912 2871 remedia
930 2807 1070 2892 percepit.
1116 2805 1200 2891 Quos
1216 2808 1279 2892 qui-

130 2913 196 2976 dem
213 2912 331 2976 morbos
345 2911 385 2975 ita
400 2911 448 2974 ille
464 2913 603 2990 secrevit,
621 2921 653 2975 ut
666 2933 723 2974 non
740 2911 855 2996 penitus
870 2909 1042 2993 negligeret.
1080 2906 1185 2993 Neque
1202 2910 1278 2974 enim

128 3014 211 3079 velut
228 3013 335 3099 prioris
352 3013 428 3078 illius
444 3014 534 3078 deleri
552 3014 679 3078 luoditns
697 3022 847 3098 poterant,
872 3011 946 3095 quod
965 3031 1019 3074 usu
1035 3011 1195 3074 conlirmati
1214 3032 1279 3075 cor·

127 3117 318 3202 roboratique
337 3119 393 3181 ianr
414 3116 630 3181 ocoalluissent.
676 3115 757 3200 Ergo
776 3115 841 3178 illos
858 3125 990 3178 secretos
1009 3113 1140 3176 contudit
1157 3135 1191 3178 ac
1208 3114 1279 3177 tlen-

127 3219 208 3285 savit
232 3229 262 3282 et
282 3221 318 3282 ab
337 3229 459 3304 experte
477 3217 608 3304 corporis
626 3220 782 3282 allectione
804 3219 833 3281 in
853 3237 1023 3302 corpoream
1040 3216 1190 3280 motorium
1209 3237 1279 3279 con·

125 3323 229 3387 vertit.
276 3319 390 3386 Deinde
411 3332 542 3385 naturam
562 3321 665 3384 indidit
682 3321 874 3404 idoneamque
894 3321 979 3398 lecit,
1010 3329 1041 3382 ut
1057 3319 1175 3383 conlluri
1192 3331 1278 3403 atque

126 3425 281 3510 corporari
303 3435 402 3509 posset
424 3433 599 3508 naturasque
617 3424 689 3488 duos
706 3425 849 3500 efficeret,
878 3423 997 3485 alterum
1016 3421 1200 3485 affectionum
1218 3443 1278 3484 ma-

125 3530 199 3606 lam,
225 3526 427 3592 conversionis
443 3528 576 3605 alteram,
600 3545 721 3610 eamque
737 3524 953 3611 perturbatione
969 3524 1140 3609 praeditam.
1181 3522 1277 3608 Quam

125 3632 163 3695 ob
183 3649 319 3693 caussam
336 3625 500 3708 Sulcatori,
524 3629 550 3722 qi
567 3629 624 3691 vim
643 3628 800 3692 functionis
813 3627 890 3694 illios
907 3626 1093 3704 consideres,
1119 3627 1278 3692 conditoris

123 3743 226 3820 partes
243 3731 414 3795 attribuunt.
460 3727 520 3794 lam
536 3729 697 3795 Aclromotb
714 3732 750 3796 ab
765 3729 842 3794 omni
859 3729 1075 3815 perturbatione
1089 3728 1191 3808 libera,
1213 3749 1276 3793 oum

122 3834 286 3913 luminum,
317 3853 391 3918 quae
409 3855 473 3898 cum
491 3833 554 3920 ipso
572 3845 672 3912 erant,
698 3835 751 3898 boc
767 3845 811 3897 cst
830 3831 966 3896 comitum
985 3832 1183 3916 Angelorum,
1207 3851 1277 3896 con-

122 3935 345 4024 templationem
362 3957 425 4000 cum
443 3935 553 4020 ingenti
570 3935 676 4021 gaudio
694 3935 895 4022 concepisset,
920 3946 1006 4020 atquc
1024 3935 1058 3998 ed
1074 3934 1188 3998 illorum
1207 3955 1277 3998 oon·

120 4179 152 4215 τα
169 4151 196 4214 δ’
211 4151 379 4224 scirebourne,
395 4165 420 4208 nt
434 4161 597 4211 extotr'ncett.
611 4174 687 4211 mnn-
721 4168 747 4208 et
768 4157 919 4226 congelasse.
952 4157 997 4212 τοῦ
1021 4155 1126 4227 συγχέαι
1132 4195 1141 4224 ,
1167 4159 1189 4207 b.
1205 4171 1223 4207 r.
1244 4159 1277 4208 od

146 4235 179 4280 ts.
719 4229 920 4278 commiscendum.

154 4295 184 4348 6.
203 4297 241 4346 llo
253 4297 360 4358 rescripsi
373 4309 422 4346 naec
432 4297 541 4358 periculo.
566 4297 632 4346 Libri
643 4297 686 4346 llu-
753 4295 776 4347 7.
795 4293 992 4360 εἰςιιεπσιηκέναι
1008 4298 1058 4346 cod.
1076 4298 1129 4346 Ven.

119 4369 175 4415 trent
191 4361 365 4432 quietissimi
382 4359 492 4432 συγχέαι
527 4365 624 4425 utrum,
641 4367 685 4415 Pe·
752 4363 776 4414 8.
795 4365 838 4415 τοῦ
856 4361 953 4424 aribone
968 4367 1020 4414 cod.
1037 4367 1090 4414 Ven.

118 4435 202 4484 tocius
222 4435 309 4494 otiique
330 4433 484 4494 reponendum
503 4432 619 4482 ducemur
634 4449 684 4500 pto
752 4428 775 4481 9.
794 4427 839 4484 criu
853 4427 923 4500 αὐτῷ
937 4435 1029 4495 Bittius,
1043 4433 1275 4496 Mossuctusclr'lqur,

117 4501 167 4620 llll
178 4497 685 4636 simgtult’tercoullpnlllllitolno!lollilitislllllsesaet
717 4501 843 4551 amdam
862 4501 908 4550 th.
925 4503 1021 4562 mm
