3018 4994
383 302 516 355 rausnu
534 302 597 353 ura.
611 302 631 353 1.
646 301 726 354 sou.
740 303 785 352 ru.
801 301 900 352 esua.
914 301 1039 352 xxxiv.
1221 289 1282 353 457

306 429 362 487 Per
384 435 411 486 te
430 425 544 486 rebedd‘s
564 427 659 505 qualia
680 427 849 504 aggredt‘trn·
870 441 978 484 suanus.

306 531 384 590 Haec
405 539 436 588 tu
457 529 508 588 illu
530 530 653 588 Satanae
665 529 764 608 fretus
784 528 893 587 ancilib
911 529 1005 605 potro's

306 632 501 710 Anuselrique
521 633 593 690 ruric
614 633 745 710 designas
766 649 826 708 ope,

306 737 482 794 Praecursor
502 735 556 794 olli
564 733 684 814 fraudis
704 735 733 792 in
754 752 871 811 superos
889 734 981 792 dutus.

132 833 217 898 Haec
234 835 297 920 pius
312 835 359 898 ilic
374 855 468 899 senex
484 834 601 897 cecinit.
640 831 729 897 Nunc
746 834 857 918 reliqua
874 833 994 896 istorum
1013 831 1163 918 mysteria,
1185 851 1282 914 quam·

131 936 179 998 vis
196 937 364 1020 longissima
381 937 455 1015 sint,
487 958 571 1021 qnam
591 948 693 1022 potero
708 936 881 1000 brevissime
899 945 1066 1018 pertexaru,
1098 953 1189 1016 eaque
1207 952 1282 1016 qrroo

130 1039 297 1103 iamdudum
320 1040 464 1103 occuritata
484 1041 601 1103 inerunt
619 1039 648 1102 io
669 1050 800 1123 opertum
822 1038 977 1122 proferam.
1025 1033 1076 1100 Sic
1095 1033 1171 1098 euim
1191 1035 1283 1098 omni·

131 1141 188 1205 hus
209 1142 243 1205 ad
267 1141 496 1205 convincendum
520 1153 606 1205 erunt
627 1141 773 1206 facillima.

219 1240 314 1326 igitur
329 1243 465 1308 Aeonum
480 1245 716 1329 generationem,
746 1243 988 1326 aberrantemqoe
1007 1240 1147 1327 primunr,
1179 1238 1282 1304 deindo
1300 1249 1360 1318 cop.
1377 1247 1434 1298 xit.

130 1357 333 1432 recuperatam
359 1369 444 1410 ovem
470 1348 500 1409 iu
522 1369 609 1410 unum
634 1347 844 1410 corriundsntes
867 1345 990 1431 mystice
1011 1343 1240 1428 interpretantur
1262 1342 1281 1406 ii

132 1448 182 1532 qui
200 1449 234 1510 ad
251 1469 389 1512 rrrrmeros
405 1451 541 1513 universa
557 1451 706 1529 scierunt,
730 1459 760 1512 et
775 1469 814 1512 ea
830 1445 949 1513 Unitate
964 1469 997 1510 oc
1012 1443 1133 1510 Binario
1150 1444 1282 1532 componi

131 1550 312 1614 arbitrantur
335 1553 450 1632 omnia,
482 1563 570 1636 etque
595 1553 630 1616 ab
653 1572 710 1614 uno
733 1551 767 1614 ad
790 1563 915 1634 quotuor
935 1549 1114 1613 numerando
1135 1546 1283 1632 progressi

131 1649 281 1716 Deuadem
299 1654 435 1717 efficiunt.
483 1652 577 1718 Unum
595 1655 696 1740 quippo
712 1675 745 1716 ao
760 1654 834 1730 duo,
860 1654 932 1728 tria,
956 1662 1099 1735 quotuor,
1124 1650 1208 1714 sirnul
1224 1651 1283 1712 coi·

130 1755 209 1818 lecto
228 1755 327 1818 decem
347 1755 482 1819 Aeontrm
501 1777 651 1820 numerum
670 1765 855 1842 pepererunt.
903 1752 1017 1818 Deinde
1035 1753 1164 1816 biennius
1183 1774 1235 1839 per
1251 1773 1283 1818 su

130 1858 168 1920 ad
188 1857 335 1920 senarium
355 1858 534 1944 procedens,
568 1859 774 1938 boccstduo,
807 1869 930 1942 qrratuor
949 1839 1067 1934 ots’ex,
1099 1853 1283 1920 Dodecodeur

131 1960 308 2043 composuit.
352 1960 468 2024 Rursus
491 1961 638 2025 abiurario
662 1962 763 2024 eodem
787 1960 1108 2024 modorumeraotibus
1130 1959 1283 2022 addocent

132 2082 225 2144 nsque
242 2062 359 2144 triginta
376 2064 549 2140 conflantur,
572 2066 600 2127 iu
617 2065 719 2147 quibus
736 2064 835 2128 insunt
850 2073 928 2140 octo,
952 2063 1052 2125 desem
1068 2080 1102 2124 ac
1118 2061 1280 2124 duodecim.

131 2159 182 2228 Oh
201 2163 228 2224 id
248 2161 450 2246 Dodecadem,
484 2169 558 2250 quod
575 2167 721 2230 sertorium
739 2187 889 2230 numerum
907 2165 1041 2228 concitem
1061 2162 1211 2240 notuerit,
1246 2162 1282 2224 ob

130 2267 282 2329 senorium
301 2267 380 2329 illurn
400 2265 570 2332 Passionem
588 2270 744 2354 appeliant.
792 2267 959 2350 Eademque
981 2266 1016 2330 de
1034 2287 1137 2330 caussa
1160 2287 1225 2330 curu
1248 2265 1282 2330 ad

131 2368 342 2432 duodenarium
360 2390 511 2434 rtunreruor
529 2391 614 2434 error
631 2372 829 2449 adhaesisset,
854 2371 1037 2432 aberrantem
1055 2390 1072 2431 c
1089 2389 1180 2452 grege
1198 2387 1283 2431 cveru

129 2471 248 2554 lougius
263 2471 383 2554 evagari
400 2473 551 2558 coepisss;
575 2474 709 2557 quoniam
728 2472 762 2535 ab
780 2471 966 2536 Duodeoario
980 2472 1190 2534 discessionem
1206 2470 1282 2534 iiiam

131 2583 235 2658 putant
259 2573 414 2638 occidisse.
460 2573 512 2638 Sic
535 2577 621 2638 etiam
645 2577 680 2638 ab
703 2573 893 2638 Duodcnario
916 2574 1125 2638 desciscentem
1149 2575 1284 2637 virtutem
1298 2589 1351 2636 unc
1361 2588 1394 2643 rs,
1404 2585 1425 2629 s.

131 2675 257 2762 periisse
273 2677 402 2761 tinguut3
427 2698 547 2760 eamque
563 2678 712 2742 mulierem
734 2677 810 2741 iliam
830 2699 909 2755 esse,
934 2697 1008 2760 quae
1024 2677 1130 2739 amissa
1148 2676 1284 2741 drachma

131 2779 282 2841 lucernam
299 2780 443 2858 accendit,
467 2790 552 2864 atque
568 2801 631 2842 eam
648 2781 768 2865 reperit.
814 2779 880 2844 Huc
895 2781 990 2863 itaque
1006 2789 1090 2864 pacto
1105 2779 1224 2862 reliquis
1241 2779 1285 2842 in·

131 2881 282 2958 numeris,
303 2881 332 2944 io
350 2883 483 2944 drachma
501 2883 613 2966 quidem
634 2903 751 2959 novom,
775 2883 803 2945 in
823 2903 878 2945 ore
896 2882 1040 2958 undecim,
1064 2881 1088 2944 si
1106 2881 1134 2943 iu
1151 2901 1218 2944 sese
1233 2881 1285 2944 du·

129 2991 252 3060 scotor,
276 2979 385 3046 xcix
400 2985 525 3048 efficere.
569 2983 647 3049 Nam
666 2985 768 3048 novies
785 2981 830 3048 ΧΙ
849 3005 999 3047 numerum
1019 2984 1094 3046 hune
1110 2986 1282 3068 producunt.

130 3083 233 3167 Quare
255 3093 284 3146 et
307 3085 335 3148 in
357 3107 431 3149 uoce
448 3080 541 3166 Ἀμήν
559 3089 681 3150 eundern
702 3086 824 3172 reperiri
843 3087 953 3151 dicunt.
999 3083 1058 3150 Sed
1081 3096 1111 3149 et
1128 3087 1213 3150 aliter
1228 3087 1284 3150 ista

130 3187 299 3264 declarent,
324 3188 399 3272 quod
417 3209 475 3252 non
494 3189 602 3274 pigebit
620 3209 788 3274 exponere,
814 3199 844 3252 ut
860 3190 1020 3252 cuiusmodi
1038 3189 1075 3252 sit
1092 3189 1205 3252 illorum
1225 3191 1284 3251 irso-

129 3299 196 3353 ctus
215 3309 254 3351 ex
273 3292 351 3352 omni
370 3302 451 3375 parte
469 3312 642 3374 cognosces.
688 3289 803 3354 Etenim
823 3297 843 3370 ἦ
860 3293 1034 3355 elementum
1058 3311 1121 3354 cum
1140 3291 1281 3376 episemc,

130 3388 325 3456 (detonarium
344 3413 411 3456 esse
432 3393 548 3472 volunt,
581 3394 656 3478 quod
674 3405 809 3457 ortorum
826 3414 844 3456 a
861 3393 951 3478 prima
971 3395 1054 3457 litera
1072 3394 1166 3457 locum
1183 3393 1280 3456 habet.

128 3527 214 3594 igitur,
231 3543 262 3575 eo
279 3527 345 3594 qood
360 3528 485 3595 episemoo
497 3529 609 3580 habuerit
626 3545 687 3580 con·
722 3531 770 3596 (uel
784 3525 1078 3596 σννεπακολονθησοντα)
1093 3525 1159 3598 αὐτῇ
1175 3526 1217 3583 τὸν
1231 3527 1283 3582 ἐπί·

127 3605 276 3662 sequentem
289 3596 350 3656 sibi,
369 3610 472 3664 propter
486 3598 611 3664 epist-onon
628 3617 689 3665 pas-
723 3615 803 3664 σημον
819 3597 900 3658 πάθος
918 3598 1023 3666 λέγουσι.

128 3663 226 3712 sionem
243 3674 339 3713 vocent.
374 3667 441 3716 Hune
456 3670 527 3716 secuti
543 3670 653 3718 Petcuios
669 3674 690 3717 et
754 3667 777 3719 7.
795 3684 837 3719 τον
851 3671 960 3728 rescripsi
974 3681 1003 3717 ea
1018 3671 1064 3718 Vct.
1074 3671 1170 3730 interpr.
1183 3683 1227 3730 pro
1237 3666 1281 3719 τοῦ

129 3735 215 3783 Bittius
230 3735 385 3795 scripsissent:
402 3729 445 3786 διοί
461 3731 489 3786 τί
507 3732 549 3786 τὸν
567 3733 689 3802 ἐπίσημον
722 3737 784 3798 quod
801 3737 871 3798 culpo
888 3741 958 3784 estut.

128 3797 266 3868 ἐσχηκέναι
282 3799 531 3866 σννακολουθηοαντα
548 3797 629 3870 αὐτῇ,
648 3801 690 3856 διὰ
757 3809 781 3852 u.
799 3805 864 3852 cunt
881 3805 965 3852 habent
982 3797 1128 3856 ἐπίστασιν.

128 3864 172 3922 τὸν
190 3865 311 3930 ἐπίσημον
327 3874 392 3930 cett,
415 3885 486 3932 quom
508 3873 690 3921 emendationem
756 3871 780 3922 9.
800 3869 836 3923 ἐτι
851 3875 935 3934 scripsi
950 3885 994 3934 pro
1012 3870 1052 3923 ἐπὶ
1069 3875 1131 3934 quod
1146 3874 1199 3922 trun·
1212 3887 1282 3936 prce·

128 3937 271 3998 improbauit
287 3939 395 3997 Grotius,
412 3941 449 3986 cui
464 3941 568 4000 ptueutt:
586 3935 628 3992 διὰ
645 3936 688 3992 τᾶν
723 3941 782 3988 bont.

128 4001 252 4066 ἐπίσημον
269 4003 462 4085 concepeperat,
480 4001 523 4058 διοί
538 4023 566 4058 τε
584 4023 687 4058 morenc-
758 4009 795 4058 10.
810 4007 854 4059 τοῡ
868 4010 884 4060 ᾶ
900 4001 985 4072 ὀγδόῳ
998 4007 1108 4072 κείμενον
1123 4007 1148 4060 ἐν
1162 4003 1232 4075 τόπῳ
1245 4025 1282 4060 re-

127 4070 284 4124 xotoo'sicct
300 4071 340 4130 δίς
357 4072 424 4140 αντη·
442 4069 484 4125 rio
502 4071 624 4139 ἐπίσημον
638 4079 687 4124 cett.
720 4078 803 4137 scripsi
819 4090 848 4124 es
864 4077 911 4124 Vct.
928 4077 1065 4138 interprete,
1084 4082 1105 4124 et
1124 4079 1280 4129 Pseudo-Ori-

128 4135 186 4204 Τήν
212 4127 254 4190 otiu
280 4134 419 4193 uosexdso
444 4137 486 4193 διὰ
511 4139 539 4193 τὸ
564 4139 686 4208 ἐπίσημον
719 4157 789 4205 pene,
812 4145 853 4204 qut
869 4145 951 4192 nubet:
977 4139 1026 4194 οἷπό
1045 4141 1088 4195 τοῦ
1107 4137 1175 4210 ἄλφα
1192 4139 1279 4210 ducito

128 4203 266 4274 ἐσχηκέναι
288 4209 536 4274 σονεποκολονῦῆσαν
558 4211 685 4278 (codrus.
719 4209 831 4266 κείμενον
845 4207 923 4263 τόπον.
951 4213 1078 4292 Epipnontt
1091 4213 1143 4261 liunt
1155 4199 1281 4274 praebend:

129 4269 390 4340 moenoaototsooso)
419 4271 485 4343 αὐτῇ
510 4274 539 4329 τὸ
567 4275 688 4342 ἐπίσημον
722 4271 770 4330 οἷσί
788 4280 833 4330 τοῦ
848 4267 947 4343 notiaco
962 4275 1053 4343 ογδόου
1069 4279 1181 4346 κείμενον
1194 4278 1279 4333 τόπον.

127 4339 225 4404 πάῧος,
250 4341 295 4394 καί
319 4339 361 4394 διὰ
382 4344 456 4396 τοῦτο
472 4351 521 4394 cett.
544 4351 606 4394 estut
623 4347 689 4408 opud
726 4349 770 4394 Vct.
791 4348 922 4407 interpretis
945 4350 1031 4396 umbo:
1063 4363 1117 4396 com
1143 4347 1173 4397 ab
1200 4349 1280 4413 Alphe

127 4409 364 4472 Pseudo-Oripeocnr.
398 4415 455 4461 itini
470 4415 562 4462 uidetur
575 4417 690 4476 corripen-
723 4411 798 4462 beta
812 4423 901 4464 octavo
915 4413 947 4462 sit
963 4414 1043 4480 posita
1058 4413 1115 4465 loco
1130 4419 1218 4482 corripe
1233 4421 1280 4467 ric:

127 4481 203 4528 dum:
221 4474 277 4539 Τήν
295 4467 336 4530 οὖν
352 4476 492 4533 uouendos
508 4477 551 4533 τόν
567 4477 689 4546 ἐπίσημον
725 4497 779 4530 cum
797 4481 828 4530 ob
845 4481 919 4550 alpha
936 4493 993 4532 ete
1011 4499 1035 4532 o.
1051 4499 1071 4532 s.
1088 4501 1112 4550 p.
1129 4484 1144 4534 ί.

128 4549 313 4613 σννεοχηκνῖαν
330 4544 373 4601 διὰ
394 4544 423 4601 τὸ
442 4549 691 4614 σννοπακολονσηοαι
