2986 4996
268 318 287 377 4
697 331 806 383 ΑΟΔΟΙΙ
823 333 867 385 ET
885 333 986 385 PAULI

271 441 410 526 στεύομεν
425 442 481 530 χδρ
499 443 560 526 ὅτι,
583 448 610 511 εί
624 438 697 530 ἦμεν
714 445 806 528 όίξιοι,
828 446 1003 526 α’νελθόντες
1016 474 1046 514 τε
1062 451 1112 514 καλ
1128 447 1316 530 ἀκούσαντες,
1338 453 1423 534 έστη-

271 545 415 630 ριζόμεθα
436 545 490 629 τήν
512 551 675 628 πολιτείαν,
704 549 743 632 ἣν
763 549 1007 634 προβεβλήμεθα,
1037 554 1067 616 εί
1081 553 1167 633 ἔσμεν
1187 549 1264 629 ύξιοτ
1280 550 1314 618 τό
1332 554 1425 637 τέρμα

270 647 379 729 ταύτης
394 653 576 731 καταλαβεῖν.
624 657 684 734 Τῆς
701 642 755 717 οὖν
771 649 935 736 ύρῤωστίας
949 651 1186 736 καταλαβούσης,
1221 651 1351 736 δεόμεθα
1367 660 1427 736 τῆς

269 748 413 832 τοσαύτης
435 771 489 816 σου
511 755 698 834 θεοσεβείας,
728 751 770 836 μὴ
793 752 952 844 φθονήσῃς
970 759 1146 836 μεταδοῦναι
1172 752 1273 820 ιθόπό
1295 762 1355 820 τῶν
1374 760 1424 820 δε-

271 852 449 936 δωρημένων
462 873 509 918 σοι
525 850 645 936 οἲληθοῖς
659 851 718 920 ύπδ
733 861 787 920 τοῦ
801 863 938 942 σωτῆρος.
969 852 1185 942 Ὁμολοχούμεν
1199 853 1254 943 χδρ
1273 855 1310 922 ού
1327 855 1426 939 μόνον

270 949 370 1035 η’μεῖς,
399 951 469 1018 οίλλδ
486 957 538 1020 καλ
555 953 662 1030 πάντες
677 959 708 1021 οῖ
722 953 894 1035 όκούοντες,
924 956 969 1023 ὅτι
986 961 1018 1022 ἒν
1032 956 1124 1045 ταύτη
1145 965 1182 1046 τῇ
1198 966 1281 1046 γενεᾷ
1300 960 1368 1024 νέον
1388 979 1425 1022 σε

271 1051 434 1120 ἀπόστολον
447 1053 561 1140 ἤγειρεν
576 1053 648 1138 ἡμῖν
662 1059 714 1122 καλ
729 1056 845 1142 κήρυκα
863 1056 881 1123 δ
898 1057 1080 1144 16Χριστός,
1105 1056 1245 1141 Ἰωάννην
1261 1061 1342 1138 νέον,
1368 1061 1424 1124 καλ

270 1153 426 1240 κηρύσσειν
448 1155 484 1222 τό
504 1156 679 1239 όφειλόμενα
701 1158 943 1239 17ηνυλοίσσεσθαι
960 1159 1020 1227 ύπδ
1038 1168 1098 1226 τῶν
1115 1159 1168 1227 τόν
1186 1161 1299 1246 δρόμον
1313 1168 1425 1226 τοῦτον

270 1259 523 1342 προβαλλομένων.
571 1267 632 1326 Τοῦ
647 1251 703 1325 οὖν
717 1267 820 1326 κοινοῦ
837 1258 966 1342 ύδελφοῦ
982 1265 1159 1347 Μαρκέλλου
1177 1265 1225 1328 έπλ
1241 1271 1276 1352 τῇ
1291 1261 1424 1352 τοσαύτη

271 1357 356 1448 φήμη
375 1357 541 1455 όχχομένουΙ
555 1363 606 1427 καί
621 1362 779 1444 ἑλκομένου
796 1369 832 1451 τῇ
848 1361 978 1445 ποθήσει
991 1371 1045 1446 τῆς
1059 1371 1114 1447 σῆς
1127 1369 1311 1448 θεοσεβείας,
1332 1362 1425 1440 ὄντος

268 1485 299 1524 τε
313 1463 364 1525 καλ
377 1469 429 1544 τῆς
443 1460 585 1546 ἡμετέρας
598 1461 746 1549 μύνδρας,
768 1461 860 1528 αύτόν
874 1489 903 1528 τε
918 1461 1067 1547 ύπηρέτην
1083 1464 1234 1550 ἐσχηκότες
1249 1474 1301 1550 τῆς
1314 1465 1424 1532 τοσαύ-

268 1589 320 1642 της
336 1559 424 1641 όδοδ,
455 1565 505 1628 καὶ
524 1563 740 1648 νεοκατηχήτου
760 1564 859 1644 ὄντος,
890 1567 1091 1650 ίπετρέψαμεν
1107 1565 1160 1650 τόν
1173 1568 1316 1650 τοσαύτην
1334 1565 1426 1650 ἡμῶν

269 1663 379 1744 τόλμαν
399 1671 458 1728 τοῖν
483 1661 663 1748 ἇμαρτωλοῖν
685 1663 762 1752 πρός
784 1665 837 1732 τόν
858 1665 997 1750 μαθητήν
1021 1689 1052 1732 σε
1074 1675 1127 1732 τοῦ
1150 1675 1288 1752 σωτῆρος.
1323 1669 1364 1733 Ὃ
1388 1670 1425 1734 δὲ

271 1763 423 1846 α’ξιοῦμεν,
454 1771 513 1830 τοῖν
528 1769 681 1850 ῥηθέντων
696 1790 742 1833 σοι
766 1765 842 1849 πρός
857 1794 937 1843 τινας
954 1765 1101 1849 α’δελφούς
1118 1771 1159 1844 είς
1175 1773 1309 1836 παιδείαν
1324 1770 1424 1854 δωρή-

270 1876 396 1945 σασθαι,
425 1866 498 1951 ὅπερ
518 1869 566 1932 σολ
589 1869 642 1950 μέν
661 1877 703 1958 τρῖ
724 1873 827 1958 δικαίῳ
850 1868 972 1954 οίβαρὲς,
1003 1867 1072 1952 ἡμῖν
1096 1871 1127 1936 δέ
1151 1881 1215 1947 τοῖς
1237 1869 1425 1955 ύμαρτωλοῖς

270 1973 482 2050 μεταλαβοῦσιν
503 1967 710 2054 εὐφρανθῆναι
736 1973 767 2036 έν
786 1976 889 2060 κυρίῳ.
938 1969 1170 2055 Ἐμπλησθέντες
1195 1972 1251 2058 χόρ
1279 1997 1333 2040 σου
1360 1981 1425 2040 τῶν

270 2077 474 2150 πνευματικῶν
491 2069 630 2154 βημάτων
648 2072 901 2155 ἐπικουφιζόμεθα
919 2081 978 2138 τοῖν
994 2072 1125 2156 α’νομιιῖν
1144 2072 1235 2157 ἡμῶν.
1276 2073 1423 2142 Ἠκούσα-

270 2196 322 2254 μεν
345 2171 378 2235 δὲ
396 2174 592 2252 ἐπικληθέντα
612 2170 742 2253 όνόμοτα
766 2170 825 2239 ύττό
847 2183 900 2259 τῆς
921 2181 976 2256 σῆς
996 2173 1161 2257 τιμιότητος
1181 2186 1244 2252 ταῖς
1266 2179 1423 2262 αίρέσεσιν,

271 2265 314 2338 εῖν
339 2271 461 2354 έκύστης
484 2279 646 2358 θρησκείας
668 2273 806 2357 ύξιοῦμεν
827 2275 882 2358 τὴν
902 2275 957 2359 ση“ν
978 2279 1149 2358 θεοσέβειαν
1167 2277 1330 2360 διαρρίύδην
1346 2275 1424 2361 ἡμῖν

270 2377 398 2456 δηλῶσαι
418 2373 472 2455 τὴν
495 2377 619 2459 αἳρεσιν·
650 2379 698 2458 ίση
719 2374 774 2460 χδρ
796 2373 934 2442 ύπύντων
957 2375 978 2460 ἦ
999 2377 1102 2460 δωρεύ.
1148 2383 1208 2444 Καί
1229 2403 1260 2444 σε
1281 2377 1425 2462 όξιοῦμεν

269 2473 356 2558 τύχην
374 2476 572 2559 ποιήσασθαι,
594 2477 626 2542 σὲ
640 2474 692 2542 τόν
708 2481 824 2542 δίκαιον
838 2486 879 2565 τῷ
897 2483 1005 2566 κυρίῳ,
1033 2475 1108 2563 ύπὲρ
1125 2479 1244 2546 πόντων
1259 2489 1318 2546 τῶν
1345 2489 1424 2547 18σε

269 2579 448 2643 ποθούντων
467 2580 515 2642 καλ
540 2580 738 2660 ἐκδεχομένων
761 2577 815 2660 τὴν
834 2578 915 2665 παραὶ
934 2587 988 2645 σοῦ
1004 2581 1127 2664 δωρεάν.
1168 2579 1217 2644 Ἐν
1234 2586 1351 2670 νηστείᾳ
1368 2585 1424 2648 καλ

269 2676 337 2768 εύχῇ
361 2681 445 2762 ἐσμεν
466 2677 518 2744 τόν
534 2678 636 2744 κοινδν
649 2677 734 2762 ἡμῶν
747 2678 876 2761 οίδελφδν
890 2685 1030 2764 δεχθέντα
1043 2679 1102 2748 ύτιό
1118 2689 1171 2766 τῆς
1185 2690 1239 2765 σῆς
1254 2684 1425 2766 τιμιότητος

269 2777 400 2862 ύσμένως
413 2783 464 2845 καὶ
477 2785 595 2862 κομίσαι
611 2779 665 2863 τήν
677 2778 737 2845 ύττδ
753 2789 807 2846 σοῦ
823 2784 1028 2866 δεδωρημένην
1043 2782 1157 2868 δωρεδν
1170 2787 1222 2850 καί
1239 2783 1334 2860 ούτως
1348 2783 1422 2850 α’να-

220 2959 223 2965 ἡ
268 2882 385 2963 πέμψαι
399 2880 452 2956 τός
466 2883 495 2958 έξ
509 2884 601 2956 έθους
620 2881 742 2964 19ειίχοίς
759 2885 848 2967 πατρὶ
862 2885 911 2948 καλ
928 2887 982 2971 υἱῷ
998 2886 1047 2949 καί
1063 2881 1136 2973 όχίςο
1150 2885 1300 2966 πνεύματι.
1335 2884 1420 2949 Πόν-

266 3007 314 3057 τες
329 2985 490 3061 ἐλπίζουσιν
506 2986 537 3048 οῖ
549 2980 672 3062 οἷδελφολ
686 2991 723 3072 τῇ
736 2981 796 3048 ύπό
814 2992 869 3049 σοῦ
888 2983 956 3074 εύχχχ
972 2983 1046 3072 ύττέρ
1064 2984 1161 3052 αύτιῖιν
1178 2988 1336 3076 γιγνομένη
1352 3007 1422 3070 στη-

267 3091 414 3168 μιχθῆναι.
459 3091 695 3168 Παρακαλοῦμεν
710 3084 751 3168 μή
768 3083 890 3166 ὀκνῆσαι
904 3090 1079 3168 μεταδοῦναι
1098 3087 1183 3172 χύριν
1206 3087 1313 3170 θεῖκήν
1337 3091 1422 3172 έσχη·

267 3183 339 3250 κότα
362 3182 542 3252 α’ττοστόλων.
587 3184 703 3262 Πύντες
722 3189 752 3251 οῖ
768 3189 866 3271 μικροί
889 3189 921 3252 ἐν
936 3197 1000 3263 ταῖς
1015 3189 1158 3272 μάνδραις
1174 3187 1256 3265 όντες
1273 3187 1360 3272 τύχην
1376 3207 1421 3277 τρὶ

265 3291 407 3369 κρείττονι
426 3285 646 3369 όναττέμπουσι,
675 3293 846 3370 μεταλαβεῖν
862 3285 921 3352 οίττό
939 3297 991 3370 τῆς
1010 3298 1063 3371 σῆς
1078 3295 1246 3370 θεοσεβείας
1259 3317 1421 3375 πνευματι.

266 3385 323 3469 κήν
341 3387 462 3470 δωρεύν.
503 3387 685 3472 Ἐρβωμένος
700 3391 731 3454 έν
746 3394 838 3476 κυρίρι
856 3392 906 3453 καὶ
923 3389 1055 3473 εύθυμος
1073 3393 1104 3456 έν
1121 3397 1240 3480 Χριστῷ
1256 3396 1422 3476 διατελοίης

266 3490 317 3552 καλ
339 3489 371 3552 έν
388 3485 461 3576 ύχίῳ
481 3491 621 3573 πνεύματι
640 3489 692 3555 τόν
714 3492 888 3555 ὀδοθόντα
907 3512 955 3556 σοι
971 3492 1087 3576 θρόνον
1102 3495 1153 3558 καὶ
1167 3492 1221 3576 τὴν
1235 3493 1343 3578 θεϊκὴν
1361 3499 1421 3561 δω-

268 3589 353 3673 ρεόν,
376 3591 458 3674 μέχρι
477 3599 531 3656 τοῦ
553 3614 584 3656 σε
606 3593 797 3675 ἐκδεχομένου
819 3591 975 3672 στεφάνου.

303 3797 341 3848 15.
360 3793 422 3862 ἡμῖν
439 3791 488 3848 οίπδ
508 3799 559 3847 cod.
577 3801 653 3848 Venet.
860 3796 911 3847 filio
927 3801 953 3847 et
967 3796 1064 3864 ιμῐτίιιιί
1078 3809 1166 3850 sancto
1179 3799 1349 3850 transmittam
1365 3817 1421 3852 υττ·

305 3864 341 3916 16.
361 3861 447 3929 σοιτύρ
464 3867 516 3914 ινδ.
535 3869 610 3916 Vena.
859 3869 887 3916 m
905 3869 1039 3918 comorius.

303 3933 341 3984 17.
359 3929 531 3998 φνλάττεσθαι
547 3935 598 3982 ωδ.
620 3936 694 3984 venet.
894 3935 934 3983 20.
952 3937 988 3984 ίιο
1007 3937 1060 3983 libri
1075 3949 1160 3984 ονεπιτ.
1195 3937 1289 3998 Aliquid
1306 3939 1422 3988 excidisse

303 4000 341 4050 λδ.
360 4015 390 4050 σε
406 4015 452 4050 τινα
469 4002 536 4049 habet
557 4003 630 4050 νυκτί.
649 4004 712 4050 ίίοττ.
860 4003 1024 4062 suspicabatur
1032 4005 1149 4063 Ρτιονίνι,
1159 4007 1289 4053 τείτοοιοτιι
1299 4017 1379 4066 nempe
1389 4020 1420 4056 ιιε

302 4065 340 4118 19.
358 4077 402 4126 „et
416 4066 452 4116 ιῖο
466 4076 598 4118 consuetu
612 4083 698 4133 preces
716 4065 780 4135 μειοῖ
794 4077 820 4116 et
861 4072 1006 4120 οοοαεσλίνοε
1028 4067 1070 4122 τόν
1087 4069 1193 4122 δοθέντα
1210 4067 1297 4135 θρόνον
1318 4075 1349 4122 οδ
1367 4075 1421 4134 ipso

861 4139 929 4188 υττοο
946 4137 1066 4189 διατελεῖν
1083 4141 1150 4199 aptos
1166 4141 1266 4189 haberet.

740 4321 913 4331 ‚ffl—--
926 4323 938 4329 -
