3006 4990
323 289 459 342 seusun
477 287 553 342 sou.
568 285 737 342 damasus
754 287 817 343 urs.
835 292 853 343 ι.
870 291 950 345 uon.
968 293 999 344 ιι.
1172 279 1229 342 tas

87 432 130 472 ae
143 414 269 490 scripsit.
315 405 376 474 Sed
390 419 421 473 et
434 407 490 472 alin
509 409 717 494 quamplurima
733 418 801 474 suut
818 429 893 494 quae
909 411 1052 476 adversus
1069 413 1232 475 contrarias

89 510 323 596 praestigiatoris
341 511 417 576 illins
439 511 569 576 rationes
586 531 733 596 opponere
753 531 918 596 possumus.
962 512 1008 576 Ao
1029 513 1085 576 uisi
1101 513 1141 576 illi
1165 514 1232 576 dae-

90 633 207 675 monum
225 633 331 676 seusus
347 619 445 694 esset,
467 612 610 697 quomodo
632 612 715 676 loedu
736 611 784 675 illa
802 613 952 697 turpiaque
972 613 1128 678 eouoiliare
1143 615 1232 678 vitam

90 724 227 796 possent,
251 735 314 778 oum
331 715 360 778 in
377 713 530 798 evangelio
547 713 681 778 dominns
697 713 759 798 ipse
783 711 819 778 iis
833 715 880 800 qui
897 713 1050 795 dixerant,
1081 719 1118 777 Si
1129 715 1169 778 itu
1189 729 1234 779 est
1268 731 1352 776 Manu

89 819 264 877 erumm‘rr'
284 837 347 876 enm
362 835 467 888 asora,
498 835 555 878 aon
573 817 686 897 expedit
700 817 819 890 rudus,
850 815 895 880 bls
917 815 1016 879 verbis
1037 819 1229 902 respondeat:
1270 785 1346 840 '⁹⁹¹⁰'

86 921 151 978 Nor
169 939 262 979 omues
279 921 394 998 supinat
409 921 503 978 muodo
533 929 601 979 saut
615 921 686 978 euim
706 921 828 978 etuaoht'
840 921 892 998 pat*
913 922 1018 998 seipsos
1036 930 1234 981 adamaverunt

84 1029 203 1099 propter
217 1040 335 1099 rogum
351 1021 514 1080 melorum?
536 1015 650 1100 Quibus
661 1018 760 1083 verbis
771 1018 899 1082 ostendit
913 1037 930 1082 a
946 1021 1154 1083 consuetudins
1169 1039 1231 1084 mo·

87 1119 168 1184 lieris
181 1120 330 1184 abstinere
345 1138 450 1184 munus
464 1137 531 1183 esse
545 1141 562 1183 a
578 1120 698 1184 coelesti
713 1139 806 1204 reguo
821 1117 994 1184 derivatum.
1026 1119 1142 1184 ltnrsus
1155 1124 1231 1186 idem

88 1220 146 1284 alio
161 1221 191 1284 in
210 1222 277 1286 loeo
294 1223 334 1286 ita
353 1223 389 1286 de
408 1221 541 1286 bonestis
557 1217 663 1305 nuptiis
677 1221 816 1306 loquitur,
840 1241 912 1308 quas
928 1221 1031 1306 impius
1050 1217 1151 1286 Simon
1169 1225 1231 1286 vio·

83 1323 151 1388 lans
175 1324 298 1408 turpiter
323 1321 432 1390 libidini
452 1343 526 1388 sone
547 1322 624 1386 viam
646 1342 681 1387 ao
703 1323 847 1387 rationem
865 1333 1032 1408 praeponat:
1067 1327 1142 1402 (tutos
1162 1330 1230 1386 deus
1265 1339 1348 1437 ppstpu

84 1430 235 1486 moereat
254 1429 334 1486 bomo
354 1447 410 1487 noa
431 1436 551 1506 separet.
1292 1425 1299 1446 ¹
1324 1421 1330 1434 '

168 1523 417 1608 Quemadmodum
439 1545 511 1590 vero
535 1545 676 1609 ungarum
698 1543 816 1590 suarum
836 1523 943 1591 oblitos
963 1525 1121 1610 impostor,
1151 1525 1231 1590 velot
1250 1545 1307 1613 cup.
1322 1548 1365 1598 ιι,

82 1649 186 1692 eorum
216 1648 291 1712 qnae
318 1637 406 1692 autea
430 1626 548 1691 dixerut
570 1629 706 1710 ignarus,
741 1628 870 1712 seipsum
893 1628 1015 1690 relellitl
1064 1625 1142 1690 Nam
1166 1645 1230 1691 oum

82 1729 212 1794 dixisset
228 1727 361 1814 Angelos
378 1749 395 1792 a
414 1749 447 1792 se
465 1748 517 1814 per
532 1727 753 1812 intelligentiam
769 1747 852 1792 snam
869 1740 1040 1813 proereutos
1054 1747 1138 1808 esse,
1162 1731 1231 1792 sob-

82 1831 154 1894 ieoit
169 1840 290 1916 postea,
319 1841 355 1894 nt
369 1831 488 1895 eoadem
506 1829 572 1894 illos
588 1826 679 1893 latera
696 1831 899 1894 descendendo
915 1841 1033 1914 posset,
1063 1831 1182 1914 ligoram
1200 1831 1231 1894 iu

83 1951 260 2016 moneoque
281 1932 365 1996 eoelo
387 1941 529 1996 mumsse.
573 1924 668 2016 lgitur
684 1930 794 1995 latebat
809 1925 876 1995 ideo
895 1931 970 2016 quod
988 1929 1055 1995 illos
1072 1943 1228 1997 metueret.

83 2033 176 2118 Atqui
193 2031 260 2118 quid
276 2053 328 2098 eos
345 2055 418 2118 quos
435 2033 497 2119 ipse
511 2033 681 2116 oondidernt
698 2033 831 2116 Angelos
846 2029 989 2118 impostor
1002 2030 1051 2096 illa
1066 2037 1231 2098 metuebat?

82 2133 194 2200 Nonne
215 2135 303 2198 etiam
324 2136 462 2199 eouriotu
483 2135 575 2199 facilis
597 2135 730 2220 prudenti
751 2131 870 2198 ouilibet
887 2133 1000 2198 oooulte
1018 2137 1231 2220 proseminatus

84 2257 170 2300 error
197 2235 246 2300 ills
268 2236 373 2316 laesit,
404 2257 469 2300 oum
492 2236 636 2321 sumptura
659 2241 753 2299 testes
787 2231 982 2316 inprompto
1004 2243 1332 2306 monmutdettsomu.

82 2341 190 2400 eosdm
206 2349 234 2398 et
247 2344 376 2400 terram?
419 2336 534 2421 Quibus
546 2346 775 2400 cousentaneum
792 2336 928 2419 estquod
945 2335 1079 2400 domiuus
1094 2338 1123 2400 ln
1140 2358 1229 2403 evan·

82 2439 162 2524 gello
184 2439 270 2502 &um
291 2449 403 2522 patrem
426 2439 577 2524 alloquens
598 2435 681 2500 dieite
712 2434 813 2512 Potor,
845 2441 954 2500 dambe
974 2442 1048 2500 coeo·
1065 2459 1100 2500 no
1122 2451 1224 2502 terroe
1241 2463 1379 2522 usonem

84 2538 172 2622 Quod
194 2539 220 2604 si
240 2539 316 2604 eoeli
337 2551 495 2624 terraeque
513 2537 646 2604 uenditor
667 2548 712 2602 est
733 2539 805 2602 deus
821 2548 905 2623 putor
924 2537 1031 2602 domini
1048 2541 1142 2604 nostri
1162 2539 1230 2605 lesu

85 2639 214 2720 Christi,
237 2644 346 2706 lrustra
360 2641 457 2706 omnia
472 2661 489 2706 a
505 2639 683 2727 syoopbanta
697 2635 818 2703 Simone
835 2639 996 2719 iaetantur,
1021 2641 1157 2705 mundum
1172 2643 1230 2706 soi-

83 2743 155 2806 lieet
178 2743 214 2806 ab
235 2743 362 2825 Angelis
391 2763 456 2806 oum
479 2743 594 2806 detesto
615 2739 803 2820 fabricatum,
835 2752 1008 2824 caeteraque
1032 2743 1130 2806 omnia
1154 2759 1229 2827 qnae

83 2844 228 2908 isontium
247 2855 399 2908 veterator
424 2841 615 2908 fraudulentis
639 2842 825 2906 sermonibus
845 2840 875 2906 iu
899 2842 1000 2906 orbem
1021 2844 1135 2908 invexit
1156 2861 1230 2908 non-

85 2945 238 3030 nullosque
257 2967 273 3010 a
297 2966 330 3010 se
350 2948 487 3029 deeeptus
508 2945 611 3008 iisdem
633 2943 793 3008 mendaciis
814 2941 1016 3008 eircumuenit.

167 3048 265 3132 Atque
287 3047 359 3111 baeu
381 3045 584 3132 compendiose
607 3064 624 3109 a
645 3044 731 3108 uobis
751 3045 894 3110 adversos
914 3043 992 3108 illius
1014 3045 1150 3110 benessio
1170 3048 1229 3112 dis·
1247 3065 1370 3134 enpvtt.

86 3157 181 3232 putata
201 3147 305 3212 leetori
327 3143 485 3226 solident,
515 3145 620 3232 quibus
641 3145 750 3211 venitm
770 3145 886 3232 ipsane
909 3147 975 3210 mali
996 3147 1124 3210 remedia
1146 3165 1228 3212 mon-

85 3259 228 3330 stnntur,
258 3249 531 3333 radarguoutnrqoa
547 3247 568 3311 ii
591 3247 640 3332 qni
661 3247 778 3310 immuni
800 3248 848 3311 ills
864 3248 1029 3333 oorrnptela
1047 3247 1158 3332 ignaris
1176 3249 1228 3314 bo-

86 3349 207 3416 minibus
224 3351 355 3416 lrnudem
372 3351 470 3414 faeere
488 3359 642 3414 oooautur.
687 3345 775 3412 Nune
791 3348 851 3412 alio
865 3350 1069 3432 transimundo
1086 3359 1116 3413 at
1132 3351 1166 3414 ad
1187 3352 1230 3414 al-

87 3459 175 3515 teram
199 3453 336 3517 baeredu
359 3451 586 3516 eonviuoeudam
606 3449 783 3514 redeutenda
805 3460 852 3514 eut
873 3449 979 3514 oratio.
1024 3445 1081 3514 Est
1102 3469 1176 3517 vero
1198 3453 1227 3518 in

87 3549 228 3617 baeretioo
251 3553 304 3618 illo
325 3553 437 3617 varium
462 3551 594 3637 quiddam
620 3563 707 3637 atque
726 3551 854 3636 duplex,
884 3551 931 3636 qui
952 3551 1068 3616 tametsi
1087 3553 1228 3639 impostor

85 3652 181 3734 luerit,
203 3652 315 3720 Christi
330 3653 385 3718 sibi
403 3671 509 3718 nomeu
526 3653 625 3739 speeie
642 3665 727 3718 tenus
743 3652 890 3738 imposuit,
913 3654 1151 3738 quemadmodum
1167 3655 1227 3718 uri·

86 3753 134 3815 nis
156 3776 192 3819 ex
216 3756 346 3842 aspidum
373 3753 595 3840 scripurarum
622 3755 688 3819 ouis
710 3753 835 3819 abortivi
859 3754 1036 3840 serpentium
1060 3756 1136 3820 letus
1161 3778 1227 3820 eor-

86 3856 214 3940 rnptiqne
233 3860 412 3936 formentum
442 3854 470 3920 id
488 3856 562 3940 quod
581 3855 617 3920 iis
638 3855 737 3919 verbis
757 3876 774 3919 a
792 3856 932 3941 propbeta
949 3856 1055 3924 dietum
1075 3866 1137 3920 ost:
1169 3861 1226 3920 ooo
1239 3875 1375 3934 snt-sss

84 3957 206 4034 aprilem
214 3955 381 4041 fregerunt,
405 3971 435 4019 et
447 3963 499 4039 qui
512 3980 563 4020 ooo
578 3957 629 4020 itta
644 3961 785 4020 comedere
800 3953 899 4033 vellet,
922 3964 1017 4021 tbuntit
1033 3963 1147 4038 reperit,
1173 3961 1226 4020 tti-

84 4059 195 4137 leuque
211 4062 351 4140 regulum.
397 4056 509 4124 Verum
530 4069 717 4144 posteaquam
741 4051 868 4136 Christi,
893 4060 933 4122 uti
955 4059 1099 4138 diximus,
1123 4071 1225 4144 poten·

85 4155 132 4218 tia
151 4160 276 4224 veriatis
298 4161 378 4224 illum
400 4161 582 4224 sermonibus
603 4159 780 4246 inpotiimos
797 4159 918 4245 eiusque
935 4161 1093 4246 peruioiem
1110 4177 1225 4226 omnem

85 4258 290 4343 mtnximos,
312 4262 432 4348 gradum
454 4263 490 4326 ad
511 4261 637 4348 adquae
660 4262 801 4326 haereses
822 4261 970 4326 laniamus.

963 4569 1013 4633 9*
