3036 4998
332 327 468 382 rautnu
486 329 549 381 ura.
562 330 582 380 r.
599 329 679 382 nour.
693 330 725 380 n.
742 329 842 380 naun.
857 329 958 380 xxxi.
1159 316 1220 380 325

70 449 215 536 apostolus
229 448 373 534 loquitur,
396 469 481 534 quam
499 447 729 514 aedificationem
748 447 793 512 dei
803 493 811 526 ‚
836 467 910 532 quae
927 459 973 512 est
988 448 1017 513 io
1034 449 1107 529 fide,
1131 459 1216 533 atque
1233 458 1372 517 umnam

70 552 153 616 iidem
169 551 210 616 illi
227 550 328 616 callida
345 550 560 634 artificiosaque
578 549 710 614 oratione
726 549 925 635 imperitorum
943 551 1056 614 animos
1073 552 1219 636 decipiant

70 675 100 718 ac
115 655 197 718 velut
213 653 344 738 captivos
358 652 519 738 abripiant,
544 652 610 717 dum
628 662 658 715 et
672 652 789 716 oracula
807 652 905 716 divina
918 653 1079 737 depravant
1093 664 1123 717 et
1137 664 1218 717 recte

71 759 142 821 dicta
169 777 321 842 perperam
346 755 593 839 interpretantur,
626 765 685 817 tum
710 775 781 818 vero
806 775 889 839 quum
914 755 1053 840 plurimos
1075 756 1111 819 ab
1134 755 1218 820 huius

70 859 198 924 universi
223 859 373 922 conditore
399 869 428 921 et
450 856 619 920 ordinatore
641 858 696 919 deo
717 857 789 920 lalsu
813 856 935 942 quadam
958 856 1099 922 abductos
1120 857 1218 942 specie

71 962 244 1047 cognitionis
267 961 296 1023 in
318 959 476 1045 perniciem
499 959 631 1037 trahant3
663 959 744 1042 quasi
767 959 918 1024 sublimine
940 958 1047 1043 aliquid
1071 981 1104 1023 ac
1125 959 1218 1024 maitrs

70 1085 102 1128 eo
122 1065 328 1128 demonstrare
347 1063 476 1148 possint,
509 1063 555 1146 qni
576 1059 691 1125 coelum
713 1072 894 1148 terramque,
925 1083 960 1125 ac
977 1081 1051 1146 qnae
1067 1061 1105 1124 iis
1124 1061 1217 1126 eonti-

69 1177 174 1232 nentur
188 1165 302 1244 omnia,
327 1163 503 1250 procrearite
529 1165 602 1228 adeo
619 1172 651 1226 ut
663 1163 809 1249 simplices
827 1164 1002 1249 minimeque
1018 1163 1111 1228 malos
1126 1163 1218 1227 bomi-

70 1291 117 1334 ues
145 1267 250 1332 fucatis
274 1267 457 1331 sermonibus
479 1266 514 1329 ad
538 1266 670 1354 veritatis
696 1266 911 1351 indagationem
937 1265 1041 1330 blande
1065 1265 1217 1330 admodum

70 1371 203 1449 illiciant,
228 1391 322 1454 neque
338 1379 433 1434 tamen
452 1368 557 1432 blande
575 1368 641 1431 illos
658 1368 686 1432 in
704 1368 826 1432 exitium
844 1369 1008 1455 impediant,
1032 1367 1098 1432 dum
1114 1367 1219 1432 adver-

69 1495 116 1538 sus
134 1493 234 1537 rernm
253 1472 382 1556 opilicem
401 1492 522 1557 pronam
540 1469 574 1534 ad
594 1470 820 1534 maledicendum
839 1469 1013 1556 impiamque
1031 1480 1157 1534 mentem
1174 1470 1218 1534 in·

69 1575 188 1654 iiciuut,
223 1576 297 1658 quod
319 1595 420 1638 verum
444 1595 462 1637 a
484 1573 559 1637 laiso
576 1573 745 1637 discernere
763 1571 931 1657 quibuscum
952 1583 1042 1657 agunt
1058 1584 1216 1657 nequeant.

68 1675 135 1741 Non
155 1676 234 1740 enim
252 1675 364 1742 saisitus
383 1676 458 1739 nuda
476 1696 510 1740 ae
530 1673 654 1760 simplex
670 1673 857 1761 proponitur,
881 1695 918 1738 ne
934 1675 994 1738 suis
1011 1674 1218 1760 integumentis

69 1779 185 1844 evoluta
204 1777 379 1864 deprehendi
400 1777 484 1841 iaeile
501 1777 610 1863 possit,
644 1778 695 1842 sed
715 1776 857 1863 speciosis
873 1777 1033 1842 involucris
1056 1777 1130 1840 miro
1148 1777 1218 1840 arti-

68 1881 131 1945 ficio
152 1879 313 1967 perpolita,
344 1890 375 1944 nt
394 1891 518 1944 externa
537 1900 638 1966 pompa
657 1890 744 1964 atque
764 1879 841 1944 cultu
857 1879 982 1945 veritate
1001 1880 1062 1965 ipsa
1080 1880 1218 1963 quodam·

68 1985 152 2048 modo
169 1981 315 2046 veriorem
330 2002 396 2046 sese
412 1982 560 2047 radiorum
578 1982 671 2046 oeulis
685 1981 834 2062 subiiciat,
859 1983 1098 2067 quemadmodum
1115 1982 1151 2046 ab
1165 1981 1219 2047 ali-

68 2107 123 2169 quo
145 2086 235 2170 longe
259 2106 344 2169 quam
367 2105 422 2149 nos
446 2085 657 2170 praestantiore
686 2086 721 2150 de
745 2085 885 2148 eiusmodi
909 2084 1130 2168 pronunciatum
1153 2095 1215 2148 est:

67 2185 244 2273 Exquisitae
259 2208 391 2272 gemmae
406 2209 439 2251 ac
453 2188 683 2272 pretiosissimae
697 2187 851 2270 smaragdo
867 2187 990 2251 similem
1006 2187 1042 2251 ab
1058 2187 1218 2252 artificibus

67 2289 128 2354 lieri
149 2290 275 2354 vitreum
296 2289 441 2374 lapillum,
473 2311 530 2354 non
552 2290 616 2354 sine
635 2290 757 2373 quadam
775 2289 853 2354 illius
872 2287 996 2370 iniuria,
1027 2290 1082 2354 nisi
1100 2299 1218 2376 praesto

65 2392 104 2454 sit
118 2391 167 2476 qui
185 2391 369 2456 discernendi
387 2392 489 2478 peritia
507 2391 620 2472 valeat,
645 2393 750 2476 quique
768 2403 830 2455 arte
848 2411 900 2456 suta
919 2395 1010 2457 fretus
1027 2393 1217 2457 adulterinam
1331 2455 1340 2476 ,

66 2493 145 2558 illam
159 2515 303 2580 gemmam
320 2494 541 2578 simulatamque
555 2495 720 2578 dignoscat.
757 2491 816 2558 Sed
832 2514 896 2556 eum
913 2514 964 2558 nes
978 2506 1101 2580 argento
1115 2496 1219 2559 misee-

65 2606 125 2675 tur,
152 2597 218 2682 quis
236 2597 291 2660 boe
308 2597 393 2660 laeile
409 2597 581 2680 sincereque
596 2597 760 2660 discernat?
803 2593 1001 2678 Quamobrem
1017 2618 1054 2661 ne
1071 2597 1118 2682 qui
1135 2598 1218 2683 eulpa

67 2711 170 2764 nostra
195 2709 329 2783 tanquam
352 2719 424 2762 oves
448 2721 465 2762 a
487 2698 578 2784 lupis,
610 2697 653 2762 sic
671 2698 707 2762 ab
725 2698 781 2762 illis
799 2698 996 2786 abripiuntur,
1030 2721 1102 2785 quos
1120 2700 1369 2768 oviumrrautans

66 2802 192 2887 pellibus
210 2811 305 2865 tectos
323 2801 502 2886 ignorarint,
527 2801 687 2864 cuiusmodi
704 2800 852 2865 cavendos
871 2821 938 2865 esse
955 2801 1088 2866 dominus
1106 2803 1219 2888 praeei-

66 2903 125 2988 pic,
158 2924 282 2988 quorum
300 2902 403 2968 similis
419 2923 535 2981 sermo,
562 2902 709 2967 dissimilis
726 2913 773 2968 est
787 2903 918 2983 animus,
950 2903 1149 2970 necessarium
1168 2928 1220 2991 pu-

65 3007 145 3086 tavi,
170 3027 236 3070 cum
252 3004 283 3068 iu
299 3002 467 3085 Valentini,
492 3017 523 3069 nt
538 3015 689 3084 asserunt,
713 3005 918 3091 discipulorum
935 3005 1160 3072 commentarios
1176 3008 1221 3071 in-

65 3109 208 3188 ciderim,
241 3129 305 3171 cum
328 3108 439 3194 aliquot
461 3109 547 3172 etiam
569 3129 609 3172 ex
630 3107 743 3171 illorum
764 3128 886 3172 numero
904 3129 1082 3193 congressus
1103 3111 1218 3189 luerim,

65 3211 134 3289 tibi,
167 3211 374 3291 ocarissime,
406 3221 575 3296 portentosa
598 3209 645 3273 illa
669 3231 703 3272 ac
723 3211 864 3295 prolunda
882 3211 1047 3294 significare
1067 3212 1218 3298 mysteria,

65 3335 143 3398 quae
160 3312 276 3397 quidem
295 3335 351 3376 non
371 3313 406 3376 ad
424 3323 538 3399 captum
556 3311 683 3376 omnium
702 3312 827 3391 iaciunt,
852 3313 926 3397 quod
944 3334 1001 3376 uon
1020 3334 1121 3378 omnes
1138 3333 1221 3378 oere-

64 3416 151 3479 brum
170 3415 355 3501 exspuerint,
379 3425 410 3480 ut
421 3425 451 3480 et
466 3427 495 3478 tu
510 3415 635 3500 cognitis
651 3413 686 3476 iis
699 3413 845 3478 universis
861 3415 908 3500 qui
927 3426 1021 3479 tecum
1035 3427 1105 3480 sunt
1118 3417 1219 3480 eadem

65 3519 204 3582 declares
220 3539 255 3583 ae
271 3537 403 3597 moneas,
427 3516 469 3581 uti
485 3517 657 3581 altissimum
673 3514 752 3580 illum
768 3516 909 3582 stultitiae
924 3528 1009 3603 atque
1025 3518 1054 3580 io
1070 3514 1219 3582 Christum

65 3620 268 3707 blasphemiae
283 3619 428 3706 gurgitem
444 3619 585 3684 devitent.
618 3615 720 3702 ltaque
737 3619 830 3703 quoad
845 3620 874 3683 iu
890 3640 935 3684 me
949 3620 1036 3686 situm
1051 3620 1107 3684 erit
1120 3641 1220 3685 eorum

63 3725 113 3807 qui
133 3723 247 3787 erroris
265 3722 350 3786 hodie
369 3720 500 3806 magistri
519 3731 604 3800 sunt,
630 3720 764 3784 nimirum
779 3719 941 3786 Ptolemaei
958 3723 1079 3807 eiusque
1095 3733 1221 3788 sectato-

63 3847 130 3890 rum
158 3825 207 3909 qni
230 3845 271 3889 ex
291 3823 441 3888 Valentini
466 3823 567 3888 schola
590 3823 795 3903 effloruerunt,
830 3825 1002 3890 seutentiam
1026 3836 1163 3890 accurate
1186 3845 1221 3889 ac

62 3927 201 3993 breviter
216 3947 375 4014 exponam,
400 3926 480 3990 etad
498 3947 561 3990 eam
578 3927 759 3990 refutandam
777 3927 881 3992 idonea
899 3949 951 4014 pro
969 3927 1025 3992 mei
1042 3937 1141 4012 captus
1156 3927 1222 3990 exi-

62 4032 181 4114 guitate
197 4039 367 4115 argumenta
380 4049 547 4114 suggeram,
567 4027 670 4113 quihus
686 4049 759 4113 quae
773 4029 808 4094 ab
824 4031 881 4094 illis
897 4031 1030 4095 dieantur
1043 4029 1222 4115 perabsurda

60 4131 245 4216 minimeque
267 4131 384 4194 verimti
404 4141 600 4218 coraseutaqea
623 4151 689 4196 esse
712 4131 968 4197 demonstrabitur.
1015 4131 1147 4196 Tametsi
1168 4153 1220 4196 ue·

63 4286 143 4337 facile
154 4296 230 4370 atque
241 4284 385 4351 incorrupte
394 4283 421 4334 id
432 4283 562 4352 explorare
573 4301 631 4352 pot·
701 4284 739 4340 13.
757 4283 884 4357 ἐπιβολήν,
901 4288 963 4350 quod
976 4289 1066 4338 trancas·
1080 4289 1176 4349 tcum.
1191 4290 1223 4336 le-

58 4355 115 4406 cit?
132 4357 157 4406 si
167 4351 313 4420 κακιραῑως
322 4355 456 4415 restitueris,
469 4367 583 4417 perquam
594 4357 632 4418 su·
664 4359 707 4418 pit,
719 4358 823 4419 quodque
834 4359 966 4418 suspicetur
979 4360 1011 4405 est
1023 4358 1072 4404 tom
1082 4357 1173 4415 Pelen,
1185 4369 1223 4406 ra·

59 4426 103 4473 citt
118 4438 151 4474 eo
166 4425 274 4472 cdhtbtto
287 4423 386 4472 memlto
398 4423 502 4472 amotis
517 4428 633 4485 receptum
665 4425 768 4474 stilum
776 4425 828 4474 cod.
839 4425 894 4474 Van.
920 4425 993 4486 t'utpo
1004 4428 1067 4473 catat
1080 4419 1222 4491 ἐπιβουλήν.

58 4495 219 4556 nummorum
236 4492 348 4540 librorum
364 4493 530 4540 anctoritatem.
565 4493 633 4542 llos·
702 4487 741 4542 tt.
757 4489 800 4546 τὸν
816 4487 927 4557 Χριστὸν
944 4493 995 4542 ced.
1009 4493 1064 4542 Van.

58 4567 147 4610 suetus
162 4557 322 4621 reponendam
337 4561 424 4608 ecmutt
440 4551 566 4640 ciadpoqce.
701 4558 740 4610 15.
761 4553 894 4612 dedocere
919 4557 964 4612 καὶ
989 4553 1133 4627 ἀνάρμοστα
1155 4563 1224 4624 uupct

99 4629 144 4680 12.
165 4621 234 4692 παρὰ
250 4640 298 4676 non
315 4626 412 4676 tatem
428 4627 453 4676 tn
472 4627 548 4678 edulia.
666 4627 717 4677 cod.
735 4629 788 4679 Vere.
