3036 4998
392 313 525 366 canaan
542 314 606 366 ura.
615 316 635 366 1.
653 315 734 367 rou.
751 315 783 366 ιι.
802 315 899 368 nnus.
913 316 1016 366 xxxi.
1225 306 1285 368 343

120 440 300 513 tunneto,
334 452 372 498 ne
394 443 426 497 ut
447 433 538 520 ipsam
560 435 675 513 lumen,
706 433 746 500 ita
767 435 828 499 vita
849 435 1004 515 deiiceret,
1039 435 1144 500 deinde
1165 436 1281 501 consilii

120 537 237 624 inopia,
261 557 295 601 ac
311 537 426 601 demum
442 535 627 619 ignorantiae
646 537 761 622 penitus
779 537 958 602 immersam.
1004 537 1110 623 Neque
1128 537 1222 618 enim,
1246 549 1278 602 ut

120 641 187 706 eius
207 637 308 704 Mater
330 640 423 726 prima
446 641 496 704 illu
523 659 563 703 ea
584 639 722 704 Aeonum
746 639 871 724 collegio
894 637 1065 726 Sspientia,
1097 641 1277 706 alternorum

120 745 264 808 duntaxat
287 743 458 808 diversitate
479 751 628 820 motuum,
658 744 710 806 sed
733 743 946 806 contrariorum
969 743 1090 808 dissidio
1111 742 1274 808 laborasse.

120 843 202 930 Quin
224 856 254 908 et
276 865 382 910 noram
400 846 521 930 insuper
542 844 635 908 eidem
656 843 840 909 allectionem
861 845 1039 930 contigisse,
1072 845 1276 911 conversionis

119 948 157 1012 ad
176 968 243 1012 eom
259 947 375 1012 scilicet
389 947 437 1031 qui
453 947 508 1010 sibi
524 948 613 1010 vitam
629 945 823 1032 impertierat.
870 946 953 1012 ldanc
970 968 1043 1011 vero
1059 947 1199 1012 materiae
1214 969 1277 1012 mo·

120 1051 176 1115 lero
199 1071 233 1114 ac
253 1049 444 1114 substantiam
466 1069 551 1130 esse,
583 1069 696 1134 exque
715 1052 838 1115 mundus
858 1049 914 1114 iste
933 1050 1053 1116 coaluit.
1097 1048 1216 1115 Etenim
1235 1073 1275 1115 ex

117 1154 184 1239 ipsa
200 1151 395 1216 conversione
410 1149 515 1218 Mundi
532 1163 563 1215 et
579 1147 749 1216 Conditoris
764 1152 894 1238 adeoque
912 1152 998 1218 aliam
1015 1172 1130 1217 omnem
1148 1153 1274 1218 animam

118 1254 352 1339 receperimus,
376 1263 476 1318 cetera
496 1275 536 1320 ex
555 1265 633 1318 metu
651 1275 684 1319 ac
701 1255 802 1319 dolore
822 1253 934 1320 initium
954 1255 1117 1340 accepisse.
1161 1251 1241 1320 Nam
1257 1275 1274 1320 e

117 1356 257 1444 lacrymis
276 1355 422 1421 humidum
441 1377 544 1434 omne,
575 1355 671 1420 enisu
690 1357 832 1437 lucidum,
864 1379 880 1422 e
899 1358 999 1422 dolore
1018 1377 1053 1422 ac
1071 1368 1191 1441 stupore
1208 1378 1273 1422 cor·

117 1481 209 1546 porea
225 1459 322 1524 mundi
337 1459 482 1524 elementa
498 1477 645 1524 manasse.
690 1459 845 1524 Accidisse
862 1460 1009 1539 nimirum,
1035 1469 1067 1523 ut
1083 1459 1273 1545 collacryma·

116 1573 167 1627 ret
181 1563 326 1627 interdum
345 1581 380 1625 ac
401 1560 532 1640 doleret,
556 1561 631 1645 qood
649 1581 683 1625 sc
701 1561 791 1626 solnm
810 1564 840 1626 io
857 1562 986 1626 tenebris
1001 1571 1031 1626 ct
1045 1561 1186 1626 inanitate
1203 1561 1272 1627 reli·

117 1675 195 1730 cmm
211 1664 470 1729 animadverteret.
504 1661 724 1748 Nonnunquam
740 1684 811 1729 vcro
827 1686 897 1729 mox
911 1675 944 1728 ut
958 1664 1036 1728 illius
1050 1662 1179 1742 luminis,
1195 1665 1272 1748 quod

117 1786 187 1832 sese
201 1768 372 1851 reliquerat,
391 1767 507 1831 veniret
517 1767 547 1830 in
562 1766 742 1845 memoriam,
759 1767 820 1830 risu
834 1787 867 1830 se
881 1786 914 1830 ac
928 1765 1077 1852 voluptate
1093 1765 1269 1850 perfudisse,

115 1869 321 1954 interdumque
340 1889 444 1933 rursus
461 1869 497 1932 ad
516 1881 622 1934 metum
642 1868 784 1948 rediisse,
808 1867 881 1932 alias
899 1868 1018 1932 aoniam
1037 1867 1209 1952 consiliique
1225 1867 1270 1932 iu-

117 1993 204 2060 opem
229 1983 260 2036 et
279 1971 432 2037 attonitam
455 1971 559 2036 luisse.
667 1959 673 1972 ’
1232 1965 1234 1973 ”

203 2073 282 2160 Quid
302 2085 362 2138 tom
380 2075 468 2139 iude?
510 2071 660 2138 Maximus
679 2073 818 2160 deinceps
837 2074 879 2138 illi
897 2073 1063 2157 tragoedias
1082 2073 1209 2154 iaciunt,
1232 2093 1267 2138 ac
1301 2077 1360 2144 0¹1²·

115 2199 171 2264 pro
186 2199 241 2242 sno
259 2178 382 2262 quisque
398 2178 492 2264 capite
504 2178 591 2243 aliter
608 2187 695 2262 atque
712 2175 798 2242 aliter
815 2196 928 2240 semron
946 2197 1012 2239 cum
1025 2174 1193 2262 arrogantie
1208 2177 1267 2240 dis·
1283 2143 1376 2199 Μ’

115 2291 215 2366 putat,
239 2300 361 2363 quanam
378 2299 418 2344 ex
433 2279 650 2364 perturbatione
667 2288 718 2342 aut
731 2299 770 2343 cx
785 2299 911 2363 quonam
926 2278 1072 2343 elemento
1085 2289 1187 2344 natura
1202 2299 1269 2364 pro·

114 2383 247 2448 fluxerit.
294 2379 426 2465 Quorum
445 2381 513 2446 mihi
531 2382 635 2446 merito
650 2381 787 2445 ridentur
804 2403 862 2445 non
880 2381 971 2466 palam
990 2380 1125 2446 omnibus
1141 2379 1267 2466 discipli-

115 2506 182 2550 nam
202 2485 278 2550 velle
296 2485 495 2562 committere,
528 2485 579 2549 sed
598 2483 635 2548 iis
653 2484 746 2548 solum
767 2483 816 2568 qui
835 2484 1010 2548 incolentem
1028 2485 1192 2548 mercedem
1213 2504 1266 2569 pro

114 2588 207 2652 uotis
225 2586 374 2673 mysteriis
390 2595 616 2671 repraesentare
636 2586 760 2670 possint.
803 2584 911 2671 Neque
929 2587 1005 2650 enim
1028 2586 1083 2650 isto
1101 2605 1204 2650 eorum
1224 2586 1265 2650 si-

114 2689 196 2754 nilia
210 2701 298 2768 suut,
321 2689 477 2773 dequibus
495 2709 511 2752 a
527 2687 644 2753 domino
662 2687 768 2753 dictum
787 2701 849 2767 est,
875 2693 971 2752 Gratis
986 2695 1148 2771 acceptatis,
1169 2694 1265 2769 petre
1273 2702 1416 2761 semina

112 2797 198 2867 dcte,-
228 2793 280 2856 sed
301 2792 338 2856 al
360 2791 439 2855 omni
460 2801 573 2856 remota
595 2811 686 2856 seusu
703 2811 738 2854 ac
757 2789 923 2875 prodigiosa
942 2793 1142 2877 profundaque
1157 2811 1266 2856 arcana

112 2895 166 2960 illa
189 2905 274 2973 suut,
305 2913 380 2978 quae
402 2915 420 2957 a
443 2893 579 2958 falsitatis
600 2893 778 2958 amatoribus
799 2915 906 2977 magno
928 2893 1029 2958 labore
1046 2905 1263 2979 comparantur.

114 2995 193 3080 Quis
210 2998 287 3062 enirn
305 3017 364 3060 nou
384 2996 481 3060 omnia
498 2995 575 3060 bona
592 3015 645 3058 sua
661 2995 787 3060 libenter
803 2996 833 3059 iu
850 2997 918 3060 illud
936 2997 1101 3081 impendat,
1125 3007 1156 3059 ut
1172 2995 1265 3060 discet

113 3099 355 3184 quemadmodum
380 3119 420 3162 ca
441 3095 658 3182 Enthymeseos
682 3097 839 3184 lacrymis,
872 3099 988 3177 allecti,
1019 3099 1154 3183 inquam,
1186 3097 1264 3162 illius
1376 3136 1380 3160 ι

112 3201 248 3280 Aeonis,
271 3200 382 3279 maria,
406 3202 502 3265 lonms
520 3221 555 3263 ac
573 3200 689 3265 domina
708 3201 867 3284 humorque
886 3202 980 3265 omnis
998 3201 1161 3279 effluxerit,
1185 3200 1266 3264 simi·

112 3304 239 3386 literque
258 3313 289 3367 et
307 3323 347 3368 ex
364 3303 425 3368 risu
445 3300 561 3381 lumen,
594 3313 681 3366 etex
699 3315 818 3387 stupore
834 3323 869 3367 ac
885 3303 992 3368 mentis
1008 3303 1106 3388 inopia
1123 3321 1265 3387 corporea

113 3406 213 3470 muudi
230 3403 374 3469 elementa
391 3405 523 3490 prolecta
537 3405 615 3468 sinti
644 3402 722 3469 Volo
738 3404 870 3490 equidem
885 3404 1015 3470 nonnihil
1030 3405 1145 3470 illorum
1161 3405 1265 3469 iuven·

112 3507 152 3572 tis
178 3527 229 3592 pro
245 3508 324 3572 virili
343 3509 490 3572 coulerrc.
536 3504 683 3591 Quoniam
703 3507 779 3572 enirn
798 3528 937 3592 aquarum
958 3508 1056 3572 dulces
1075 3507 1148 3572 olias
1163 3507 1263 3586 video,

111 3620 215 3696 utpote
231 3611 326 3676 ioutes
342 3619 372 3674 et
389 3608 524 3687 domina,
548 3608 679 3692 pluvios,
703 3621 733 3673 et
748 3610 776 3674 id
794 3631 887 3696 genus
901 3609 1046 3694 reliquas,
1071 3609 1161 3689 alias,
1184 3609 1266 3674 velut
1350 3627 1356 3638 ·

111 3709 256 3791 marinas,
277 3713 383 3790 salsas,
401 3711 534 3796 suspicor
548 3731 606 3776 non
621 3731 662 3776 ex
675 3711 739 3776 eius
752 3713 891 3798 lacrymis
906 3733 1009 3776 omues
1025 3711 1170 3799 erupisse,
1188 3714 1264 3797 quod

107 3826 219 3880 natura
240 3815 335 3878 salsae
358 3813 418 3878 sint
439 3814 604 3899 lacrymae,
636 3815 814 3899 proindeque
837 3815 930 3880 salsas
950 3816 1092 3879 duntaxat
1112 3835 1204 3899 aquas
1224 3834 1265 3878 ex

103 3919 180 3983 eius
196 3917 331 4002 lacrymis
351 3926 452 3980 motas
468 3935 546 3981 esse.
593 3912 668 3981 Cum
686 3916 802 3982 iuterim
819 3928 1046 3982 consentaneum
1064 3917 1118 3997 sit,
1142 3917 1263 3982 eandam

100 4147 139 4194 est
155 4133 350 4206 tommtdceurc
358 4135 452 4207 ταύτην
464 4133 587 4206 σύνταξιν,
594 4137 630 4204 {l}
639 4129 673 4206 ἦς
739 4141 764 4194 9.
782 4135 828 4196 eris
845 4135 987 4202 ἀπεικότως
1007 4143 1059 4192 cod.
1075 4143 1129 4192 Ver.

99 4205 164 4280 ἤδη
185 4201 199 4260 ὅ
218 4205 315 4275 κόσμος
331 4215 381 4260 ⁰⁶1²-
740 4209 764 4262 3.
782 4209 862 4280 πηγαὶ
879 4209 922 4264 καὶ
939 4225 985 4262 non
1001 4215 1064 4260 estet
1079 4212 1104 4259 tn
1118 4209 1172 4258 eclr't.
1188 4212 1263 4272 princ.

152 4273 194 4328 les
215 4279 276 4328 Verte
296 4287 372 4344 atque
392 4276 428 4328 ita
449 4276 569 4330 materiae
592 4285 673 4328 ortam
705 4281 812 4330 Primum
829 4281 915 4330 adiecit
932 4281 1012 4330 Peleo.
1029 4279 1057 4328 de
1072 4279 1122 4328 eod.
1138 4279 1212 4328 Votis.

101 4344 276 4399 substantiam
290 4361 359 4406 ease,
378 4361 408 4394 ex
424 4361 471 4413 qua
488 4351 537 4396 cett.
741 4345 764 4397 l.
782 4347 829 4411 τῆς
846 4363 891 4397 cm.
906 4349 956 4398 cod.
975 4349 1029 4396 Ven.

141 4411 188 4466 17.
204 4404 257 4478 ἤδη
275 4415 327 4464 cod.
344 4415 400 4464 ren.
740 4415 764 4466 5.
783 4411 809 4468 lo
833 4417 900 4466 codd.
920 4417 994 4465 Vetto.
1019 4415 1093 4464 tenet.
1127 4411 1169 4468 dccl
1183 4417 1266 4480 rettqnt

140 4481 205 4531 Gar.
221 4479 319 4532 XVlll.
344 4507 377 4520 -
404 4479 426 4532 i.
444 4478 527 4535 λοιπόν
543 4496 590 4533 nort
607 4483 674 4534 naeu
707 4486 769 4536 libri.

98 4553 161 4605 eod.
177 4551 231 4600 Vno
