2984 4996
283 261 345 322 690
705 272 826 326 ειοοτι
843 274 1011 326 κειειικινιι

185 413 191 426 ·
283 399 390 471 θησαν.
431 389 544 454 Τίλειον
558 389 591 454 δὲ
605 381 692 466 οὗτος
707 388 788 476 παρά
803 389 857 473 τὴν
871 397 924 456 τοῦ
940 389 1117 464 διδασκάλου
1135 388 1228 458 αάτοῦ
1244 393 1427 456 διδασκαλίαν
1479 443 1480 458 2

283 489 454 574 άπαρνεῖται
477 489 528 557 τόν
551 490 662 577 γάμον,
689 495 739 556 καί
764 488 881 577 άγνείαν
904 489 999 558 άσιιεῖ·
1028 490 1065 558 ου’
1088 491 1126 558 δι’
1145 491 1277 578 άγνείαν,
1305 491 1363 558 άλλ’
1383 498 1425 558 fn

282 591 416 683 άθειήση
440 592 475 658 τά
499 597 570 679 ἔργα
590 601 643 660 τοῦ
663 598 863 679 δημιουργοῦ,
885 594 1034 661 διδάσκων
1054 593 1094 678 μὴ
1113 595 1317 662 συνάπτεσθαι
1337 595 1423 684 γάμμ,

282 692 334 776 ἀφ’
350 688 387 761 οῦ
402 697 499 781 γάμου
520 693 663 778 εάθηνία,
687 699 775 779 φησί,
798 695 919 780 διαίτης
939 701 1130 774 παιδοποιίας
1151 701 1184 764 ἐν
1199 698 1305 786 κόσμηυ
1325 704 1424 786 1666-

281 805 413 886 μιουργῷ
429 805 552 884 γίνεται,
575 797 652 884 πρός
671 797 822 864 άντίθεσιν
838 807 891 882 τῆς
907 808 961 866 τοῦ
977 805 1160 886 δημιουργοῦ
1178 803 1230 866 καί
1248 810 1366 868 κτιστοῦ
1383 801 1424 866 διά

159 928 210 972 νος.
222 917 267 962 ειν.
281 908 334 983 τῆς
349 905 543 977 παιδοποιίας
560 904 590 966 ἐν
605 909 646 990 τῷ
662 900 763 991 κόσμῳ
779 898 927 984 εάθηνίας.
974 902 1192 988 Φωραθησεται
1206 905 1238 970 δὲ
1255 902 1273 970 6
1290 911 1424 982 τοιοῦτος,

279 1007 330 1069 καί
347 1003 595 1091 διελεγχθήσεται,
618 1001 678 1070 άπό
697 1005 749 1087 μίν
764 1012 817 1087 τῆς
834 1004 890 1088 ἤδη
908 1003 983 1089 πρός
998 1004 1049 1070 τόν
1065 1003 1157 1071 αάτοῦ
1172 1005 1334 1090 ἐπιστάτην
1353 1006 1421 1072 dm·

279 1109 407 1188 θέσεως,
430 1106 481 1173 διά
495 1113 611 1173 πολλῶν
626 1109 832 1190 ποιησαμένων
848 1105 934 1190 ἡμῶν
949 1106 1003 1190 τήν
1019 1106 1096 1193 πρός
1112 1106 1202 1174 αὐτόν
1222 1107 1386 1195 άντιλογίαν
1399 1134 1423 1172 ιε

279 1211 327 1275 καί
347 1207 532 1294 ἀνατροπὴν,
556 1211 587 1274 ἐν
607 1206 726 1285 ὁποίαις
743 1235 773 1274 τε
790 1213 840 1275 καί
862 1207 987 1286 όπόσαις
1010 1210 1129 1299 συνᾴδει
1149 1209 1181 1276 τό
1207 1209 1373 1298 ειίαγγίλιον
1393 1219 1422 1300 τῇ

279 1321 389 1401 παλαιᾷ
408 1312 559 1402 διαθήκη,
582 1314 633 1378 καί
656 1310 697 1388 τός
719 1310 809 1400 αάιός
832 1309 851 1379 6
871 1312 974 1398 κόριος
994 1310 1081 1396 ημοῦν
1102 1310 1243 1398 όμολογεῖ
1261 1313 1294 1380 τό
1317 1320 1422 1396 ποίημα

278 1423 332 1482 τοῦ
354 1414 469 1500 κόσμου
490 1413 564 1481 είναι
581 1419 659 1482 ἴδιον
680 1417 731 1480 καί
753 1412 861 1494 αὐτοῦ,
883 1417 933 1480 καί
956 1422 1010 1480 τοῦ
1028 1415 1138 1501 πατρός
1154 1414 1231 1482 εἶναι
1249 1416 1305 1499 τήν
1324 1423 1421 1482 κτίσιν·

194 1557 197 1564 -
279 1517 320 1594 ῦς
335 1544 367 1604 γε
382 1517 503 1601 μάλιστα
520 1516 668 1584 συνελόντι
683 1516 796 1601 φράσαι
810 1516 1049 1644 κορυφαιότατόν
1063 1545 1090 1584 τι
1105 1522 1186 1604 ρημα
1200 1517 1329 1608 παρά
1299 1525 1341 1584 τά
1355 1515 1421 1604 άγίμ

276 1620 399 1711 Ἰωάννγ
416 1624 516 1706 είρημί
518 1648 579 1699 νου,
602 1618 647 1699 ιδ,
667 1618 752 1684 Ἑν’
733 1627 807 1742 αργῆ
824 1612 862 1704 ἦν
879 1646 894 1685 ο
888 1617 1008 1705 ’λόγος,
1031 1614 1254 1706 καλολογος
1232 1647 1272 1704 ην
1288 1647 1362 1706 προς
1375 1647 1422 1685 τον

276 1722 361 1804 θεόν,
383 1727 435 1790 καί
448 1721 521 1800 θεός
534 1716 603 1806 ἦνο
596 1719 721 1810 λόγος·
744 1721 840 1788 πάντα
858 1719 895 1789 δι’
910 1719 1004 1788 αάτου
989 1724 1142 1809 ἐγίνετο,
1164 1726 1215 1790 καί
1230 1725 1322 1810 χωρίς
1335 1721 1422 1789 αιίτοῦ

276 1827 389 1914 ἐγίνετο
412 1825 481 1893 οῦδὲ
500 1825 574 1892 δνδ
597 1828 712 1913 γέγονε,
733 1827 784 1890 καί
805 1853 842 1892 τα
833 1823 937 1909 ἑξῆς.

139 2027 207 2094 Κῑφ·
227 2023 259 2096 β’·
361 2030 445 2097 ’Λλλά
461 2057 492 2118 γε
509 2028 676 2107 ότοιοῦτος
692 2028 785 2107 6666„-
803 2027 1045 2118 άνατραπήσειαι.
1090 2033 1133 2094 Et
1150 2029 1206 2116 γάρ
1226 2030 1362 2114 βοάλοιτο
1382 2033 1419 2096 λε’-

277 2159 339 2220 γειν
356 2133 402 2200 ότι
419 2131 598 2209 άντιθίσεως
614 2132 698 2220 χάριν
719 2135 770 2199 καὶ
789 2135 991 2219 καθαιρέσεως
1008 2139 1067 2198 τῶν
1086 2130 1146 2198 ῦπό
1166 2139 1221 2199 τοῦ
1244 2137 1420 2219 δημιουργοῦ

278 2240 410 2304 ἐνταῦθα
433 2233 640 2323 λεγομένων’
619 2264 638 2319 η
662 2243 716 2302 τοῦ
737 2235 834 2328 γάμου
856 2235 935 2302 αῦτῦ
959 2233 1104 2316 συνάφεια
1127 2234 1330 2314 α’θετεῖται,”
1314 2265 1363 2301 ινα
1383 2233 1419 2317 μη

276 2367 316 2404 τω
304 2343 503 2429 δημιουργῷ
519 2337 729 2438 συμπράξειεν,
753 2339 824 2415 όίςτε
838 2336 998 2422 άπίχεοθαι
1012 2335 1182 2402 παντάπασι
1198 2345 1251 2403 τοῦ
1270 2341 1358 2466 ἔργοιγ
1373 2343 1419 2402 τοῦ

277 2445 476 2528 δημιουργοῦ,
498 2449 563 2518 ποῦς
581 2439 646 2524 οόχί
668 2439 774 2565 άλογος
789 2439 867 2530 αὐτῷ
888 2467 907 2524 η
931 2438 1082 2506 ιῦπόνοια
1096 2467 1147 2507 και
1162 2438 1287 2526 φωροτή
1307 2441 1358 2506 καί
1378 2436 1419 2504 εό-

275 2546 466 2674 θυίλεγγτοςς
488 2541 565 2608 ’ίδοδ
580 2541 652 2628 γάρ,
675 2540 733 2608 άπδ
751 2551 804 2626 τῆς
826 2547 943 2619 κτίσεως
960 2545 1011 2608 καλ
1026 2551 1079 2626 τῆς
1097 2551 1151 2608 τοῦ
1169 2547 1353 2628 δημιουργοῦ
1374 2546 1419 2624 δη·
1478 2569 1479 2580 ’

276 2651 446 2732 μιουργίας,
468 2648 517 2711 καί
540 2650 599 2710 νῦν
618 2648 751 2725 ἐδωδιῦν,
775 2647 826 2710 καί
844 2653 903 2710 τοῑν
919 2643 1055 2727 άμφίων,
1077 2647 1126 2710 καλ
1147 2653 1201 2728 τῆς
1222 2645 1350 2732 χρήσεως
1370 2671 1417 2708 πο

276 2747 377 2832 μάτων
396 2751 520 2832 μίιεισιν
540 2745 559 2813 6
580 2746 653 2833 γόης
669 2750 721 2814 καί
743 2745 761 2813 ό
782 2745 927 2834 άγόρτης,
955 2749 1006 2813 καί
1029 2745 1122 2824 άλλως
1144 2745 1181 2812 οῦ
1200 2745 1357 2831 δυνήσεται
1376 2749 1418 2812 ἐκ·

275 2861 399 2937 φυγεῖν,
421 2853 473 2916 καί
489 2849 529 2934 μή
549 2849 614 2934 οῦγλ
633 2853 749 2936 τοιίτοις
763 2858 899 2936 χρῆσθαι.
946 2849 1021 2926 Θιός
1037 2847 1092 2936 γάρ
1107 2847 1126 2916 6
1141 2852 1263 2916 πάντων
1281 2849 1417 2930 δεσπότης

274 2957 325 3020 καί
348 2952 545 3039 δημιουργός,
575 2951 694 3020 πάντων
717 2951 936 3040 ἐπιμελόμενος,
965 2955 1016 3018 κοιλ
1037 2954 1087 3018 ίπί
1109 2951 1179 3030 τοῦς
1199 2951 1350 3038 πονηροῦς
1370 2953 1415 3016 καί

275 3053 412 3142 άγαθοῦς
428 3053 573 3122 α’νατίλλει
590 3055 682 3122 αότοῦ
702 3055 753 3122 τόν
769 3055 865 3138 ἥλιον,
887 3058 937 3122 καί
955 3057 1004 3122 ἐπὶ
1022 3053 1094 3132 τοῦς
1110 3053 1201 3121 αὐτόν
1215 3059 1415 3137 βλασφημοίν-
1477 3079 1478 3096 ¹

275 3185 326 3236 τας
341 3160 392 3224 καί
409 3160 459 3224 ἐπί
473 3155 544 3234 τοῦς
559 3156 649 3224 αὐτόν
668 3157 841 3236 δοξάζοντας
856 3160 963 3241 πέμπει
977 3155 1070 3226 αιίτοῦ
1087 3155 1140 3224 τόν
1154 3155 1254 3236 δετδν,
1276 3159 1325 3224 καί
1345 3155 1412 3222 πάν·

273 3287 326 3337 τας
340 3261 454 3345 τρέφει,
478 3259 532 3326 οῦκ
556 3258 652 3350 άλόγιγ
669 3263 725 3326 τινί
747 3263 796 3328 καί
815 3259 986 3350 άναισθήτρο
1008 3257 1139 3350 όρισμηῦ,
1161 3259 1232 3325 άλλά
1252 3263 1412 3348 διιδιιιίμτῇ

273 3361 341 3448 παρ’
355 3360 447 3430 αῦτοῦ
463 3359 617 3453 όρισθείση
631 3365 663 3428 ἐν
676 3371 712 3453 τῇ
726 3362 868 3452 μελλοάση
884 3368 976 3448 κρίσει
989 3370 1207 3448 μακροθυμῶν,
1226 3365 1277 3428 καί
1289 3360 1413 3446 όρισμοῖς

274 3469 361 3542 ίδίοις
375 3467 427 3531 καλ
443 3471 536 3554 σοφίᾳ
552 3464 587 3531 τά
604 3464 700 3532 πάντο
714 3470 835 3532 διοικῶν
852 3464 894 3542 όίς
912 3469 973 3532 ἐστι
992 3467 1107 3552 πρέπον
1125 3473 1161 3555 τῇ
1177 3462 1271 3532 αῦτοῦ
1290 3467 1330 3542 είς
1343 3463 1411 3530 πάν·
1476 3461 1477 3470 ’

272 3594 323 3644 τας
340 3567 482 3657 οίφελείιγ,
503 3567 540 3632 ἵν’
556 3572 587 3634 οί
599 3567 827 3651 μετανοήσαντες
840 3574 893 3650 τῆς
907 3566 976 3653 παρ’
989 3565 1081 3634 αῦτοῦ
1098 3567 1276 3652 άμνηστείοις
1286 3565 1411 3651 τυχόντες

271 3668 304 3735 τό
322 3670 468 3756 σωτήριον
483 3668 649 3753 κτήσοιντο·
673 3673 700 3736 ελ
714 3671 745 3736 δὲ
760 3672 923 3754 ἒπιμίνοιεν
937 3681 1001 3747 ταῖς
1022 3669 1119 3736 αῦτῦν
1137 3669 1323 3754 βλασφήμοις
1341 3666 1408 3733 ῦπο-

271 3778 367 3848 νοίαις
381 3776 433 3838 καλ
451 3770 721 3858 μυταιοφροσόναις
735 3783 799 3850 ταῖς
812 3772 854 3857 μή
875 3777 909 3840 ἐκ
924 3780 999 3840 θεοῦ
1015 3770 1117 3848 αὐτοῖς
1132 3776 1300 3852 δοθείσαις,
1319 3769 1350 3836 τό
1365 3797 1408 3852 τη-

270 3883 404 3954 νικαῦτα,
428 3873 498 3958 μετά
515 3873 569 3958 τὴν
584 3877 723 3940 ἐντεῦθεν
740 3872 911 3961 άπαλλαγήν
926 3884 978 3941 τοῦ
994 3873 1183 3954 αῦτεξουσίου
1202 3877 1302 3958 μηκέτι
1316 3869 1409 3947 αάτοῐς
1475 3897 1476 3930 ὲ

270 3979 565 4064 συμπαραμίνοντος,
592 3975 716 4053 2αὐτοῖς
737 3977 791 4060 τήν
812 3976 877 4044 τότε
897 3980 1038 4062 ίσομίνην
1056 3982 1166 4064 κρίσιν,
1189 3975 1261 4044 άλλά
1281 3975 1343 4043 οῦτε
1361 3972 1408 4040 διά

144 4087 251 4144 ΝΜ
272 4080 383 4163 θυμόν,
406 4078 472 4146 οὔτε
487 4076 527 4156 οἱς
544 4081 574 4145 ἐν
592 4076 666 4170 α’ργγῑ
680 4081 840 4168 ἐπιφέρων,
863 4079 950 4164 3(όλα
964 4080 1019 4168 γάρ
1033 4080 1070 4148 τά
1084 4080 1206 4165 ἐσόμενοι
1221 4081 1407 4168 προεθέσπισε

303 4237 361 4288 Cn.
379 4239 467 4288 11.-
505 4237 527 4288 l.
551 4233 654 4291 ῦπόνοια
679 4240 730 4290 τοῦ.
757 4241 828 4290 δολία.
862 4253 915 4289 nem
936 4241 1076 4290 οῦεττοτοιιί.
1115 4241 1141 4290 ίιι
1165 4241 1232 4289 tibris
1251 4253 1309 4288 m
1329 4237 1406 4298 ίςςῦῐ

270 4301 392 4364 andum:
409 4307 458 4356 ιοσ.
475 4307 590 4370 flhediy„
606 4313 628 4356 ιι
644 4310 697 4358 libri
714 4309 778 4358 edin.
863 4307 1143 4393 ουμνιαρογιίνοντοςω
1137 4299 1255 4360 α’λλδ’
1225 4322 1282 4360 οντι
1302 4301 1344 4358 διδ
1366 4304 1405 4354 δν

302 4375 326 4424 2.
353 4375 450 4424 Βιιίιλνι·
473 4343 602 4438 λιριίίοιιιόι
624 4377 728 4426 ordinem
748 4378 827 4426 νιτῦο-
862 4371 924 4458 μὲν,
951 4381 1037 4436 αυτοῖς
1051 4371 1098 4456 τήν
1113 4362 1173 4427 τότε
1190 4371 1306 4440 δοομίιηι
1321 4369 1405 4434 κρίσιν,

268 4457 336 4504 νυνι,
360 4444 486 4491 ολιυναιίο
502 4445 580 4504 aliquo
595 4447 665 4494 veteri
684 4446 738 4494 οίίιιν
752 4446 827 4494 viola·
861 4438 920 4496 οὔτε
945 4439 982 4502 οἷς
1007 4437 1070 4497 ἐν’
1056 4443 1120 4509 οργῇ
1147 4440 1276 4510 ἐπιφέρων
1314 4440 1405 4492 Pacuio

268 4515 330 4574 λιιι,
355 4524 422 4561 οιιιιιι
437 4513 497 4562 οοιιίί
512 4525 529 4561 α
542 4515 620 4574 μιιοτι
643 4503 702 4564 οὔτε
722 4513 755 4562 οδ
769 4513 827 4564 αλιι-
860 4514 951 4576 aliquid
967 4515 1044 4566 διιιιι
1059 4512 1189 4563 υιδιλιοιιιτ.
