2984 4996
352 345 956 402 rsusanursonemrrnnssnxuu.
1164 337 1222 402 aet

78 472 118 535 ad
137 491 211 556 quos
229 470 294 535 ideo
312 469 387 534 banc
404 468 551 554 apostulus
568 467 718 553 epistolam
736 465 824 530 dedit.
868 462 902 530 lu
919 487 976 552 qua
990 466 1112 553 primum
1128 467 1226 553 singu·

77 572 154 638 laris
172 572 319 638 cuiusdam
342 591 408 636 esse
429 569 562 634 beoehcii
582 571 667 634 dccet
685 568 837 632 Hebraicis
859 569 900 634 oti
917 570 1065 634 vocabulis
1084 591 1169 656 posse
1192 591 1226 636 ac

76 677 179 759 legem
197 675 314 738 docere.
360 672 474 738 Deinde
492 682 523 736 ut
536 669 644 736 Graeci
659 671 802 736 sermonis
817 682 958 736 tumorem
973 675 1227 759 arrogantiamque

77 777 300 862 comprimeret,
320 797 386 842 sese
401 776 562 858 linguarum
578 774 690 837 illorum
707 793 762 838 usu
774 772 990 838 instructiorem
1004 775 1061 838 illis
1075 777 1145 860 ipsis
1160 796 1226 842 esse

76 878 213 958 monuit,
244 880 318 964 quod
336 876 491 942 Hebraeus
514 875 550 940 ab
572 873 714 940 Hebraeis
737 886 817 939 esset
838 876 995 954 oriundus,
1028 886 1058 940 ct
1080 878 1115 940 ad
1138 879 1226 962 podes

78 981 255 1048 Gameliolis
277 981 435 1044 institutus.
481 975 526 1042 lta
544 976 707 1042 llcbraicae
725 978 839 1060 linguae
855 977 1005 1042 scientiam
1029 979 1058 1042 io
1077 978 1159 1042 londa
1176 1001 1225 1063 po·

76 1085 154 1163 suit,
178 1097 206 1148 et
221 1085 298 1147 iuter
313 1082 431 1166 spiritus
444 1079 537 1145 sancti
552 1079 696 1144 banelicia
712 1081 886 1144 numeravit.
930 1078 1014 1145 Unde
1028 1091 1055 1142 et
1073 1081 1106 1144 ad
1123 1079 1225 1146 Timo·

78 1189 180 1250 thcum
198 1187 233 1252 de
250 1185 352 1250 iisdem
370 1183 518 1261 scribens,
547 1186 603 1256 Tu,
628 1181 738 1265 inquit,
761 1183 797 1244 ud
812 1185 996 1244 adolescentia
1011 1203 1109 1246 aceras
1125 1185 1374 1262 Ir’terusartmnts.

76 1294 215 1352 dr’dr'er'str'.
262 1285 348 1370 erod
363 1306 435 1350 vero
451 1286 485 1348 ad
501 1284 577 1348 illam
594 1283 784 1348 eruditionem
802 1285 949 1369 politiores
965 1303 1078 1368 quoque
1095 1281 1226 1352 Graeco-

76 1413 147 1456 rum
168 1392 283 1469 literas,
314 1389 370 1452 hoc
388 1401 432 1454 est
448 1387 577 1473 poeticas
594 1406 628 1448 ao
644 1385 820 1464 rhetoricas,
850 1385 1007 1464 adiecerit,
1038 1385 1109 1450 iisce
1127 1387 1224 1452 verbis

78 1492 249 1578 expressitr
271 1494 470 1554 Abundantius
487 1492 563 1552 nobes
580 1489 705 1550 omnibns
722 1491 827 1568 driugais
841 1492 954 1570 loquor,
987 1487 1028 1554 uti
1044 1509 1077 1554 se
1094 1486 1225 1554 Graeca·

76 1617 147 1661 rum
165 1594 379 1679 disciplinarum
394 1591 595 1656 excellentiori
611 1591 733 1674 quodam
749 1611 803 1654 usu
821 1591 979 1676 praeditum
997 1611 1063 1654 esse
1081 1601 1225 1656 monstra-

77 1710 140 1763 ret.
182 1695 261 1760 Nam
276 1707 304 1758 et
320 1695 464 1759 scribendi
480 1715 573 1778 genus
589 1693 681 1778 ipsum
696 1715 752 1776 quo
767 1693 857 1757 utitur
873 1693 1057 1758 humanitatis
1071 1692 1149 1758 illum
1164 1705 1225 1758 stu·

78 1802 139 1866 diis
153 1800 227 1864 haud
244 1796 429 1862 mediocriter
443 1795 581 1860 imbutum
597 1794 688 1858 luisse
704 1795 842 1874 declarat,
861 1805 892 1860 ut
906 1818 943 1860 uo
958 1795 1095 1881 Epicurei
1111 1796 1224 1881 quidem

76 1903 136 1989 ipsi
155 1899 286 1966 Stoicive
304 1909 425 1986 possent
441 1897 597 1978 resistcre,
626 1918 698 1981 quos
722 1917 822 1961 omnes
845 1918 909 1961 eum
931 1919 1000 1962 arae
1023 1899 1099 1963 illins
1121 1896 1225 1964 iuscri-

77 2005 209 2090 ptionem
232 2003 390 2078 eiusmodi,
422 2005 613 2082 IgnotoDeo‚
648 1999 760 2064 erudite
780 1999 917 2083 legisset,
951 2023 1145 2066 summarum
1163 2002 1373 2078 elo-nomm.

76 2105 199 2192 quentia
211 2105 423 2188 artificioseque
435 2103 582 2180 refutauit,
599 2100 626 2166 id
639 2101 790 2186 ipsumque
803 2101 842 2166 ita
855 2103 1027 2168 declaravit:
1047 2108 1131 2183 Quem
1143 2109 1223 2186 igno-
1270 2163 1273 2174 ,

77 2221 180 2272 rurales
194 2211 302 2281 oolr’tr'a,
332 2211 406 2268 hunc
421 2210 556 2269 nnnnmr’o
572 2205 657 2266 codas.
703 2201 777 2268 lteru
792 2205 859 2270 illud
876 2205 933 2270 ulio
948 2205 1013 2270 lucu
1028 2206 1119 2286 dixit,
1141 2211 1282 2272 omrem.
1296 2225 1315 2281 t,
1328 2226 1359 2272 ta

76 2315 193 2395 presidum
211 2315 345 2391 propmns
366 2311 478 2371 illorum
497 2310 642 2388 propbeta,

167 2416 311 2474 Cretenses
331 2433 439 2492 semper·
458 2413 616 2484 menduces,
643 2412 731 2472 natae
753 2411 871 2484 destrm,
899 2422 1007 2474 uermes
1024 2416 1115 2492 pregri,

78 2515 282 2601 Epimenidem
296 2524 426 2579 veterem
442 2511 639 2597 philosophum
653 2511 830 2596 intelligens,
847 2509 973 2576 Mithrae
987 2513 1134 2578 cuiusdam
1148 2515 1223 2599 apud

80 2615 244 2684 Cretenses
258 2617 324 2680 idoli
337 2615 529 2680 sacerdotem.
574 2613 621 2678 Da
637 2635 692 2698 quo
708 2625 737 2678 et
751 2611 957 2693 Callimachus,
980 2613 1110 2702 Libycus
1123 2624 1220 2702 potita,

80 2723 159 2786 idem
182 2718 377 2784 testimonium
400 2716 473 2783 falso
497 2718 532 2782 ad
553 2717 715 2780 institutum
738 2737 821 2781 suum
843 2718 1006 2799 transtulit,
1038 2741 1102 2782 cum
1123 2718 1163 2784 ita
1186 2720 1222 2784 de

81 2821 94 2887 l
178 2822 299 2886 cecinit:

98 2843 156 2888 Μ
190 2929 273 2986 Creta
294 2929 402 3007 parilem
423 2927 534 2986 nssfflne
554 2924 682 2982 mendum.
728 2926 788 2984 lien
808 2943 922 3002 magne,
944 2926 1101 3004 sepulcrum

192 3033 275 3090 Crete
297 3040 373 3088 tuum
395 3031 552 3099 resumit,
576 3027 627 3086 sed
646 3035 672 3084 te
692 3045 767 3086 murs
787 3027 867 3087 nulla
887 3028 1006 3105 subegit.

79 3129 176 3196 Vides
193 3149 330 3213 quorsum
347 3128 396 3192 ille
413 3128 447 3190 de
466 3126 571 3210 linguis
588 3126 711 3211 apostoli
725 3147 822 3190 sermo
838 3126 998 3213 pertineat,
1020 3131 1088 3190 Volo
1103 3133 1224 3212 purisque

79 3233 167 3294 cerdo
180 3253 263 3292 sensu
277 3251 350 3305 meo,
376 3230 430 3293 boo
445 3239 491 3292 est
505 3250 568 3291 cum
585 3228 822 3313 interpretatione
839 3230 928 3314 loqui.
974 3226 1221 3312 Quemadmodum

78 3331 222 3420 propbeta
244 3333 395 3418 quaesibi
415 3331 508 3396 sancti
527 3328 643 3416 spiritus
660 3331 755 3396 oblatu
776 3331 806 3394 iu
824 3331 949 3396 animum
967 3333 1097 3396 inruisse
1117 3334 1223 3398 luerint

78 3437 111 3500 in
128 3434 252 3498 medium
268 3437 420 3520 proferens
441 3432 620 3498 auditoribus
640 3433 700 3498 suis
719 3453 771 3518 per
785 3434 962 3518 prophetiam
975 3434 1053 3500 illam
1069 3435 1153 3500 affert
1168 3436 1222 3501 uti·

78 3539 210 3615 litatem,
241 3537 282 3601 ita
309 3559 379 3622 ego,
410 3536 522 3621 iuquit,
554 3534 631 3618 loqui
660 3534 703 3598 sio
725 3535 827 3620 cupio,
860 3547 890 3600 ut
913 3558 959 3600 mo
979 3537 1104 3602 eeclesia
1127 3539 1221 3604 omnis

80 3640 198 3718 audiat,
228 3651 258 3704 et
279 3639 422 3704 aedificari
445 3638 551 3724 possit,
585 3657 643 3700 nou
659 3647 691 3700 ut
711 3635 844 3704 Graecae
859 3649 909 3704 aut
926 3638 1088 3704 Hebraicae
1106 3639 1222 3725 linguae

78 3740 203 3806 scientia
219 3741 312 3806 elatus
328 3763 373 3806 roe
389 3761 495 3818 unum,
526 3739 573 3824 qui
590 3757 654 3804 eam
672 3740 783 3805 scilieet
797 3742 971 3826 intelligam,
994 3763 1051 3806 nou
1069 3743 1220 3808 ecclesiam

78 3845 187 3930 ipsam,
207 3843 367 3907 aedificem.
410 3841 459 3906 Tu
473 3863 545 3906 vero
559 3841 627 3906 illud
644 3841 788 3922 addidisti,
806 3841 933 3922 Marcio,
958 3847 998 3907 Ob
1011 3849 1116 3926 tegrm3
1140 3846 1222 3931 quasi

78 3946 123 4012 ita
140 3945 292 4031 scripserit
306 3945 470 4032 apostolus:
496 3949 562 4006 Volo
580 3951 701 4028 purirpue
715 3949 797 4010 cerba
813 3952 842 4010 r'n
856 3951 973 4010 ecclesia
984 3959 1101 4029 propter
1120 3952 1217 4029 legem.

79 4171 166 4220 bobert
181 4169 230 4236 τῆς
253 4162 308 4222 u’rrl
330 4161 468 4235 timuisses,
492 4181 551 4231 punt
566 4171 636 4220 uerbo
703 4165 743 4220 56.
761 4163 865 4222 eldrdtou
881 4171 933 4221 eod.
950 4171 1039 4233 Valle,
1063 4176 1084 4222 et
1099 4173 1153 4222 r'ode
1168 4173 1221 4222 rrrt

77 4241 192 4290 Petreius
203 4252 257 4288 oum
268 4252 314 4288 ooo
325 4239 462 4300 lutetlsperrt
468 4272 476 4299 ‚
493 4240 582 4288 nodata
595 4252 636 4288 no·
669 4239 749 4289 Petcu.
773 4236 885 4292 situlieu
894 4241 943 4289 sod.
951 4240 1046 4303 ltbrdr'p.
1057 4245 1078 4290 et
1087 4241 1140 4290 rdtt.
1145 4243 1220 4303 nnnc

79 4307 147 4356 ravit,
701 4305 742 4357 et.
761 4308 895 4356 callimach.
911 4309 996 4369 nyma.
1012 4309 1037 4358 n
1051 4311 1099 4360 lou.
1112 4309 1136 4359 u.

114 4369 156 4424 et.
172 4374 238 4424 surr
255 4375 337 4424 habent
353 4367 496 4439 dmdcrue.
702 4369 742 4424 58.
764 4377 876 4436 rorantur
901 4374 1009 4438 λαλῆσαι
1036 4382 1057 4427 et
1083 4375 1220 4442 οἰκοδομεῖν

115 4441 157 4491 55.
173 4443 209 4492 lto
231 4444 339 4504 rectora
359 4456 402 4504 pro
426 4441 478 4510 beai
502 4444 564 4504 quod
584 4444 637 4492 ttbn'
666 4443 995 4504 pendereutdrntnrourrbo
1011 4443 1085 4506 utto,
1103 4447 1166 4508 quad
1181 4459 1218 4496 co·
1256 4471 1262 4486 ·

76 4511 190 4572 praebent
205 4524 295 4574 omnes,
322 4511 432 4560 Petuntur
447 4513 552 4560 normam
571 4513 637 4560 unm·
669 4513 779 4574 οιιοιιοιιο
793 4513 938 4574 repetendum
954 4515 995 4562 est.

79 4581 118 4628 uis
134 4582 230 4628 actoru.
