3018 4994
349 351 484 404 rausnrr
501 351 562 404 urs.
578 353 598 403 r.
616 351 698 405 rom.
711 353 742 404 ιι.
760 351 858 404 naun.
871 353 984 406 xxxn.
1178 341 1236 406 ast

85 474 274 561 copulentur.
321 469 530 556 Quamobrem,
554 471 701 536 hominum
717 471 928 554 infelicissime,
953 495 1010 538 uon
1025 473 1140 538 aliunde
1155 495 1238 558 quam

87 600 129 642 ex
147 576 298 640 daemonis
313 574 452 640 instinctu
470 585 558 639 totam
576 575 652 638 illam
670 595 801 638 errorum
820 574 952 640 hausisse
968 587 1142 642 structuram
1161 576 1240 642 omui

87 703 130 744 ex
153 690 236 765 parte
259 677 455 742 convinceris.

176 780 236 847 Sed
258 801 295 844 ue
315 780 380 864 quid
403 802 419 843 a
442 779 526 844 nohis
546 779 810 865 praetermittatur,
841 781 916 864 quod
937 802 953 844 a
970 803 1111 865 quoquam
1128 782 1240 848 dicatur
1259 798 1316 866 cip.
1332 799 1374 850 ιιι.

85 897 140 948 aaut
163 886 230 961 fiat,
264 905 330 946 cum
350 883 521 968 praesertim
540 882 637 966 plures
655 881 761 970 sintin
780 883 881 946 eadem
898 893 979 946 secta
997 883 1158 968 principes,
1190 886 1239 970 qui

87 986 218 1052 dirersis
231 984 440 1050 concinnandis
455 984 559 1048 fabulis
574 983 729 1068 magistros
743 982 829 1048 etiam
844 986 923 1069 ipsos
938 1005 1077 1071 superare
1092 1005 1159 1050 sese
1175 987 1238 1072 glo-

87 1091 222 1168 riantur,
248 1089 314 1152 rulo
332 1089 360 1150 in
379 1087 415 1150 iis
431 1086 702 1164 commemorandis,
726 1086 819 1170 quiin
838 1087 936 1150 eadem
952 1086 1066 1152 haeresi
1082 1098 1162 1168 sunt,
1185 1089 1237 1152 sed

85 1194 147 1257 alia
165 1191 305 1276 quaedam
321 1191 442 1275 insuper
455 1198 609 1266 asserunt,
633 1188 780 1273 paulisper
796 1188 955 1254 immorari.
1000 1187 1179 1275 Epiphauem
1194 1203 1237 1254 at-

85 1317 146 1381 quc
164 1291 307 1358 isidorum
322 1291 470 1375 intelligo,
495 1291 542 1375 qui
559 1290 789 1354 cohortationum
807 1311 841 1354 ac
858 1302 1076 1377 praeceptorum
1092 1294 1189 1377 specie
1206 1293 1236 1356 in

86 1396 308 1485 profundiorem
327 1414 394 1458 sese
411 1393 589 1456 infelicitatis
605 1393 774 1478 voraginem
792 1393 945 1456 immersit.
990 1391 1030 1457 Et
1046 1415 1110 1458 eum
1127 1415 1144 1458 a
1162 1391 1236 1460 Car·

86 1509 210 1588 pncrate
231 1507 349 1583 parente
368 1517 422 1558 suo
441 1516 545 1559 revera
564 1495 627 1559 falsi
647 1496 789 1580 dogmatis
807 1495 917 1560 initium
937 1495 1096 1582 acceperit,
1126 1497 1161 1562 ad
1181 1493 1236 1562 Se·

86 1603 178 1667 cundi
200 1612 295 1665 tamen
318 1597 470 1684 opiniones
493 1598 639 1675 adhaesit,
673 1609 703 1661 et
721 1599 756 1662 ad
777 1594 979 1662 secundianus
998 1598 1157 1683 adscriptus
1177 1609 1233 1663 est.

85 1702 228 1790 inprimis
243 1702 319 1766 enim
335 1721 437 1784 magna
454 1712 499 1764 est
515 1700 709 1764 aberrantium
726 1701 847 1764 istorum
868 1701 1012 1766 hominnm
1027 1721 1045 1764 a
1060 1721 1092 1764 se
1110 1700 1234 1764 invicem

87 1805 256 1882 dissensio,
288 1813 317 1866 et
338 1802 527 1866 inanissimae
543 1802 723 1886 loquacitatis
739 1802 885 1866 incondita
908 1805 1048 1887 quaedam
1070 1823 1104 1866 ae
1122 1813 1235 1888 pertur-

87 1912 157 1974 bata
175 1906 316 1970 varietas.
361 1902 457 1984 Nam,
483 1917 513 1968 ut
529 1905 565 1968 ab
582 1903 730 1990 Epiphane
749 1904 860 1983 ordiar,
886 1901 1070 1991 Carpocratis
1085 1903 1141 1968 iste
1159 1905 1234 1970 filius

88 2035 130 2078 ex
149 2007 335 2074 Alexandria
354 2019 463 2086 matre,
496 2007 550 2070 hoc
570 2007 645 2070 enim
665 2007 691 2098 ci
710 2007 899 2086 concaluit,
932 2007 1067 2086 adillos,
1099 2007 1233 2070 utidixi·

87 2137 175 2192 mus,
199 2121 387 2196 aggregatur,
411 2109 458 2194 qui
474 2129 512 2172 cx
529 2105 714 2195 Cephallenia
733 2121 852 2195 paterno
869 2131 977 2196 genere
993 2109 1144 2188 oriundus,
1168 2130 1232 2173 cum

87 2219 125 2283 ad
142 2211 247 2280 XVll.
267 2212 370 2278 aetatis
386 2233 491 2276 annum
505 2212 699 2296 pervenisset,
718 2212 868 2277 immatura
883 2224 975 2278 morte
990 2222 1159 2299 praereptus
1174 2222 1230 2276 cst.

70 2317 238 2385 'Nimirum
257 2317 418 2380 sceleratos
434 2315 566 2378 homines
581 2315 651 2378 deus
667 2315 710 2377 sic
725 2325 858 2398 tanquam
873 2316 971 2401 spinas
986 2314 1108 2395 evulsit,
1133 2314 1231 2378 huma·

87 2440 189 2506 noque
206 2418 307 2504 generi
327 2417 429 2482 melius
448 2416 554 2501 aliquid
574 2416 709 2502 providit.
753 2413 826 2482 Post
843 2418 918 2482 illius
937 2417 1045 2481 obitum
1067 2417 1103 2479 iis
1125 2417 1172 2500 qni
1194 2416 1230 2481 ub

87 2548 126 2591 eo
143 2521 258 2608 decepti
272 2521 386 2584 fueraut
400 2523 484 2605 plaga
498 2519 546 2583 illa
562 2519 674 2584 lethalis
689 2519 830 2583 adhaesit.
863 2517 901 2583 Et
916 2519 945 2583 in
961 2519 1036 2584 hanc
1050 2539 1141 2602 nsque
1156 2518 1231 2582 diem

86 2629 117 2692 in
139 2625 237 2690 insula
250 2620 341 2688 Samo
357 2622 463 2688 divinis
477 2621 634 2686 honoribus
649 2620 782 2686 afficitur.
825 2620 902 2686 Nam
919 2622 1032 2686 incolae
1051 2619 1184 2706 templum
1203 2621 1230 2684 ei

86 2728 295 2804 condiderunt,
315 2735 345 2790 et
360 2725 478 2788 ineunte
493 2744 592 2788 mense
607 2743 691 2789 sacro
707 2725 844 2807 quaedam
862 2746 895 2788 ac
910 2723 1089 2788 ceremonias
1104 2722 1228 2803 obcuntp

87 2853 147 2897 nec
161 2851 220 2894 non
238 2840 317 2892 artes
332 2838 362 2890 et
375 2824 510 2890 Muscam
524 2827 559 2889 ad
576 2826 737 2890 detestandi
750 2825 826 2890 illius
840 2827 964 2890 nominis
978 2825 1145 2890 memoriam
1162 2846 1231 2888 con·

87 2941 262 3009 scararunt3
293 2928 452 3015 Epiphanis
475 2928 577 3013 quippe
598 2925 732 2992 Museunr
755 2929 909 3013 appellant.
955 2925 1153 3012 Cephallenii,
1185 2927 1230 2988 in-

87 3058 195 3123 quam,
228 3053 263 3096 eo
281 3030 436 3096 vecordiae
450 3028 596 3116 progressi
614 3040 697 3108 sunt,
729 3041 759 3093 ut
778 3042 808 3094 et
824 3031 850 3094 ei
867 3031 1007 3096 sacrificia
1025 3052 1059 3094 ac
1074 3028 1229 3093 libationes
1308 3066 1314 3079 ·

87 3139 232 3214 offerant,
265 3145 294 3198 et
310 3135 338 3197 in
358 3135 424 3197 fauo
441 3133 519 3196 illius
534 3131 647 3216 epulum
665 3131 837 3216 praebcant,
869 3145 898 3196 et
912 3134 1034 3219 hymnos
1051 3133 1080 3195 in
1097 3133 1161 3196 cius
1178 3131 1229 3194 ho·

88 3259 193 3304 norem
209 3235 375 3300 concinant.
420 3233 528 3298 Habuit
543 3255 614 3298 vern
627 3235 661 3296 ad
675 3233 807 3298 infelices
822 3235 886 3298 illos
900 3236 1096 3320 decipiendos,
1120 3255 1154 3298 ae
1171 3255 1228 3298 non

87 3342 176 3406 modo
195 3340 230 3402 ad
247 3359 312 3402 enm
327 3348 457 3416 sectam,
487 3337 537 3400 sed
554 3336 635 3400 etad
651 3335 726 3401 aliud
744 3358 836 3422 genus
850 3338 976 3416 erroris,
1008 3337 1063 3400 hoc
1079 3347 1125 3401 est
1139 3337 1228 3400 simu·

86 3446 233 3508 laccorum
258 3438 494 3525 superstitionem
518 3439 709 3502 traducendos
737 3459 870 3522 magnam
898 3440 1062 3504 illecebram
1084 3439 1229 3524 exquisita

88 3545 231 3633 quaedam
247 3542 371 3606 hominis
390 3540 532 3619 eruditio,
555 3549 665 3604 etcum
681 3541 709 3603 in
727 3541 805 3604 omni
822 3541 1005 3606 humanitatis
1020 3563 1145 3626 genero,
1170 3551 1228 3604 tum

87 3649 118 3712 in
141 3644 303 3711 Platonicis
325 3643 506 3727 dogmatibus
529 3642 657 3727 apprime
678 3654 806 3707 versata.
852 3643 910 3728 Qui
929 3645 1041 3730 quidem
1063 3643 1229 3730 Epiphanes

87 3751 124 3812 ad
144 3745 310 3813 Secrrndum
328 3766 362 3810 se
376 3756 462 3829 atque
478 3745 541 3808 cius
557 3745 687 3808 fautores
700 3746 871 3831 applicavit,
893 3746 1025 3830 illiusque
1039 3746 1069 3810 iu
1086 3767 1119 3810 sc
1135 3747 1227 3824 virus,

88 3853 146 3916 hoc
168 3860 215 3912 est
235 3848 371 3913 imbutam
395 3858 539 3911 venenata
561 3848 680 3931 quadam
704 3859 784 3933 peste
806 3849 1005 3933 loquacitatem
1028 3849 1184 3935 expressit.

173 3948 317 4015 Isidorum
333 3969 404 4013 vcro
419 3959 538 4014 narrant
552 3949 721 4034 quibusdam
736 3947 974 4016 Cohortationnm
988 3951 1069 4016 libris
1082 3950 1228 4036 nequitiae
1246 3965 1305 4036 cap.
1319 3965 1359 4018 tv.

88 4073 161 4120 suae
178 4055 363 4117 fundamenta
377 4051 494 4116 iecisse.
540 4049 599 4116 Sed
614 4061 708 4116 utrum
726 4053 824 4118 eadem
839 4054 865 4118 is
879 4075 918 4118 eu
932 4064 1010 4118 secta
1025 4063 1111 4138 atquc
1125 4053 1227 4116 iisdem
1342 4069 1344 4074 ’

88 4155 274 4244 opinionibus
291 4153 442 4234 extiterit,
464 4175 501 4216 an
519 4175 560 4218 ex
577 4153 810 4239 philosophorum
829 4156 979 4242 disciplina
996 4156 1225 4220 cohortationum

88 4259 197 4322 artifex
212 4277 278 4322 esse
294 4257 443 4335 didicerit,
467 4257 539 4320 certi
556 4256 626 4320 uihil
641 4257 795 4341 explorare
813 4259 973 4322 docuimus.
1017 4255 1177 4342 Utcumque
1193 4277 1226 4320 se

87 4449 128 4510 ttt,
141 4445 168 4498 2.
182 4459 239 4510 pop.
250 4445 279 4496 st
289 4445 310 4496 t.
326 4447 403 4509 Pota,
424 4449 445 4495 et
460 4445 603 4498 merucesc.
710 4443 735 4499 6.
754 4463 782 4500 τε
798 4451 891 4512 reposui
904 4463 947 4512 pro
963 4445 999 4511 tl,
1016 4461 1076 4514 quoe
1088 4449 1184 4510 cuncto
1196 4451 1229 4498 est

85 4517 150 4636 ὦ..
162 4511 306 4634 Ξῖιὲιῃιιιιιι
320 4511 495 4580 Κεφαλληνίας
512 4517 578 4566 hehet
594 4517 644 4568 (ιιι-
675 4519 796 4580 scripturo.
