2984 4996
354 351 487 403 rnuuuu
504 349 959 406 transmeduanensis
1166 337 1227 404 659

82 483 115 538 ιιι
134 472 303 538 ostenderet
318 471 374 536 sihi
391 471 463 535 hoec
479 471 574 536 obluta
593 492 651 534 nou
667 469 775 550 fuisse,
810 468 924 533 tametsi
941 477 971 531 et
988 469 1133 554 occiperet
1149 469 1225 556 ipse,

83 587 115 640 et
130 575 159 638 in
176 575 292 638 nomine
304 573 369 639 eius
384 574 534 638 offerrent.
576 571 661 656 Quod
677 572 790 657 quidem
807 572 843 635 oh
856 571 1051 634 inveteratam
1065 571 1227 637 istiusmodi

83 676 116 742 in
130 677 219 741 rebus
234 676 347 742 illorum
366 675 605 740 consuetudinem
623 677 805 753 estfactum,
829 675 951 738 docens
968 673 1090 758 plurium
1109 676 1229 740 deornm

84 800 141 844 usu
156 779 292 864 paulatim
309 777 339 842 in
356 779 442 843 unius
458 777 552 842 cultus
570 763 746 842 reformatos
762 777 951 862 perduceret,
984 786 1014 838 ut
1029 775 1065 839 eh
1081 777 1131 842 itto
1147 778 1229 842 dein·

84 903 155 968 ceps
174 881 371 966 intelligerent
386 880 456 944 nihii
470 881 546 946 hunc
561 880 702 945 eiusmodi
720 878 823 944 ritihus
841 899 914 964 opus
932 877 1086 957 hahuisse,
1110 900 1164 943 neo
1180 879 1230 944 lra-

84 985 175 1064 here,
206 995 292 1068 etque
313 983 354 1046 itu
369 983 482 1047 demum
505 1003 558 1068 per
571 979 682 1047 Christi
698 981 742 1046 sui
757 981 912 1044 adventurn
930 991 1020 1044 totum
1037 979 1105 1044 ittut
1121 982 1232 1046 sucrifi-

84 1087 198 1150 ciorum
216 1085 363 1169 negotium
379 1084 649 1165 circumscriberet,
673 1094 823 1170 postquam
841 1083 955 1148 unicum
972 1105 1007 1146 ec
1020 1083 1168 1168 singulare
1185 1105 1231 1148 su·

85 1187 227 1252 criticinnr
245 1187 446 1252 antecedentia
465 1187 560 1252 omniu
581 1199 829 1266 consummasset,
861 1185 994 1250 nimirum
1013 1183 1123 1252 Christi
1140 1187 1232 1250 escri-

85 1291 195 1354 t'rcium.
242 1289 405 1374 Quoniam,
437 1300 469 1354 ut
490 1291 627 1376 scriptum
650 1301 712 1368 est,
742 1293 850 1356 Pascha
868 1301 993 1350 nocuum
1011 1291 1168 1350 immolatus
1188 1300 1382 1357 monumen.

86 1397 230 1456 Ckrr'stur.
277 1391 371 1456 Huius
388 1413 474 1477 porro
488 1392 623 1457 sacrificii
638 1403 668 1457 et
683 1391 828 1479 pnsnhstis
842 1403 872 1455 et
886 1391 1035 1456 doctrinae
1048 1392 1233 1477 poedagogus

85 1496 139 1558 lex
160 1495 229 1574 fuit,
259 1514 333 1578 quse
350 1515 403 1580 per
421 1495 580 1578 tigurerum
599 1494 834 1559 adumbrationes
851 1494 1022 1573 deduceret,
1058 1505 1088 1558 et
1104 1496 1139 1557 ed
1157 1494 1234 1558 eliud

87 1597 260 1683 disciplinae
281 1616 374 1682 penus
396 1598 556 1662 conterret.

173 1695 274 1764 Schol.
291 1696 337 1764 XI
354 1709 384 1763 et
399 1696 490 1764 th.
525 1704 575 1762 Vrr
595 1721 698 1764 comum
720 1722 774 1762 non
791 1703 901 1762 ιιιιινιιιι
919 1703 1015 1780 glorio
1035 1711 1065 1762 et
1080 1705 1173 1780 thrugo
1190 1704 1238 1762 dm·
1248 1719 1303 1778 cop.
1311 1722 1343 1776 11,
1353 1723 1385 1768 ιι.

88 1825 153 1868 erens
173 1808 222 1866 eit.

173 1905 275 1970 uetur.
294 1900 340 1968 Xi
355 1913 386 1968 et
399 1901 491 1968 xlx.
525 1902 595 1970 Non
615 1905 708 1970 scium
727 1902 773 1968 dei
791 1903 964 1988 imaginem,
996 1903 1047 1968 sed
1066 1913 1097 1968 et
1112 1903 1235 1988 gloriam

87 2008 238 2094 spostolus
261 2006 405 2072 hominem
429 2027 496 2072 esse
519 2005 634 2072 dedicit.
686 2003 807 2070 Comen
831 2027 904 2069 vero
928 2003 1027 2090 utique
1052 2025 1234 2090 corporeum,

88 2133 150 2175 non
167 2111 281 2176 enimse
299 2109 444 2194 proprium
467 2130 530 2173 num
552 2109 697 2186 nominet,
730 2129 786 2172 non
808 2107 932 2172 alienum
955 2129 972 2170 ι
992 2109 1069 2172 bono
1091 2108 1146 2171 deo
1164 2128 1235 2193 opus

87 2211 159 2276 illud
177 2231 244 2278 esec
259 2211 423 2297 significet,
454 2231 490 2275 co
507 2213 582 2295 quod
602 2232 677 2296 quse
693 2209 723 2274 in
738 2221 838 2276 vetere
855 2219 1031 2276 testnmeuto
1045 2210 1236 2276 continebun-

89 2325 139 2378 tnr
158 2317 188 2377 iu
212 2335 289 2378 novo
311 2312 427 2398 implete
449 2333 516 2377 esse
539 2315 674 2378 intentur.

175 2413 276 2482 Schol.
292 2412 355 2479 ΧΠ
372 2425 403 2478 et
417 2412 494 2479 XX.
528 2419 587 2478 Sed
606 2419 674 2478 dens
696 2421 859 2497 temper-uuit
877 2437 989 2496 corpus.
1251 2423 1386 2481 nuptum.

173 2517 275 2582 uetur.
290 2514 353 2581 xtt
371 2528 400 2580 et
413 2513 490 2580 XX.
524 2514 558 2581 st
574 2537 679 2603 corpus
695 2538 712 2582 a
727 2517 781 2582 deo
796 2527 985 2602 temperatum
1001 2527 1059 2596 est,
1080 2537 1135 2582 nec
1149 2517 1236 2581 otium

89 2639 176 2705 quem
192 2640 295 2685 verum
314 2619 398 2683 deum
415 2619 563 2704 apostolus
581 2619 740 2704 praedicet,
764 2621 886 2686 eundem
903 2639 989 2705 porro
1005 2618 1089 2682 deum
1105 2617 1237 2706 corporis

86 2721 219 2786 membre
236 2734 416 2806 temperasse
432 2742 466 2785 uc
482 2722 626 2786 formasse
642 2719 812 2800 confitetur,
831 2743 888 2786 non
904 2720 991 2786 olium
1006 2722 1138 2806 profecto
1153 2722 1238 2786 deum

88 2844 178 2908 quem
194 2823 372 2888 conditorem
391 2823 496 2908 ipsum,
519 2834 549 2886 et
566 2823 680 2908 quidem
695 2824 803 2888 honum
820 2834 850 2888 et
866 2835 1029 2889 erectorem
1045 2835 1075 2890 et
1087 2822 1195 2888 iustum
1210 2833 1240 2886 et

89 2925 272 2990 conditorem
292 2923 419 2990 omnium
437 2925 580 3008 agnoscit.
626 2924 741 3009 Quibus
760 2947 800 2991 ert
817 2925 952 2992 omnihus
971 2927 1057 2991 homo
1076 2925 1239 2991 censendus

90 3039 140 3094 est
159 3027 196 3091 ob
217 3027 320 3094 eodem
343 3037 410 3112 epte
432 3027 494 3090 suis
516 3027 645 3113 pertibus
669 3027 863 3114 membrisque
885 3011 1073 3120 temperatus.

178 3125 279 3194 Schol.
296 3127 372 3194 Xlll
390 3138 419 3193 et
437 3126 530 3194 XXI.
562 3127 720 3216 Perpersm
740 3130 797 3198 ista
816 3131 967 3218 concepit:
998 3135 1058 3195 Sed
1074 3135 1104 3194 ιιι
1122 3133 1239 3194 ιοιιιιιιι
1252 3139 1390 3199 coptum.

89 3237 156 3296 octo
171 3237 292 3314 qumque
306 3234 390 3296 uerba
404 3253 487 3296 seusu
504 3255 562 3296 meo
576 3235 670 3316 lopm':
695 3233 780 3300 aliter
795 3233 871 3300 enirn
891 3233 1021 3320 scripsit,
1045 3243 1075 3297 et
1090 3235 1124 3296 od
1140 3238 1237 3315 legem,

89 3335 210 3402 adiecit.

177 3435 279 3500 Reiut.
294 3435 372 3502 XIII
389 3448 418 3501 et
431 3434 524 3502 XXI.
556 3436 691 3524 Linguae
704 3439 793 3524 igitur
807 3461 824 3506 u
839 3439 958 3526 spiritus
976 3439 1070 3504 sancti
1085 3438 1178 3524 pretio
1191 3440 1241 3504 de·
1370 3521 1371 3524 Ἴ

88 3541 238 3606 rivuntur.
283 3537 437 3605 Eiusmodi
460 3560 566 3625 porro,
598 3541 633 3606 de
658 3541 759 3626 quihus
782 3543 930 3628 spostolus
951 3541 1095 3627 loquitur,
1126 3540 1241 3625 liuguae

89 3652 179 3722 sunt,
203 3653 235 3706 ιιι
250 3662 309 3706 uon
326 3641 491 3708 Hebraices
507 3642 593 3708 modo
611 3664 702 3709 uoces
718 3644 982 3730 comprehendent,
1007 3664 1081 3730 quuo
1096 3641 1126 3707 in
1143 3642 1241 3728 singn-

87 3747 128 3812 lir
145 3745 298 3810 vocubulis
312 3745 491 3830 proeclurem
507 3746 650 3832 quandum
667 3767 702 3812 uo
720 3749 883 3833 sopientem
898 3747 1069 3812 varietatem
1088 3744 1240 3825 exhibent,

89 3849 145 3914 scd
174 3859 205 3912 et
230 3846 287 3911 eliu
310 3869 425 3933 quoque
450 3849 616 3916 idiomatum
640 3850 824 3931 discrimine,
858 3871 931 3936 quoe
955 3849 1086 3914 nonnulli
1110 3848 1243 3915 Grnecoe

90 3952 212 4034 liuguae
236 3949 338 4035 periti,
371 3950 417 4014 eui
439 3951 543 4016 insitus
566 3953 680 4038 quidem
705 3956 797 4017 fustus
822 3973 857 4018 no
883 3952 997 4016 sortitos
1022 3963 1084 4031 est,
1116 3951 1245 4036 gloriose

89 4051 257 4130 iactabant,
282 4051 374 4136 qualis
392 4063 438 4116 est
456 4052 573 4134 Attice,
598 4052 722 4118 Aeolios
741 4075 777 4119 ec
793 4053 903 4120 Dorice
921 4053 1101 4139 proprietas,
1126 4075 1244 4139 qnorum

93 4153 164 4220 freti
185 4152 309 4218 scientio
329 4153 460 4220 nonnulli
480 4154 580 4222 turbas
599 4155 665 4222 ilius
686 4152 819 4222 Corinthi
838 4177 873 4222 oo
890 4155 1050 4222 seditiones
1065 4156 1243 4236 excitarunt,

127 4303 170 4361 48.
185 4309 303 4370 homost
314 4297 407 4378 ηὔχουν
420 4303 485 4370 τινὲς
494 4325 537 4372 pru
547 4303 653 4380 αὖχοῦι-
687 4309 853 4363 locutionibus
869 4321 937 4364 reete
954 4329 1009 4363 eum
1024 4311 1146 4379 sepientis
1161 4308 1245 4360 varie·

89 4394 137 4437 τις
155 4391 201 4442 quc
219 4379 276 4428 uitio
292 4378 345 4428 iibri
360 4379 431 4441 vulpe
447 4381 560 4430 tuterunt
597 4383 654 4430 Gor·
687 4389 772 4446 getes,
789 4379 834 4431 sed
851 4379 926 4432 etiem
943 4382 1078 4432 fastuosum
1094 4381 1245 4430 Gmecomrm

89 4448 178 4500 uarius
194 4448 276 4496 uenit:
293 4441 400 4512 Linguae
414 4454 497 4496 nutem
512 4446 596 4513 quoles
611 4446 653 4498 di-
686 4447 795 4514 liugunm
811 4447 928 4500 ineteutes
945 4447 1053 4511 indicet,
1072 4457 1097 4499 et
1114 4445 1181 4514 quod
1199 4451 1246 4497 ht·
1264 4445 1279 4478 ⁴

91 4513 130 4568 nit
145 4509 299 4580 Apostolus?
334 4513 392 4564 Non
410 4512 492 4564 solunt
507 4529 581 4565 voces
597 4515 652 4564 He·
687 4515 737 4567 tice
753 4534 783 4568 ee
801 4515 900 4568 ttecliee
916 4527 942 4568 et
956 4515 1049 4568 Dorice
1064 4515 1165 4585 quidum
1180 4513 1246 4582 rpud

90 4581 191 4636 brnicus
206 4579 371 4633 diuermmode
386 4599 416 4634 uo
430 4581 498 4634 serie
512 4579 538 4632 in
551 4581 653 4650 singuiis
689 4583 831 4638 Corinthios
848 4584 1008 4654 loquerentur
1024 4591 1076 4638 cett.

972 4671 1044 4754 42*
