2986 4996
286 242 421 296 tnNuttt
439 242 517 294 tuv.
535 241 705 295 ildffldssd
721 241 786 297 ΗΒ.
798 243 818 296 i.
834 242 916 297 Tott.
927 244 947 294 l.
1149 229 1189 294 73

83 361 365 448 pititerusurpamus,
388 360 546 446 quemlibet
562 360 645 424 deum
663 359 802 440 dicimus,
826 381 881 424 nec
895 359 992 425 minus
1014 379 1080 426 enm
1101 359 1150 444 qui
1171 380 1190 424 a

79 463 185 546 petitu
199 464 303 528 colitur
320 485 404 548 quam
421 463 469 548 qui
484 482 556 526 vere
571 463 644 526 deus
661 473 718 527 est.
764 462 805 526 tlt
823 483 887 526 oum
908 457 943 524 Ὁ
959 458 1031 537 θεὸς
1054 461 1189 544 dicimus,

80 585 129 628 eon
147 565 250 630 seilicet
272 565 462 650 exprimimus
477 564 525 648 qui
543 583 632 627 verus
654 575 685 628 et
707 575 755 628 est
770 575 801 627 et
816 585 882 628 esse
903 565 1090 649 cognoscitur
1103 563 1187 628 deus.

79 661 207 746 Similiter,
230 687 295 730 cum
318 665 433 745 llomu,
455 665 504 730 rel
521 662 581 729 llic
598 665 685 729 homo
701 665 816 730 dicitur.
861 664 923 730 lum
943 666 1055 731 verosi
1072 666 1121 730 lex
1136 666 1190 730 lucc

19 759 21 848 l
77 769 142 830 nodo
160 779 296 855 conceptu
315 768 406 844 ieret,
437 771 474 830 Sr'
492 779 631 828 mortuum
648 771 814 847 cauponae,
839 766 969 832 universi
986 789 1023 832 ea
1044 766 1191 832 sententia

74 869 378 953 comprehenderentur,
402 869 480 933 etad
498 889 600 932 omnes
617 878 748 933 mortuos
763 867 851 933 dictio
866 869 913 932 illa
930 879 1087 955 spectaret.
1128 865 1189 933 Sed

74 989 122 1032 cun
135 971 320 1056 inscriptum
333 970 384 1050 sit,
408 974 519 1051 Siquis
534 973 609 1032 dunc
623 983 761 1032 normam
778 975 914 1050 eruperat,
933 971 970 1035 ad
985 991 1079 1053 unum,
1088 992 1189 1055 qoem·

73 1070 128 1153 pias
142 1073 242 1136 reterri
258 1072 356 1150 debet,
373 1071 506 1135 nimirum
524 1070 684 1150 dominum,
704 1082 737 1136 ut
749 1070 833 1136 initio
849 1072 1024 1136 declaratum
1041 1083 1097 1136 est.
1121 1070 1189 1136 lloc

73 1192 126 1234 reru
143 1173 187 1238 lex
213 1174 312 1259 specie
332 1171 454 1259 quadam
478 1171 651 1256 aenigmatis
676 1184 796 1257 propter
817 1193 870 1238 eos
892 1173 967 1236 dixit
995 1174 1043 1257 qui
1069 1171 1189 1238 Christo

72 1294 151 1338 nauus
167 1274 302 1339 iniecturi
316 1285 418 1353 eraut,
449 1285 479 1336 et
502 1273 532 1337 iu
554 1295 670 1337 crucem
687 1273 846 1354 sublaturi3
870 1273 1006 1338 uidelicet
1020 1273 1188 1358 expiatione

71 1377 308 1458 maniliacum,
340 1377 432 1440 donec
455 1374 528 1460 ipsis
547 1374 610 1438 dies
628 1375 759 1453 occidet,
790 1396 824 1439 ac
843 1396 919 1439 nova
940 1375 992 1440 lux
1011 1396 1064 1460 per
1080 1376 1189 1460 baptie-

68 1497 127 1538 nun
142 1499 173 1540 ac
191 1478 301 1542 lavacri
321 1478 573 1560 regenerationem
593 1477 715 1541 emetur.
762 1473 855 1542 Cuius
872 1476 930 1540 mei
951 1477 1019 1540 dicti
1036 1478 1121 1541 lidum
1138 1497 1189 1540 eo-

69 1577 115 1640 dem
128 1578 154 1642 in
169 1581 235 1643 loco
251 1576 356 1642 Petrus
375 1577 510 1656 adstruit,
534 1577 600 1640 dum
618 1577 833 1664 Hierosolymis
851 1575 1000 1643 israelitae
1019 1578 1186 1663 alloquitur,

68 1679 102 1760 qni
117 1701 146 1742 se
160 1681 435 1763 interrogaverunt,
467 1683 540 1757 Quid
550 1683 711 1759 summus?
733 1691 886 1765 propterea
906 1681 980 1764 quod
996 1680 1044 1743 ille
1059 1679 1187 1759 dixerat,

68 1783 132 1856 Oeen
148 1805 194 1844 uos
210 1787 242 1844 in
258 1803 342 1842 eruce
359 1783 512 1862 mffiaritr'u
527 1786 618 1842 Iesum
635 1791 705 1845 cett.
750 1779 883 1865 Moxque
901 1782 949 1845 ubi
969 1803 1008 1845 ex
1024 1781 1121 1844 animo
1138 1780 1190 1844 do·

68 1881 141 1946 lentes
155 1881 371 1959 animadvertit,
395 1887 605 1956 Poem'tuutz'om,
630 1882 734 1966 iuquit,
757 1887 851 1962 agite,
882 1896 913 1946 et
928 1887 1087 1966 dopnaetm·
1100 1905 1187 1946 unus-
1199 1903 1247 1948 uet
1259 1903 1281 1958 t,
1293 1901 1326 1946 re

66 1990 161 2066 purique
175 1992 205 2048 in
220 1989 333 2048 uomtite
350 1989 414 2045 Iesu
434 1987 543 2046 cuneo·
556 1989 664 2046 domiui
676 1990 778 2060 nostru}
802 1997 831 2047 et
843 1991 1021 2049 remittentur
1036 1987 1112 2048 oodr'r
1123 2009 1190 2068 pec·

66 2098 122 2160 ruo,
142 2101 170 2148 et
183 2101 241 2149 mm
257 2090 593 2167 montemacutum
610 2091 765 2167 coepere.
805 2085 850 2151 De
867 2109 924 2171 quo
941 2087 1055 2171 quidem
1074 2099 1189 2151 mortuo

65 2185 135 2250 rerba
153 2188 226 2272 legis
249 2186 417 2272 accipienda
434 2198 514 2250 suunt.
559 2187 601 2251 At
616 2187 730 2272 quoties
746 2188 781 2251 de
801 2188 858 2251 alio
876 2189 998 2271 quodam
1016 2199 1130 2252 mortue
1146 2188 1189 2252 lo-

65 2287 156 2368 quitur,
179 2292 269 2354 aliter
284 2289 457 2373 concipitur.
504 2285 554 2352 Sic
578 2291 652 2351 euim
671 2288 729 2352 aits
761 2293 798 2352 Si
813 2295 961 2350 monsterel
975 2301 1117 2364 mortuus,
1142 2311 1189 2352 oc-

64 2392 147 2452 cludite
169 2397 273 2454 lunone
287 2413 322 2453 oc
339 2393 497 2473 fiammae,
521 2413 558 2452 ne
573 2394 670 2452 domus
686 2395 859 2472 supertectum
906 2388 999 2473 Quasi
1020 2391 1056 2454 de
1077 2391 1188 2475 peccati

64 2491 189 2556 auditione
213 2495 344 2570 diceret,
379 2487 413 2555 Si
437 2491 548 2576 peccati
571 2512 672 2554 rocem
695 2491 841 2570 audieris,
872 2503 923 2556 aut
946 2491 1066 2556 alieuius
1092 2493 1188 2557 delicti

62 2595 185 2674 νρννὶονν,
213 2594 330 2659 oculum
350 2604 429 2656 tuom
449 2591 485 2655 ab
500 2611 535 2654 ca
551 2592 707 2676 cupiditete
722 2593 843 2671 claude,
867 2614 922 2657 nec
940 2613 997 2658 nou
1013 2603 1044 2657 et
1059 2614 1093 2656 os
1109 2605 1189 2657 tuum

62 2712 74 2752 a
90 2697 232 2761 maledicto
250 2705 281 2760 et
297 2714 384 2758 eures
399 2693 435 2756 ah
453 2693 551 2757 auditu
570 2693 711 2757 netandae
727 2694 783 2773 rei,
808 2715 845 2758 nc
863 2697 964 2758 domus
982 2693 1108 2778 integra,
1134 2694 1189 2758 hoc

60 2807 96 2856 cst
107 2797 196 2863 anima
213 2819 282 2862 cum
298 2815 422 2880 corpore
438 2795 590 2858 morietur.
625 2791 720 2876 Quam
738 2795 774 2858 olr
793 2816 926 2860 caussam
945 2798 1083 2880 propheta
1101 2796 1187 2876 dixit,

59 2899 87 2955 Sr'
99 2919 166 2960 nors
179 2922 235 2982 per
251 2900 393 2980 senatres
409 2901 576 2958 ascenderit.
622 2893 691 2959 Non
708 2897 784 2960 euim
807 2897 930 2960 usitatos
954 2898 1018 2960 illus
1042 2897 1185 2960 fenestras
1197 2913 1261 2960 nte.
1270 2915 1292 2973 ν,
1304 2914 1337 2960 n.

58 2995 184 3084 intelligit.
231 2999 352 3082 Alioqui
376 2998 511 3062 fenestris
530 2996 656 3062 occlusis
681 3017 825 3082 nunquam
848 3019 902 3062 uos
921 2997 1028 3062 lethum
1045 2998 1188 3083 opprime·

56 3110 101 3161 ret.
135 3099 246 3166 Verum
263 3100 336 3164 niltil
353 3100 429 3164 aliud
448 3101 594 3163 ieoestrue
612 3108 681 3162 sunt
699 3118 783 3182 quam
801 3099 932 3184 corporis
946 3119 1068 3178 sensus,
1091 3098 1185 3178 meus,

56 3203 169 3283 auditos,
201 3225 258 3290 per
275 3201 389 3286 quossi
406 3221 578 3285 peccemus,
603 3220 681 3264 mors
702 3199 777 3263 intru
796 3221 850 3264 uos
868 3199 1042 3283 ingreditur.
1086 3199 1188 3265 Enim·

57 3321 114 3366 rere
132 3302 239 3390 loseph
270 3300 409 3367 lsraelem
436 3302 570 3386 sepeliet,
602 3322 656 3366 nec
675 3302 835 3366 detestetus
857 3312 921 3381 est,
953 3303 1011 3366 imo
1033 3313 1099 3386 post
1121 3304 1187 3388 ejus
1213 3319 1312 3366 umus

56 3415 161 3470 uortm
178 3407 209 3470 in
237 3405 343 3470 taciem
360 3402 554 3488 procumbens
569 3403 757 3468 exosculatus
777 3413 834 3468 est.
880 3400 986 3487 Neque
1005 3413 1099 3467 tamen
1114 3404 1188 3467 scri-

55 3513 119 3586 ptum
134 3519 179 3572 est
197 3506 340 3592 expiandi
363 3525 397 3568 se
418 3504 513 3588 qrqtia
535 3505 627 3588 ipsum
652 3503 791 3568 abluisse.
834 3502 995 3569 Praeterea
1011 3501 1107 3569 Musis
1122 3525 1188 3568 cor-

55 3624 112 3685 pus,
133 3607 379 3692 quemadmodum
402 3627 419 3670 a
436 3604 594 3669 maioribus
610 3604 775 3689 accepimus
789 3605 825 3670 at
840 3607 953 3690 angelis
968 3608 1110 3689 sepultum
1127 3617 1184 3684 est,

52 3725 131 3792 neque
143 3711 184 3776 illi
205 3721 308 3774 tamen
324 3707 376 3771 loti
392 3718 477 3788 suut,
499 3727 534 3770 ac
553 3725 590 3769 ue
606 3704 706 3790 polluti
720 3705 833 3790 quidem
848 3708 942 3772 sancti
961 3708 1036 3772 illiue
1054 3708 1185 3794 corporis
1207 3725 1275 3771 usuc
1286 3725 1321 3771 st.

53 3818 157 3876 stacte.

122 3911 244 3978 Vereor
271 3931 308 3975 ne
329 3912 360 3974 in
384 3909 439 3974 luao
464 3907 649 3974 dissolvenda
673 3910 845 3995 quaestione
868 3909 977 3974 nullum
1000 3911 1111 3975 exitum
1139 3909 1185 3974 in·
1211 3915 1313 3985 cmv.

50 4013 135 4076 teniat
164 4013 279 4078 oratio.
331 4008 392 4077 Sed
416 4031 456 4074 ex
487 4030 545 4074 uua
571 4009 701 4074 alterare
728 4012 841 4076 ratione
866 4012 984 4096 sapiens
1009 4011 1039 4076 iu
1069 4011 1187 4076 domiuo

49 4127 137 4181 contra
161 4114 358 4182 adversarios
380 4113 552 4177 instruetur.
598 4110 645 4174 Ad
665 4111 736 4177 bueo
755 4113 791 4177 de
815 4113 919 4199 spiritu
943 4123 1063 4192 sancto,
1092 4115 1187 4198 quoad

46 4295 110 4390 {eu
131 4301 275 4369 „duodece
288 4299 318 4354 δὲ
331 4295 378 4364 τὴν
395 4292 473 4380 ὀργήν
488 4289 598 4350 κατ’ἅν-
631 4287 724 4376 δρψ*
758 4300 983 4378 flmoetucumtdt:
1000 4308 1046 4362 „ut
1059 4298 1138 4351 diucm
1152 4299 1186 4350 ds

48 4379 157 4435 ‚powg
183 4377 209 4421 et
232 4371 310 4432 punto
329 4372 400 4418 aneu
423 4381 460 4430 „tt
474 4361 507 4430 γᾶ
537 4357 597 4416 use
630 4362 732 4415 domno
757 4376 825 4419 tuxts
853 4377 975 4419 cunonem
1003 4383 1049 4435 per
1082 4376 1185 4421 conuu-

49 4427 138 4491 buurm
160 4439 216 4492 τῶν
241 4430 434 4502 ἁμαρτανόντων
452 4447 471 4484 n
535 4429 595 4485 tuci
629 4429 719 4482 uium.“
