3018 4994
243 306 305 371 408
665 315 784 369 ειαοτι
802 315 973 368 nmmum

247 443 529 518 θκαθαριθμεῖσθαι
551 442 588 525 τῇ
609 440 717 522 παλαιᾷ
738 433 862 520 αἱρέσει,
891 434 941 498 καλ
963 435 995 499 έν
1015 431 1061 510 οές
1081 435 1140 517 ἔφη
1163 431 1181 500 ό
1201 431 1275 511 θεός
1291 432 1385 512 ελιτάτ,

244 534 278 601 ‘0
293 543 465 622 κακολογῶν
481 536 628 622 πατέραῆ
640 537 750 620 μητέρα
766 534 890 624 θανάτῳ
907 535 1073 604 τελευτάτω.
1122 537 1161 604 Τό
1181 539 1214 603 δέ
1230 541 1290 603 ἔστι
1306 539 1388 620 μέρος
1487 613 1488 616 χ

125 655 231 714 mm.
245 636 337 705 αύτοῦ
358 637 499 717 τυπικόν,
528 639 560 706 τό
581 635 640 704 κατ’
659 637 760 704 εἰκόνα
775 645 834 704 τῶν
851 645 1070 720 πνευματικῶν,
1099 640 1149 704 καλ
1168 638 1389 725 7διαφερόντων
1487 641 1488 654 ’

244 745 393 825 κείμενον,
419 739 475 806 8τό
491 743 523 807 έν
538 751 730 826 προςφοραῖς,
751 742 838 826 λέγω,
861 742 912 806 καλ
928 749 1087 831 περιτομῇ,
1106 743 1157 808 καλ
1171 741 1321 830 σαββάτῳ,
1342 745 1388 806 καί

244 849 377 934 νηστείᾳ,
400 846 451 910 καὶ
466 843 579 934 πύσχρι,
604 844 655 908 καὶ
672 841 807 924 άζύμοις,
834 845 886 908 καὶ
901 852 965 920 τοῖς
979 842 1127 920 τοιούτοις
1142 845 1386 926 νομοθετηθέντα·

248 946 353 1012 Πάντα
370 945 425 1032 γάρ
442 954 534 1012 ταῦτα
551 942 659 1022 είειόνες
677 948 729 1010 καὶ
746 942 879 1028 σύμβολα
898 943 969 1010 όντα
986 952 1038 1028 τῆς
1054 943 1196 1030 άληθείας
1210 952 1386 1032 φανερωθῶ-

245 1071 300 1132 σης
320 1051 466 1132 μετετέθη.
513 1046 595 1113 Ka&
614 1048 667 1130 μέν
688 1044 720 1112 τό
743 1046 925 1130 φαινόμενον
946 1049 997 1114 καὶ
1016 1055 1189 1132 σωματικῶς
1210 1051 1385 1122 ἐκτελεῖσθαι

244 1149 394 1241 άνηρέθη,
424 1149 498 1216 κατά
515 1152 545 1215 δλ
560 1149 593 1214 τό
610 1146 807 1232 πνευματικόν
823 1146 996 1232 ύνιλύφθη,
1024 1157 1083 1216 τῶν
1097 1151 1151 1234 μὲν
1166 1149 1323 1235 όνομάτων
1337 1159 1387 1217 τῶν

245 1250 342 1318 αύτῶν
358 1252 518 1336 μενόντων,
538 1253 758 1338 ἐνηλλαγμένων
774 1252 806 1316 δὲ
820 1259 880 1316 τῶν
894 1250 1081 1338 πραγμάτων.
1128 1256 1189 1318 Καὶ
1206 1253 1262 1340 γάρ
1281 1262 1385 1336 ’προς

245 1354 343 1440 φοράς
358 1357 532 1440 προςφέρειν
548 1356 718 1439 προςέταξεν
733 1351 806 1436 η’μῖν
821 1350 839 1418 ό
857 1353 969 1440 σωτήρ,
1005 1351 1106 1420 ῑθάλλ
1121 1352 1186 1438 ούχὶ
1202 1353 1256 1432 τάς
1272 1353 1312 1422 δι’
1325 1355 1386 1422 άλό·

244 1454 416 1544 γωνζῶων,
446 1454 590 1540 ἢτούτων
604 1463 663 1520 τῶν
680 1452 893 1539 θυμιαμάτων,
923 1453 993 1522 α’λλά
1010 1454 1060 1524 διά
1077 1465 1284 1540 πνευματικῶν
1300 1462 1389 1525 αένων
1489 1453 1490 1510 Ϊ

244 1561 295 1625 καὶ
310 1561 406 1637 δοξῶν
418 1563 468 1624 καί
483 1555 672 1644 εύχαριστίας,
694 1561 746 1622 καὶ
760 1555 809 1623 διά
825 1566 879 1640 τῆς
893 1561 935 1634 είς
951 1558 1022 1634 τούς
1036 1563 1159 1642 πλησίον
1171 1565 1330 1638 κοινωνίας
1343 1563 1390 1626 καλ

246 1658 387 1738 εόποιϊας.
432 1663 491 1726 Καὶ
517 1666 547 1708 ¹¹
560 1667 702 1751 περιτομῇ
725 1667 953 1747 περιτετμῆσθαι
971 1658 1052 1744 ἡμᾶς
1069 1661 1219 1746 βούλεται,
1250 1659 1308 1728 ἄλλ’
1328 1661 1389 1746 ούχλ

244 1771 298 1846 τῆς
313 1761 506 1850 α’κροβυστίας
523 1769 574 1844 τῆς
588 1770 770 1846 σωματικῆς,
792 1760 862 1828 άλλά
875 1768 998 1848 καρδίας
1013 1771 1065 1846 τῆς
1080 1771 1289 1847 πνευματικῆς.
1333 1766 1390 1830 Καὶ

245 1863 278 1931 τό
300 1864 447 1948 σάββατον
466 1863 641 1947 φυλάσσειν·
672 1863 773 1950 άργεῖν
793 1863 848 1950 γάρ
869 1867 949 1931 θέλει
967 1863 1045 1949 ἡμᾶς
1068 1863 1127 1932 άπό
1150 1873 1208 1931 τῶν
1224 1868 1319 1951 ἔργων
1335 1871 1390 1932 τῶν

246 1974 392 2053 πονηρῶν.
436 1970 496 2033 Καί
517 1965 666 2050 νηστεύειν
685 1969 732 2047 δὲ,
765 1965 865 2032 λέύλλ
887 1965 924 2034 σύ
945 1966 999 2052 τήν
1020 1966 1188 2051 σωματικὴν
1213 1967 1390 2052 13βούλεται

244 2074 379 2152 νηστείαν
396 2067 476 2152 ἡμᾶς
499 2068 659 2153 νηστεύειν,
690 2067 761 2133 ύλλδ
781 2068 835 2152 τὴν
857 2068 1073 2153 πνευματικὴν,
1103 2072 1135 2136 έν
1157 2062 1179 2158 ᾖ
1198 2072 1278 2136 ἐστιν
1296 2069 1389 2156 άποχιί

245 2171 364 2238 πάντων
379 2180 437 2238 τῶν
454 2171 584 2254 φαύλων.
630 2170 812 2237 Φυλάσσεται
830 2177 931 2255 μεντοί
953 2198 985 2259 γε
1001 2175 1054 2237 καλ
1069 2170 1151 2256 παρά
1166 2181 1228 2248 τοῖς
1242 2169 1389 2258 ἡμετέροις

246 2271 266 2356 ἦ
280 2273 355 2339 κατά
369 2273 401 2340 τό
415 2273 595 2356 φαινόμενον
609 2278 735 2356 νηστεία,
757 2276 820 2340 έπελ
834 2277 885 2340 καλ
899 2281 983 2364 ψυχῇ
997 2301 1023 2340 τι
1038 2274 1255 2357 συμβάλλεσθαι
1270 2273 1388 2342 δύναται

245 2375 320 2458 αὕτη
337 2374 408 2458 μετά
422 2375 510 2461 λόγου
526 2377 680 2462 γινομένη,
703 2373 793 2441 όπότε
810 2377 883 2459 μηδὲ
900 2375 949 2442 διά
965 2374 1019 2459 τόν
1033 2374 1109 2462 πρός
1123 2403 1204 2452 τινας
1216 2382 1338 2462 μίμησιν
1350 2381 1387 2462 γί·
1491 2391 1492 2398 ’

245 2502 338 2557 νεται,
368 2476 439 2561 μήτε
456 2477 505 2544 διά
520 2477 552 2542 τό
569 2481 656 2557 έθος,
687 2476 758 2562 μήτε
774 2478 824 2544 διά
840 2477 894 2560 τήν
909 2475 1036 2565 ἡμέραν,
1065 2476 1107 2556 ῶς
1122 2475 1288 2562 ῶρισμένης
1309 2483 1391 2556 Ηείς

244 2587 333 2645 τοῦτο
348 2576 471 2666 ἡμέρας·
495 2579 556 2663 άμα
572 2581 667 2646 δὲκαὶ
684 2583 726 2657 είς
739 2578 901 2664 άνάμνησιν
915 2588 968 2663 τῆς
982 2578 1126 2664 άληθινῆς
1141 2586 1285 2664 νηστείας,
1300 2586 1350 2648 ἵνα
1363 2585 1393 2648 οί

246 2684 367 2764 μηδέπω
391 2685 501 2764 έκείνην
522 2681 682 2765 δυνάμενοι
695 2681 845 2766 νηστεύειν
861 2680 920 2748 άπό
938 2690 991 2766 τῆς
1006 2682 1082 2749 κατά
1096 2681 1129 2748 τό
1145 2681 1328 2765 φαινόμενον
1344 2711 1389 2766 νη·

246 2788 340 2859 στείας
355 2786 439 2868 έχωσι
454 2785 508 2866 τὴν
524 2781 731 2868 1θόνάμνησιν
747 2782 846 2868 αύτῆς.
880 2787 940 2851 Καὶ
954 2782 987 2850 τό
1000 2784 1098 2868 πάσχα
1110 2784 1142 2850 δὲ
1156 2781 1278 2867 δμοίως,
1293 2789 1344 2852 καλ
1357 2785 1391 2852 τά
1492 2851 1493 2858 ,

246 2883 355 2968 άζυμα,
377 2885 423 2952 ότι
440 2885 550 2962 εἰκόνες
565 2877 649 2969 ἦσαν,
673 2891 759 2968 δηλοῖ
770 2889 820 2952 καλ
836 2894 958 2963 Παῦλος
972 2883 990 2952 ό
1006 2884 1178 2966 άπόστολος,
1198 2885 1233 2952 τό
1248 2888 1281 2954 δέ
1296 2887 1391 2972 πάσχα

247 2985 345 3070 ἡμῶν,
378 2990 523 3074 ιολέγων,
554 2987 646 3072 ἐτύθη
667 2987 808 3073 Χριστός,
830 2987 973 3070 καλ,”ίνα
990 2982 1056 3072 ἦτε,
1078 2991 1185 3072 φησίν,
1207 2988 1329 3072 ἄζυμοι,
1351 2987 1391 3074 μὴ

246 3092 411 3174 μετέχοντες
430 3089 563 3173 Ηζύμης
577 3089 679 3174 (ζύμην
699 3091 771 3156 18δέ
784 3097 838 3156 νῦν
850 3088 905 3174 τὴν
916 3096 1023 3158 κακίαν
1039 3093 1178 3178 ιολέγει),
1192 3089 1251 3156 ἄλλ’
1262 3083 1314 3174 ἦτε
1328 3093 1393 3160 νέον

245 3189 378 3278 φύραμα.

332 3286 448 3371 ιΟὗτος
462 3300 534 3380 γοῦν
547 3296 597 3358 καλ
611 3291 701 3370 αύιδς
716 3292 734 3360 ό
749 3303 802 3360 τοῦ
817 3302 892 3361 θεοῦ
909 3291 983 3361 εἶναι
996 3293 1089 3376 νόμος
1103 3291 1339 3380 ὁμολογούμενος
1351 3300 1393 3374 είς

246 3398 312 3482 τρία
324 3399 484 3482 διαιρεῖται.
530 3400 588 3472 Είς
602 3421 631 3461 τε
644 3395 676 3462 τό
693 3396 895 3484 πληρούμενον
908 3393 968 3463 άπό
981 3403 1034 3462 τοῦ
1046 3403 1192 3479 σωτῆρος·
1213 3395 1246 3464 τό
1261 3395 1328 3484 γάρ,
1347 3397 1392 3464 Ου’

247 3496 415 3579 φονεύσεις,
441 3497 485 3564 Ού
504 3497 680 3582 μοιχεύσεις,
706 3499 768 3564 Ούκ
788 3496 972 3584 ἐπιορκήσεις
991 3500 1023 3564 έν
1043 3505 1085 3588 τῷ
1103 3497 1188 3580 Μηδ
1205 3497 1392 3586 ὀργισθῆναι,

247 3601 320 3682 μηδὲ
336 3603 555 3685 2ἐπιθυμῆσαι,
581 3602 678 3683 3μηδέ
692 3600 798 3684 ύμόσαι
814 3605 1018 3686 περιείληπται.
1063 3607 1228 3686 Διαιρεῖται
1241 3604 1273 3668 δέ
1286 3605 1336 3668 καλ
1349 3605 1394 3680 είς

247 3700 280 3767 τό
303 3699 514 3786 άναιρούμενον
535 3707 660 3780 τελείως1
691 3702 723 3770 τό
748 3703 819 3791 γάρ,
848 3702 1023 3786 Ὀφθαλμόν
1045 3701 1112 3768 άντλ
1136 3701 1313 3787 όφθαλμοῦ,
1341 3709 1393 3770 καὶ

248 3801 356 3870 όδόντα
372 3802 437 3871 άυτὶ
453 3804 589 3884 ὀδόντος,
619 3808 873 3890 συμπεπλεγμένον
887 3813 923 3896 τῇ
940 3803 1056 3894 ύδικίρι,
1087 3807 1138 3870 καλ
1154 3803 1226 3872 αύτδ
1241 3808 1326 3892 ἔργον
1339 3815 1395 3889 τῆς

247 3903 362 3984 άδικίας
383 3909 463 3991 έχον,
495 3904 629 3996 άυηρέθη
649 3905 708 3972 ύπό
730 3915 784 3973 τοῦ
805 3915 936 3992 σωτῆρος
957 3906 1007 3973 διά
1029 3914 1089 3972 τῶν
1109 3909 1254 3974 έναντίων.
1302 3906 1344 3974 Τά
1361 3911 1396 3976 δὲ

129 4039 178 4086 τις.
191 4027 236 4076 m.
250 4011 365 4076 έναντία
384 4008 512 4093 άλλήλων
530 4011 629 4075 4είσλν
644 4008 819 4092 άναιρετικά.
861 4009 936 4096 Ἐγῶ
955 4009 1011 4094 γάρ
1029 4012 1102 4096 λέγω
1120 4005 1191 4091 ύμῖν
1205 4007 1247 4092 μὴ
1262 4007 1394 4092 όντιστῇ-

280 4146 305 4201 6.
321 4151 531 4216 καταριθμεῖσθαι
550 4163 603 4200 πετο
618 4155 651 4200 εει
667 4152 804 4209 emendatio.
874 4148 911 4200 12.
930 4150 987 4199 eod.
1003 4153 1079 4200 λ’τπιλ
1096 4141 1159 4204 α’λλδ
1176 4142 1241 4217 ούχλ

248 4218 313 4268 mn·
328 4221 410 4270 hahent
426 4218 626 4283 καταριθμεῖται.
873 4215 911 4268 13.
930 4219 987 4267 eod.
1003 4220 1078 4268 λἰιιει.
1094 4215 1210 4283 νηστείαν
1227 4213 1351 4284 βούλεται.

282 4285 306 4338 7.
326 4289 397 4348 Vulgo
414 4284 591 4352 διαφερόντως.
872 4281 910 4336 14.
928 4287 1124 4347 praepositionem
1137 4283 1174 4344 τίς
1189 4288 1269 4348 nulii
1283 4300 1339 4336 ιιικε
1350 4289 1396 4338 Pe·

283 4355 307 4404 ὅ.
326 4355 381 4403 coa.
399 4357 472 4404 ίτπιί.
488 4349 529 4407 τὰ.
836 4355 899 4406 navio
915 4367 945 4404 ιτ
960 4357 1043 4404 ultima
1057 4355 1148 4416 τρλίοδο
1162 4355 1269 4406 vocabuli
1285 4349 1395 4420 ῶριηιέ·

283 4417 307 4472 9.
324 4417 450 4486 προφορδς
465 4419 596 4500 προφέρειν
612 4424 648 4474 ιδ.
660 4425 735 4487 punc.
837 4437 890 4488 νης.

287 4489 325 4538 10.
344 4489 400 4538 Οοδ.
414 4491 488 4540 Venti.
508 4487 571 4544 αλλὰ
587 4484 652 4558 ούχλ.
671 4549 674 4556 ‚
873 4489 910 4541 15.
927 4483 1053 4556 διάμησιν
1070 4489 1106 4540 εδ.
1115 4492 1192 4551 μήτε.
1226 4491 1295 4552 Quod
1311 4493 1397 4542 υλίίιι

286 4556 325 4606 λλ.
343 4557 399 4606 (λεδ.
415 4559 489 4608 venet.
504 4554 646 4626 περιτομήν.
836 4561 947 4610 Pacuvius
958 4560 1057 4610 νοπιτλλ
1068 4559 1097 4608 δι
1108 4559 1245 4619 σεισλοείλολε
1257 4560 1310 4610 eod.
1322 4562 1396 4612 wia
