3090 5024
406 336 542 390 rauaau
559 338 623 389 uro.
636 339 656 388 1.
673 311 754 389 rou.
768 338 812 388 ru.
828 337 928 389 naen.
942 337 1012 388 xor.
1224 327 1286 388 549

127 457 250 538 scribit3
282 457 330 541 qui
349 457 465 542 quidem
484 456 586 542 stipsi
607 459 637 520 in
653 457 791 520 haeresin
806 456 932 542 prolapsi
950 468 1035 535 sunt,
1066 458 1153 521 alium
1172 457 1286 541 praedi-

127 573 233 624 cantes
254 561 356 639 deum,
389 581 422 622 ao
441 559 629 645 genealogias
648 559 894 636 interminabiles,
927 580 1116 643 erroremque
1134 559 1213 622 inter
1235 560 1287 622 ho·

129 663 226 726 mitres
247 663 489 741 disseminantes,
513 684 578 725 curu
597 683 614 726 a
633 663 688 725 deo
705 672 848 744 negarent
866 661 1034 725 lubricatum
1052 682 1119 726 esse
1136 664 1284 742 anundum,

128 766 213 830 seda
229 763 445 851 Principatibus
462 785 495 828 ao
510 761 711 828 Potestatibus
728 764 874 826 conditum
891 776 1070 843 assererent,
1091 766 1286 829 resurreetio-

130 889 198 931 nem
222 869 336 931 demum
363 868 504 931 accidisse
529 866 585 930 iam
612 867 760 944 dicerent,
793 865 851 929 illis
873 865 945 950 ipsis
970 867 1163 951 producendis
1186 867 1287 930 liberis

128 991 204 1055 quos
227 981 378 1055 parentum
401 971 522 1055 quisque
544 969 713 1053 genuisset,
748 988 802 1031 nec
825 969 908 1030 aliam
928 979 1107 1032 mortuorum
1127 979 1286 1054 expectan-

129 1076 195 1137 dam
215 1093 282 1136 esse
300 1073 560 1136 resurrectionem.
609 1072 671 1136 Vos
689 1081 785 1135 autem
805 1091 931 1154 quaeso,
957 1073 1079 1147 iratres,
1103 1070 1286 1134 animadver-

130 1175 184 1238 tite
201 1175 360 1240 cuiusmodi
379 1176 494 1260 propria
510 1175 550 1238 sit
567 1175 700 1240 veritatis
718 1187 804 1251 nota,
829 1184 859 1236 et
875 1173 909 1237 ad
927 1172 1040 1236 illorum
1056 1173 1286 1238 convincendam

129 1278 344 1363 improbitatem
367 1288 448 1341 certa
471 1278 557 1341 ratio.

215 1379 358 1465 Equidem
385 1379 458 1443 satis
481 1401 625 1466 superque
652 1381 795 1443 aduersus
820 1379 886 1441 illos
908 1379 1082 1462 disputatum
1106 1399 1124 1440 a
1147 1398 1195 1441 mo
1220 1399 1287 1442 esse

130 1483 240 1546 iudico.
287 1479 388 1566 erare
406 1483 459 1546 bac
473 1484 582 1546 omissa
599 1482 726 1566 reliquas
742 1502 918 1566 persequar,
943 1491 971 1543 et
989 1480 1015 1542 id
1034 1502 1121 1543 ontrm
1140 1490 1284 1559 attexam,
1381 1501 1393 1516 ⁸

128 1585 209 1649 illam
228 1585 297 1648 mibi
316 1585 452 1648 haeresin
472 1585 508 1649 ob
530 1585 714 1670 multiplicem
732 1583 978 1648 Arebonticorum
996 1581 1217 1667 appeliationem
1235 1605 1287 1647 va·

128 1689 193 1752 riae
222 1709 256 1750 aa
284 1688 443 1772 perplexae
465 1699 633 1772 serpentum
656 1685 834 1772 improbitati
862 1707 947 1769 quaro
974 1684 1148 1748 simillimam
1179 1686 1284 1750 videri.

129 1788 244 1853 Nescio
267 1790 344 1852 euim
367 1812 424 1874 quo
450 1799 533 1875 pacto
559 1790 601 1853 sic
619 1801 755 1872 tanquam
776 1788 873 1852 multis
893 1787 1090 1871 exanguibus
1107 1788 1237 1853 conlusis
1256 1789 1287 1852 iu

130 1914 220 1956 unum
237 1911 271 1956 au
290 1893 462 1977 promiscuis
480 1893 608 1977 pestiferi
626 1891 704 1955 illius
721 1893 831 1954 erroris
848 1911 963 1954 venena
980 1891 1104 1953 conllatu
1123 1901 1202 1953 suut.
1248 1887 1288 1955 Ut

129 1996 159 2058 in
180 1995 238 2058 illis
258 1995 361 2078 partina
379 1995 516 2058 draconis
534 1995 602 2057 insit
622 1994 761 2072 audacia,
786 1992 888 2077 partim
908 1992 1019 2077 pbysali
1037 1993 1196 2072 calliditas,
1221 2015 1287 2076 par·

129 2098 180 2159 tim
196 2097 316 2181 spiritus
333 2117 408 2181 quue
426 2107 471 2158 est
484 2097 513 2159 iu
532 2096 657 2160 bautone
675 2081 871 2180 suppressio,
887 2095 990 2179 partim
1007 2095 1141 2158 aconitae
1157 2095 1284 2178 agilitas,

129 2199 234 2285 partim
257 2199 415 2262 ostracitae
434 2219 526 2282 prona
545 2198 706 2262 lubricitas.
753 2196 886 2280 Quorum
904 2199 1032 2260 omnium
1052 2197 1123 2260 eliso
1141 2199 1234 2279 capite
1251 2218 1285 2260 ao

128 2301 263 2364 veritatis
279 2301 411 2364 doctrina
429 2302 555 2364 contrito
570 2302 604 2362 ad
622 2301 749 2384 reliquas
764 2300 963 2377 transibimus,
987 2319 1021 2361 ac
1036 2298 1216 2382 singularum
1233 2298 1286 2362 lal-

130 2402 248 2466 sitalem
271 2423 396 2487 arguere
418 2404 473 2466 deo
497 2403 656 2487 opitulante
678 2402 860 2466 conabimur.

280 2641 621 2718 ADVERSUS
668 2641 1137 2736 GBRDONIANOS,

370 2787 452 2858 quae
478 2771 530 2839 est
555 2763 702 2838 haeresis
721 2761 836 2856 XXI.,
863 2763 933 2838 sire
952 2761 1046 2838 XLI.

214 2911 290 2976 'l'am
313 2913 357 2978 bis
380 2935 465 2998 quam
488 2913 665 2979 lleraclcoui
685 2915 801 2999 quidam
822 2912 921 2977 Cerdo
941 2915 1102 2994 successit,
1126 2914 1162 2978 ab
1183 2915 1284 2978 eadem
1304 2924 1362 2993 cap.
1379 2927 1399 2976 1.

130 3015 230 3078 schola
255 3016 418 3099 proiectus,
452 3029 481 3080 et
507 3039 524 3080 a
548 3015 669 3081 Simone
693 3040 727 3080 au
751 3015 901 3082 Saturnilo
927 3018 1038 3081 erroris
1062 3027 1165 3080 nactus
1191 3017 1285 3080 initia.

131 3114 189 3198 Qui
205 3137 270 3179 cnm
290 3138 307 3179 e
326 3115 415 3203 Syria
435 3117 557 3182 Romam
575 3119 780 3204 peregrinandi
796 3139 900 3182 caussa
919 3119 1008 3182 miser
1025 3120 1217 3194 accessisset,
1241 3119 1288 3182 sui

132 3217 213 3282 iuxta
227 3239 262 3280 ao
278 3229 455 3284 sectatorum
469 3241 588 3285 suorum
605 3221 686 3284 labes
702 3221 841 3305 quaedam
856 3242 891 3283 ae
907 3223 1052 3306 pernicies
1069 3223 1132 3286 luit.
1177 3219 1287 3284 Miser·

132 3321 202 3384 rima
218 3319 321 3406 qnippe
338 3334 406 3384 tuoe
423 3332 469 3386 cst
485 3323 631 3386 bominum
651 3337 774 3403 natura,
798 3345 862 3387 cum
881 3324 926 3386 dei
945 3325 1021 3388 viam
1040 3325 1226 3407 relinquens,
1258 3333 1287 3386 et

132 3441 148 3484 a
169 3422 267 3484 diviua
286 3443 319 3485 se
339 3425 494 3488 roratione
511 3445 691 3508 segregans,
724 3425 838 3510 longius
857 3425 987 3489 aberrat.
1033 3423 1147 3508 Quibus
1163 3425 1231 3488 illud
1251 3425 1286 3488 de

132 3525 213 3588 uanis
233 3524 343 3588 fabulas
359 3526 519 3610 contingit,
544 3528 591 3610 qui
613 3525 721 3590 ineius
740 3529 814 3610 quod
834 3527 862 3589 in
881 3548 932 3590 ore
947 3527 1082 3611 gestabat
1096 3528 1225 3591 umbram
1244 3527 1287 3590 in·

132 3637 248 3703 tentus,
273 3637 302 3689 et
319 3626 347 3688 in
365 3648 468 3711 aquam
484 3629 666 3713 despiciens,
691 3629 757 3692 dum
775 3630 876 3692 eodem
893 3630 957 3692 cibo
977 3651 1061 3713 quem
1080 3629 1225 3693 mordicus
1245 3631 1287 3692 le·

133 3728 214 3791 rebat
237 3729 377 3792 maiorem
401 3729 529 3794 umbram
552 3753 618 3794 esse
640 3732 822 3817 suspicatur,
855 3733 971 3795 diducto
993 3731 1068 3794 rictu
1091 3732 1169 3794 illum
1192 3733 1286 3817 ipsum

134 3828 180 3913 qui
200 3850 287 3892 verus
304 3839 368 3892 erat
384 3833 519 3914 perdidit.
566 3831 617 3898 Sic
634 3833 674 3898 illi
691 3844 808 3918 reperta
823 3833 882 3912 via,
906 3834 972 3897 dum
989 3833 1053 3896 eius
1069 3833 1187 3897 umbrae
1202 3855 1286 3917 quom

134 3931 161 3992 in
182 3931 254 3994 lalsa
273 3931 409 4015 opinione
428 3932 637 4001 circumierunt
652 3945 801 4019 compotes
820 3935 882 3998 lieri
900 3937 1034 4012 student,
1066 3957 1123 3999 raon
1143 3937 1228 4000 modo
1245 3936 1287 3998 di·

134 4032 241 4096 rinitus
258 4052 429 4098 conoessum
447 4037 515 4100 illud
531 4038 607 4120 quod
624 4059 689 4114 ore,
714 4047 745 4098 ut
759 4037 797 4099 ita
815 4037 956 4115 dixerim,
981 4039 1095 4117 lerunt,
1119 4037 1287 4102 alimentum

135 4133 312 4212 amiserunt,
337 4138 387 4200 sed
410 4137 531 4223 insuper
552 4139 675 4202 exitium
698 4138 753 4202 sibi
776 4139 848 4223 ipsis
871 4139 1042 4202 attulerunt.

220 4335 314 4420 lgitur
331 4335 429 4438 Cerdo
448 4339 559 4429 Hygini
578 4363 668 4428 papae
688 4344 865 4430 temporibus
884 4344 957 4424 luit,
980 4343 1028 4429 qui
1045 4343 1074 4407 in
1090 4346 1287 4431 apostolorum

168 4563 192 4616 3·
210 4559 303 4630 polrus
319 4563 381 4612 idam
398 4565 489 4618 uidetur
505 4580 553 4618 esse
568 4571 609 4630 qut
626 4570 758 4632 appellatur
775 4565 840 4636 dios
855 4569 920 4616 noer.
934 4567 977 4630 50,
993 4565 1018 4618 u
