2984 4996
368 275 501 329 eunoun
518 275 580 328 ms.
592 276 613 327 1.
628 273 709 327 nom.
720 275 766 326 111.
783 273 987 328 nonnxmn
1124 285 1128 294 ·
1187 263 1248 328 693

98 394 188 461 Haeo
204 396 280 461 enim
297 395 393 462 omniu
409 417 462 482 pro
478 417 513 461 ea
530 417 586 481 qna
602 393 749 482 praeditus
767 406 811 458 est
828 393 863 458 ab
886 393 964 458 omni
980 393 1197 480 perturbatioqe
1213 395 1248 458 li-

97 499 174 562 bere
194 499 359 578 divinitate,
390 499 550 562 denuntiat.
596 495 656 564 Sed
683 497 719 561 ob
743 518 806 561 eam
831 497 968 561 videlieet
992 517 1142 574 natussum,
1172 500 1248 582 quod

97 601 302 686 unusquisque
323 621 405 666 suam
420 602 450 664 in
469 602 596 664 lrandem
615 601 721 685 aliquid
735 601 857 664 moliens
876 599 951 663 ultro
968 599 1054 685 capiti
1069 621 1123 663 suo
1141 599 1246 664 malum

95 705 244 782 arcessit,
276 725 340 768 eum
370 703 485 766 interim
514 703 696 789 corruptelae
724 703 807 767 buius
834 713 952 766 nostrae
980 701 1244 787 damnationisque,

95 827 177 892 qnae
199 805 279 869 illine
300 806 448 891 sequitur,
472 806 584 891 eulpam
607 808 678 870 deas
701 807 778 870 nullo
800 807 885 869 modo
907 805 1060 870 sustineat.

188 906 384 992 Quamobrem
402 907 507 993 ubique
526 929 558 972 se
577 910 680 995 prodet
700 911 792 994 ipsum
815 907 959 994 prioribus
978 929 1013 971 aa
1035 906 1246 992 posterioribus

96 1010 194 1074 seetis
211 1011 398 1096 implicatum,
423 1031 456 1074 uo
472 1031 505 1074 se
522 1031 538 1075 e
557 1010 726 1097 perditionis
743 1011 864 1075 liliorum
882 1031 1003 1074 numero
1019 1029 1086 1072 esso
1103 1019 1246 1074 monstra-

96 1113 159 1193 bit,
185 1133 249 1176 eum
265 1113 292 1177 id
315 1114 468 1178 manifeste
483 1114 594 1178 veritas
615 1113 677 1199 ipsa
698 1114 842 1191 declaret,
866 1113 1016 1197 ipsumque
1036 1111 1133 1175 lumen
1156 1132 1245 1177 evau-

95 1216 171 1299 gelii
189 1226 278 1280 totum
296 1227 438 1280 terrarum
453 1215 551 1280 urbem
569 1236 624 1280 suo
640 1216 794 1302 splendore
812 1215 977 1294 collustret,
1001 1237 1033 1278 uo
1050 1213 1183 1278 sincerae
1197 1236 1245 1279 re·

96 1317 219 1402 ligionis
236 1317 310 1382 tilios
326 1319 497 1383 adsalutem
516 1318 655 1382 benelioio
672 1319 804 1383 veritatis
819 1318 952 1382 adducat.
982 1315 1139 1401 Postquam
1157 1317 1245 1402 igitur

95 1419 277 1486 brevissimo
296 1420 344 1484 illo
364 1421 512 1507 proposito
531 1421 613 1484 nobis
636 1422 670 1484 ud
692 1421 894 1506 disputandum
911 1431 1081 1505 argumento
1099 1439 1244 1485 entersum

95 1543 115 1586 e
135 1521 258 1586 latebris
278 1534 444 1609 serpentem
466 1524 545 1588 velut
566 1524 674 1608 exiguo
697 1524 755 1588 telo
777 1524 955 1588 oonleoimus
976 1535 1062 1608 atque
1085 1534 1244 1587 emortuam

95 1625 237 1688 baeresin
255 1624 332 1689 illum
349 1626 535 1710 reliquimus,
559 1627 594 1689 ad
617 1626 744 1710 reliquas
765 1626 999 1713 progrediamur,
1023 1625 1085 1705 dei,
1111 1637 1142 1690 ut
1156 1645 1243 1710 saepe

96 1728 227 1814 professi
244 1749 363 1808 sumus,
386 1729 538 1812 implorata
557 1728 638 1814 prius
656 1749 728 1813 opo,
752 1749 808 1812 quo
826 1728 903 1792 illius
920 1729 1073 1794 veritatem
1096 1728 1243 1814 explicare

94 1849 256 1916 possimus.

399 2069 586 2148 CONTRA
613 2071 951 2164 APELLEIANOS,

301 2215 382 2286 quae
409 2199 461 2266 est
484 2193 631 2268 haeresis
657 2193 795 2286 xxlv,
822 2193 891 2268 sire
917 2191 1042 2268 XLIV.

184 2339 346 2406 Luoianum
376 2343 510 2428 proxime
534 2346 666 2430 sequitur
688 2346 825 2430 Apelles,
857 2367 915 2408 non
944 2344 992 2408 ille
1014 2353 1132 2408 sanetus
1156 2353 1184 2405 et
1206 2341 1241 2406 ab
1261 2349 1321 2418 cap.
1341 2351 1358 2400 1.

94 2445 233 2531 apostolo
247 2447 483 2526 commendatas,
507 2448 557 2510 sed
575 2449 708 2513 diversus
731 2449 766 2511 ab
786 2469 822 2512 oo
836 2448 949 2532 qnidam
971 2467 1060 2531 aquo
1077 2444 1241 2531 Apelleiani

95 2547 297 2632 cognominati
318 2559 396 2612 suut.
442 2547 498 2612 llis
520 2547 641 2614 Luriuni
666 2551 878 2636 condiscipulus
900 2561 929 2612 et
944 2547 1106 2614 Marcionis
1129 2548 1244 2612 auditor

95 2650 169 2730 lnitq
193 2651 429 2734 quemadmodum
450 2673 538 2736 saepe
558 2653 588 2716 bt
613 2664 644 2716 ut
661 2651 771 2736 spinosi
796 2653 914 2716 trutines
940 2651 1019 2714 multi
1044 2671 1084 2714 ex
1112 2671 1168 2713 una
1196 2671 1242 2712 ru·

95 2753 163 2816 diae
187 2752 370 2817 luxurientes
392 2753 543 2838 pullulent.
590 2752 771 2839 Quamquam
791 2754 838 2819 ille
855 2755 972 2818 diversa
996 2753 1031 2817 ab
1056 2752 1121 2816 aliis
1143 2771 1242 2836 quum·

95 2854 222 2940 plurime
237 2855 350 2920 statuit.
395 2853 473 2920 Nam
491 2868 521 2920 et
537 2857 679 2921 aduersus
695 2857 864 2942 magistrum
882 2877 965 2920 suum
983 2867 1012 2920 et
1032 2857 1174 2918 adversus
1191 2875 1243 2918 ve·

94 2958 214 3020 ritatem
232 2958 323 3042 ipsam
342 2978 472 3022 armasse
489 2980 522 3022 se
538 2959 672 3038 videtur,
696 2981 753 3044 quo
776 2959 805 3023 in
829 2980 930 3023 errore
950 2959 1127 3022 versantium
1152 2957 1243 3020 laomi-

95 3079 166 3122 num
193 3057 326 3144 privatim
350 3060 404 3123 sibi
428 3061 490 3146 ipse
514 3062 640 3125 sobolum
663 3072 828 3146 quaereret.
880 3059 1031 3124 Eiusmodi
1057 3069 1125 3124 snut
1146 3070 1241 3123 auteur

95 3161 162 3225 eias
176 3162 321 3245 dogmata.
366 3159 466 3246 Negat
479 3161 538 3242 ita,
564 3164 602 3228 uti
621 3161 735 3228 Mareia
751 3164 866 3242 debuit,
890 3183 957 3228 sese
973 3183 1034 3226 rem
1051 3162 1158 3226 babere
1175 3182 1242 3246 pro·

96 3264 223 3348 indeque
239 3263 318 3328 illum
335 3265 471 3349 opinione
488 3267 611 3352 lapsum,
636 3277 668 3330 ut
682 3268 830 3330 conlatata
845 3287 897 3352 per
913 3266 1038 3351 seipsam
1054 3263 1165 3328 insania
1182 3264 1242 3327 ool-

95 3366 151 3430 lisa
170 3385 269 3430 seeum
293 3369 497 3452 eunlraetaqaa
516 3369 647 3433 videatur
664 3367 813 3454 impietas,
838 3378 865 3432 et
888 3371 923 3432 ad
948 3363 1133 3451 seaietipsam
1156 3386 1240 3452 επη-

95 3467 213 3533 tendam
233 3469 313 3534 volut
336 3471 457 3554 quadem
480 3471 695 3557 conspiratione
715 3472 876 3550 canollata,
906 3491 970 3534 oum
993 3469 1109 3532 interim
1133 3467 1241 3532 veritas

96 3571 213 3636 stabilis
231 3591 266 3636 ao
284 3573 365 3636 firma
384 3583 567 3657 permaneat,
592 3593 646 3638 neo
663 3574 772 3638 auxilio
787 3575 953 3658 cuiusquam
973 3573 1118 3656 indigeat,
1142 3580 1242 3656 utpote

96 3693 173 3758 qaae
189 3693 242 3758 per
257 3693 324 3737 sere
340 3675 505 3754 cohaereat,
530 3687 559 3740 et
574 3679 649 3761 apud
665 3677 761 3756 deum,
786 3677 833 3761 qui
851 3697 955 3740 revera
971 3675 1165 3759 sempiternus
1183 3683 1240 3752 est,

95 3787 237 3862 perpetuo
255 3777 407 3841 oonsistut.
453 3775 545 3863 lgitnr
563 3779 696 3864 Apelles,
719 3780 840 3863 eiusque
861 3778 946 3842 leutio
965 3777 1059 3841 omnis
1075 3777 1116 3840 ita
1133 3777 1239 3840 sentit:

96 3899 155 3942 non
173 3896 239 3941 esse
255 3874 401 3965 Principia
420 3881 487 3958 tria,
511 3901 604 3964 neque
621 3881 689 3960 duo,
713 3894 744 3946 nt
756 3879 889 3946 Luoiauo
904 3903 937 3945 aa
952 3878 1097 3945 Maroioui
1113 3879 1239 3960 videtur,

94 3981 147 4044 sed
174 4001 260 4044 unum
288 4001 354 4046 esse
379 3979 502 4046 llouum
519 3987 622 4061 deum,
653 4005 798 4070 uanumque
818 3981 1013 4069 Principium,
1037 4003 1072 4046 aa
1094 3979 1241 4045 Virtutem

97 4103 182 4147 unam
204 4081 328 4149 nominis
351 4095 514 4171 expertem.
561 4082 619 4168 Qui
644 4087 757 4169 quidem
777 4089 848 4150 deus
871 4107 946 4150 unus
968 4105 1113 4169 unumque
1128 4081 1242 4147 Princi-

96 4187 173 4271 pium
199 4185 304 4250 nullam
333 4209 433 4252 eorum
460 4187 534 4273 qime
559 4189 588 4252 in
615 4189 670 4252 boo
695 4192 800 4253 mundo
822 4199 963 4274 geruntur
987 4208 1084 4251 euram
1107 4186 1238 4272 susnipit.

97 4285 236 4352 Ceterum
257 4289 332 4354 idem
350 4291 398 4356 ille
417 4301 535 4356 sanetus
554 4292 704 4376 bonusque
722 4293 809 4371 deus,
834 4292 881 4376 qui
901 4312 920 4355 e
942 4289 1083 4376 principio
1102 4289 1173 4353 dens
1196 4299 1242 4354 est

96 4441 212 4508 ἐποίησεν
238 4447 289 4496 aad.
314 4447 387 4498 lutto.
429 4439 501 4514 ἅγιος
525 4443 585 4506 beda
609 4443 653 4498 καὶ
686 4439 757 4512 ἅγιος
779 4443 838 4506 θεὸς
860 4444 905 4498 καὶ
919 4441 1018 4512 ἀγαθὸς
1034 4441 1049 4498 o‘
1067 4440 1163 4498 duabsu
1181 4441 1242 4506 bade

96 4505 210 4578 aquata,
234 4508 248 4565 d
267 4505 362 4568 domim
376 4513 491 4584 ἐποίησεν
507 4517 562 4566 edil.
574 4517 650 4578 prino.
686 4512 730 4568 καὶ
745 4508 844 4582 ἀγαθὸς
861 4511 1140 4580 emolumentorum.
