3008 4996
379 274 623 330 rmmnnrnr.
640 276 994 331 monstruosam.
1197 271 1257 336 189

111 391 175 458 suis
195 393 249 479 ipsi
269 393 402 459 manihue
419 394 637 460 abominandum
653 395 800 460 libidinem
817 407 976 478 exercent,
1005 395 1052 482 qui
1074 417 1139 464 cnm
1155 401 1257 466 mulie·

111 496 195 560 rihns
216 517 251 560 se
270 497 476 574 commiscent,
507 497 624 562 assiduo
650 496 763 562 illarum
786 518 841 562 usu
867 519 1045 583 nequequam
1064 502 1203 566 exsatiati
1224 503 1255 568 in

7 677 8 698 ,
111 598 289 682 semetipsos
307 598 519 678 exardescunt,
549 603 624 672 lsr'rl,
650 597 768 682 inquam
785 604 814 661 in
835 605 927 674 utrm,
950 602 1025 666 sieut
1040 602 1179 687 scriptum
1195 615 1252 684 est,
1267 623 1398 680 noman.

7 723 8 774 j
111 703 389 762 mer-eedem'mores
405 705 454 762 sui
469 705 499 762 r‘n
515 705 667 782 semetipsis
682 705 855 782 recipientes.
901 699 1017 766 Etenim
1037 703 1141 788 perditi
1158 706 1255 790 proili-

7 807 8 894 ζ
112 801 233 885 gatique
250 801 382 866 homines
399 800 502 865 heatus
519 822 552 864 sc
570 801 694 865 invicem
713 802 896 887 praedicant,
919 811 1054 887 tanquam
1070 807 1255 892 praecipuum

7 901 8 996 ᾗ
113 902 251 986 quiddam
279 903 392 967 lacinus
418 923 452 965 ac
476 902 624 987 singulare
650 903 842 988 susceperint.
887 901 1053 988 Quinetiam
1079 907 1257 974 mulierculis

7 1059 8 1064 ,
114 1025 190 1089 quas
207 1002 264 1069 sihi
283 1004 445 1090 morigeros
462 1003 585 1084 hahent,
609 1003 780 1086 illudentes,
812 1009 1005 1081 Mulierculas,
1029 1007 1165 1091 inquam,
1188 1028 1404 1086 unu-2.'t‘tn.a,t

112 1112 167 1168 stri
189 1111 332 1187 pereuni,
365 1127 400 1167 uc
422 1109 621 1188 mulnptuutm
636 1109 987 1187 coprffliotilueodduenh,
1010 1108 1165 1173 identidem
1188 1132 1257 1184 nar-

112 1219 197 1286 rant,
224 1207 309 1286 hanc,
333 1229 418 1292 quam
435 1207 572 1272 videlicet
585 1209 747 1285 nominant,
770 1229 837 1274 esse
852 1209 1007 1293 uirginem,
1026 1231 1090 1274 eum
1103 1222 1171 1276 ante
1183 1213 1256 1276 mul·

98 1321 160 1378 ,tos
182 1311 240 1373 iam
261 1331 354 1374 annos
371 1311 470 1374 vitiata
493 1311 596 1387 luerit,
626 1331 662 1374 ao
680 1310 807 1394 quotidie
823 1321 1038 1396 constupretur.
1081 1313 1167 1397 Apud
1190 1313 1255 1378 iilos

113 1411 220 1496 quippe
241 1410 363 1475 satietas
380 1410 508 1475 lihidinis
527 1412 622 1490 nullap
654 1422 684 1475 et
703 1433 759 1496 qno
780 1411 911 1476 loediora
928 1413 1049 1496 quisque
1068 1425 1256 1498 perpetraue-

112 1513 168 1590 rit,
193 1533 230 1576 eo
248 1511 350 1576 maiori
368 1512 495 1576 omnium
517 1512 600 1578 larude
616 1533 650 1578 ac
664 1513 880 1599 praedicatione
895 1513 1070 1578 celebratur.
1115 1513 1255 1599 Virgines

112 1635 203 1701 porro
222 1615 287 1678 illas
303 1614 446 1698 appellant
463 1635 544 1698 qnae*
555 1635 701 1699 nunquam
717 1614 845 1698 legitimo
864 1615 1026 1699 nuptiarum
1044 1635 1098 1679 usu
1116 1637 1150 1680 au
1170 1627 1254 1680 uatu-

111 1717 165 1782 rali
183 1715 236 1780 illa
250 1715 460 1780 consuetudine
474 1715 513 1779 ita
529 1716 697 1801 perfunctae
716 1727 801 1794 sunt,
825 1727 857 1778 nt
871 1715 997 1780 inlusum
1014 1737 1114 1780 semen
1137 1717 1254 1802 excipe-

111 1829 196 1896 rent,
221 1818 273 1882 sed
290 1817 447 1900 quaelicet
465 1816 589 1882 assiduis
604 1837 638 1888 se
654 1817 762 1902 stupris
783 1816 957 1901 flagitiisque
974 1819 1187 1899 contaminent,
1209 1829 1254 1883 tn·

111 1941 179 1984 men
198 1929 354 2002 antequam
371 1917 459 1982 libido
480 1919 574 1982 omnis
591 1918 744 2004 impleatur
764 1919 986 2003 perditissimum
1002 1940 1086 1984 sunm
1102 1920 1181 1984 illum
1203 1920 1254 1983 ud·

112 2019 280 2086 missarinm
302 2019 472 2098 excutiunt,
504 2020 625 2105 illasque
647 2041 719 2104 quas
743 2020 869 2084 diximus
896 2021 1076 2104 turpissimas
1095 2020 1197 2085 sordes
1218 2021 1254 2084 ad

111 2122 291 2188 uescendum
307 2119 467 2206 excipiunt.
513 2119 547 2185 ln
565 2143 621 2205 quo
645 2121 770 2186 immane
789 2121 858 2186 illud
884 2121 1114 2206 horrendumque
1132 2119 1254 2187 Sellomi
1280 2127 1378 2175 ⁰⁰⁸³&

112 2246 177 2288 cnm
195 2223 344 2288 Thamara
367 2222 480 2287 lacinus
501 2221 666 2304 imitantur,
687 2233 785 2307 utpote
803 2243 877 2306 qnae
895 2224 1058 2286 servandae
1077 2221 1253 2306 virginitatis

111 2325 268 2390 artiheium
292 2323 360 2388 illud
378 2323 576 2408 susceperint,
606 2333 638 2387 nt
660 2345 725 2388 cum
743 2323 860 2388 assidue
881 2335 1119 2409 corrumpantur,
1147 2325 1254 2390 nullam

111 2438 209 2490 umen
224 2447 267 2490 ex
284 2444 320 2488 cn
334 2425 499 2510 corruptela
518 2425 692 2488 inlusionem
713 2424 832 2488 seminis
848 2422 1009 2490 admittent.
1053 2424 1159 2510 Neque
1180 2447 1252 2490 vero

111 2527 372 2603 antAhraamum,
397 2526 555 2604 duntaxat,
580 2524 772 2612 authloyscn
795 2535 881 2609 atque
899 2524 1009 2606 Elium,
1033 2529 1164 2610 adeoque
1186 2547 1253 2612 pro·

111 2629 214 2714 phetas
232 2647 336 2694 omues
353 2628 404 2692 sed
420 2637 450 2690 et
466 2629 549 2692 deum
566 2627 658 2714 ipsum
675 2649 693 2692 a
708 2648 765 2713 quo
781 2637 850 2692 sunt
866 2627 951 2692 electi
968 2629 1177 2694 contumeliose
1193 2639 1254 2692 tra-

111 2731 301 2896 ἀιιΰιι11111111
317 2852 404 2916 porro
418 2849 509 2917 penes
521 2831 586 2896 illos
601 2841 670 2896 sunt
683 2829 865 2916 supposititia
882 2842 967 2915 atquc
984 2829 1167 2916 impudenter
1181 2853 1252 2896 con·
1270 2841 1395 2912 cipxtt.

111 2935 178 2998 heta
197 2943 396 3000 monumenta.
441 2931 613 2998 Cuiusmodi
632 2933 743 3016 estqui
762 2928 808 2996 De
826 2929 972 3016 Progenie
990 2929 1107 2996 Mariae
1119 2932 1194 2997 liher
1208 2933 1254 2996 in·

110 3036 261 3115 scribitur,
284 3034 316 3098 in
333 3055 390 3118 quo
405 3033 556 3097 horribilia
571 3035 710 3118 quaedam
725 3054 761 3097 ae
779 3034 950 3098 detestanda
963 3033 1076 3098 illorum
1093 3032 1168 3098 dicta
1183 3055 1253 3098 con·

111 3137 253 3202 timentur.
300 3133 389 3200 Velut
403 3136 481 3199 inter
498 3135 565 3215 alia,
589 3155 652 3199 eam
669 3134 832 3200 Zachariae
851 3137 930 3198 necis
948 3134 1101 3221 intemplo
1119 3155 1253 3202 caussam

110 3240 266 3318 extitisse,
290 3237 364 3321 quod
388 3258 451 3300 cnm
470 3236 563 3300 visum
582 3237 722 3320 quoddam
741 3235 782 3300 illi
806 3247 887 3300 esset
902 3237 1045 3315 oblatum,
1076 3238 1161 3321 idque
1182 3259 1253 3323 prae

111 3350 190 3404 metu
203 3339 372 3424 significare
387 3338 494 3415 vellet,
518 3359 552 3401 os
569 3337 596 3402 ei
615 3337 707 3422 primo
724 3338 904 3421 praeclusum
921 3336 971 3402 sit.
1004 3336 1125 3403 Viderat
1143 3348 1251 3418 autem,

111 3441 264 3526 inquiunt,
288 3461 352 3502 cum
371 3439 486 3502 incensi
507 3439 579 3502 hora
597 3440 723 3518 saliret,
753 3439 830 3504 asini
847 3440 937 3523 figura
954 3449 1077 3503 stantem
1093 3439 1251 3519 hominem,

111 3563 146 3606 ac
159 3565 225 3606 cum
247 3539 347 3626 egredi
362 3540 469 3620 vellet,
492 3541 588 3624 itaque
606 3539 755 3625 proloqui,
786 3539 850 3604 Vae
864 3539 966 3620 vohis,
990 3562 1075 3624 quem
1089 3541 1166 3606 enim
1188 3551 1252 3605 tan-

111 3644 176 3708 denr
191 3642 343 3707 adoratis?
363 3642 398 3706 ah
415 3663 451 3706 eo
465 3641 514 3726 qni
531 3643 560 3706 in
578 3641 685 3725 templo
702 3642 780 3708 intus
795 3643 928 3728 apparuit
943 3642 1004 3705 oris
1021 3642 1073 3725 illi,
1093 3663 1128 3706 ne
1145 3643 1252 3707 efferre
1326 3693 1331 3698 .

110 3755 229 3830 posset,
253 3765 324 3811 naus
344 3744 519 3808 interclusus
537 3755 599 3823 est3
630 3753 811 3827 portantem
832 3745 958 3809 uhivox
980 3744 1073 3808 eidem
1096 3754 1142 3808 est
1164 3745 1252 3808 resti·

111 3856 185 3924 tnta,
210 3855 298 3930 atque
314 3847 368 3910 hoc
380 3844 413 3909 in
428 3841 552 3908 ludaeos
568 3865 704 3908 arcanum
719 3846 868 3929 evulgavit
883 3845 989 3910 abillis
1007 3846 1177 3910 interlectos
1192 3855 1249 3910 est.

110 3944 214 4025 llaec,
237 3947 387 4032 inquiunt,
418 3943 579 4010 Zachariae
605 3947 707 4010 mortis
736 3946 852 4012 occasio
882 3948 946 4012 luit.
990 3946 1110 4011 Addunt
1130 3948 1252 4010 eandem

110 4045 188 4112 illam
215 4047 253 4112 oh
275 4069 408 4113 caussam
433 4047 543 4112 iussum
564 4068 581 4111 a
605 4046 773 4131 legislatore
800 4049 962 4132 pontificem
986 4047 1176 4112 tintinnabula
1201 4069 1253 4134 ge·

63 4218 68 4227 ⁴
110 4159 225 4228 ansae,
251 4161 282 4214 ot
299 4151 411 4235 quoties
428 4149 655 4214 adiunctionem
673 4169 755 4214 suam
772 4149 933 4214 obeundam
948 4149 1164 4234 ingrederetur,
1187 4169 1252 4216 ere-

143 4418 203 4472 ce
257 4417 301 4481 eie
314 4420 452 4490 προςιτάγη
470 4415 511 4474 tr
529 4415 606 4475 uinci
621 4421 666 4474 τοῦ
699 4421 752 4472 eust.
765 4421 998 4484 princrten'derotra·
1011 4436 1057 4474 uon
1070 4417 1220 4488 προςιτάγη.

108 4485 332 4556 manarate«,
350 4488 425 4558 poeto
439 4491 508 4544 eur.
518 4491 665 4572 arumnor-
