3006 4990
301 321 435 372 rossan
455 321 530 371 nov.
547 319 715 372 varenses
733 320 795 370 ure.
810 321 830 373 r.
847 321 927 370 ron.
940 321 958 370 1.
1160 307 1199 368 91
1216 305 1219 316 “

258 577 509 652 ADVERSUS
533 575 1007 652 HEMEROBAPTISTAS.

177 697 263 792 erae
289 705 341 772 cst
366 697 514 771 haeresis
539 697 600 772 lV.
627 694 804 786 Iudaismi,
839 696 954 769 ordine
980 695 1091 770 XVII.

149 845 284 912 Proxima
308 859 353 914 est
371 847 691 932 llemerobaptistarum
712 857 810 919 secta,
834 865 908 928 quae
932 856 963 908 ut
984 846 1019 910 ab
1040 845 1106 910 aliis
1126 845 1202 909 nulla
1221 859 1280 926 esp.
1298 857 1316 906 t.

83 948 106 1012 in
121 971 149 1014 re
169 951 305 1029 dissidet,
333 951 493 1032 eademque
515 949 650 1032 dogmata
673 969 736 1010 cour
759 945 872 1012 Scribis
896 969 930 1010 ac
952 943 1121 1012 Pharisaeis
1143 969 1205 1012 am·

84 1051 212 1134 plectitur,
235 1053 275 1116 ita
293 1073 357 1116 cunr
377 1048 557 1116 sadducaeis
574 1071 631 1113 nou
651 1051 737 1114 modo
755 1049 785 1112 in
805 1051 937 1132 neganda
954 1060 1132 1112 mortuorum
1156 1069 1204 1114 re·

82 1155 241 1218 surrectione
256 1155 412 1228 convenit,
437 1173 538 1216 verum
555 1153 643 1214 etiam
660 1173 843 1216 eomuruuem
863 1172 926 1214 cunr
949 1151 985 1214 iis
1005 1151 1203 1216 infidelitatem

82 1266 298 1339 caeterarumque
315 1275 412 1318 ccccm
432 1255 603 1338 pravitatem
618 1252 737 1316 retinet.
783 1251 848 1316 lloc
865 1274 935 1316 vero
952 1253 1136 1338 praecipuum
1153 1254 1204 1318 lra-

81 1353 149 1434 beat,
172 1359 244 1440 quod
267 1368 324 1418 tam
342 1376 413 1420 vere
430 1366 625 1437 autumnoque
648 1377 732 1438 qoam
755 1365 867 1418 aestate
889 1366 975 1437 atque
994 1354 1087 1418 bieme
1111 1355 1205 1438 qnoti-

81 1456 243 1536 dolarent,
268 1458 345 1520 unde
368 1467 399 1520 et
418 1454 735 1539 Hemerobaptistarum
760 1456 979 1540 appellationem
1005 1455 1101 1540 adepti
1122 1467 1203 1520 suut.

81 1553 114 1618 lta
128 1560 196 1622 enim
212 1559 392 1636 statuebant,
416 1557 518 1620 vivere
533 1557 617 1620 aliter
632 1555 777 1620 bominem
794 1579 851 1622 nou
868 1579 954 1640 posse
969 1579 1054 1641 quam
1069 1557 1096 1621 si
1110 1557 1204 1641 quoti-

81 1660 116 1722 die
133 1680 163 1724 se
183 1661 268 1744 aquis
291 1660 421 1737 elueret,
445 1669 532 1742 atque
554 1657 591 1722 ab
614 1659 692 1722 omni
714 1657 836 1722 crimine
859 1670 1006 1744 purgaret.

147 1861 203 1928 Sed
222 1885 241 1927 a
258 1863 344 1928 uobis
360 1885 419 1926 uuo
440 1861 533 1924 verbo
556 1861 684 1926 funditus
705 1861 798 1924 everti
817 1873 898 1925 seeta
916 1863 964 1926 illa
985 1874 1098 1948 potest,
1122 1861 1205 1928 cuius
1223 1876 1283 1944 Cap.
1300 1876 1331 1924 tt.

80 1962 192 2047 dogmata
210 1976 243 2028 ot
258 1986 275 2026 a
292 1966 346 2028 lide
363 1984 483 2047 prorsus
498 1963 605 2040 aliena,
630 1964 673 2026 sie
687 1985 751 2026 cum
769 1963 938 2028 infidelitate
955 1966 1108 2028 coniuncta
1123 1973 1203 2028 sunt.

80 2060 138 2128 Gom
156 2068 231 2130 euim
251 2065 353 2128 diebus
369 2066 490 2148 siugulis
507 2064 678 2143 abluantur,
703 2064 750 2128 vel
771 2086 823 2128 sua
839 2065 892 2150 ipsi
910 2067 1090 2131 conscientia
1106 2067 1207 2130 redar-

78 2178 184 2246 guuntur
199 2187 316 2232 omrrem
334 2167 411 2230 illam
434 2187 519 2250 quam
538 2165 629 2250 pridie
651 2177 847 2250 accceperant
865 2189 946 2251 spem
964 2189 1028 2232 cum
1048 2169 1102 2232 tide
1119 2177 1206 2252 utque

79 2269 224 2351 expiatione
241 2268 417 2354 perdidisse.
461 2265 540 2331 Nam
560 2269 586 2330 si
604 2289 690 2332 unum
713 2268 854 2331 duntaxat
869 2268 1041 2352 baptismum
1058 2279 1205 2346 tenerent,

77 2366 98 2430 in
117 2390 148 2432 eo
167 2371 291 2435 fiduciae
315 2370 439 2454 aliquid,
465 2380 564 2453 utpote
586 2379 725 2454 perpetuo
749 2379 835 2452 atque
860 2369 1033 2448 immortali,
1061 2370 1207 2434 collocare

77 2483 188 2550 possent.
234 2471 299 2537 lam
320 2493 392 2536 vero
417 2471 465 2555 qui
485 2470 570 2534 bodie
593 2491 650 2533 nou
671 2471 790 2534 curandi
810 2470 942 2556 corporis
962 2471 1072 2556 gratia,
1094 2473 1146 2536 sed
1168 2473 1206 2536 ad

76 2573 200 2656 cupiunda
218 2574 338 2639 scelera
359 2572 409 2636 loti
433 2582 519 2650 sunt,
548 2570 708 2655 quibusque
728 2569 795 2636 idco
817 2583 989 2656 repurgata,
1019 2583 1051 2636 ut
1070 2573 1124 2657 ipsi
1146 2583 1207 2638 sta-
1319 2657 1324 2662 .

77 2681 160 2752 tacut,
182 2677 285 2740 omnia
308 2694 375 2738 esse
393 2673 516 2750 debent,
539 2672 626 2736 iidem
648 2695 713 2736 cum
737 2673 876 2758 postridie
899 2695 1014 2739 rursum
1036 2675 1205 2754 abluuntur,

75 2773 204 2839 declarant
219 2778 358 2862 prolecto
375 2775 543 2838 hesternum
561 2774 639 2838 illum
654 2773 827 2858 baptismum
844 2777 1011 2840 evanuisse.
1045 2775 1113 2841 Nisi
1128 2776 1206 2842 euim

76 2875 119 2937 iste
139 2880 293 2961 periisset,
318 2876 388 2939 nibil
411 2887 475 2940 erat
494 2897 546 2939 cur
564 2877 599 2938 ud
616 2875 768 2938 eriminum
792 2876 988 2960 expiationem
1011 2880 1106 2942 denno
1127 2879 1207 2943 illum

76 2990 176 3060 postera
198 2982 266 3044 luce
293 2989 473 3064 repeterent.
520 2975 606 3060 Quod
630 2977 655 3040 si
681 2998 804 3062 peceare
830 2978 949 3042 omuino
976 3000 1035 3044 uon
1056 2981 1204 3058 desinont,

76 3079 286 3166 existimarique
310 3101 342 3144 se
366 3102 431 3144 cum
455 3091 594 3164 perpetuo
616 3100 651 3142 cc
677 3078 779 3142 diebus
804 3079 926 3164 singulis
949 3091 1072 3166 peccent
1092 3082 1207 3166 expiari

75 3201 134 3263 aqua
151 3204 256 3266 posse,
281 3182 474 3246 vehementer
493 3182 646 3260 aberrant,
671 3200 726 3244 uec
751 3191 798 3243 est
816 3202 916 3246 eorum
945 3183 1078 3246 instituto
1101 3184 1206 3248 vanius

76 3293 114 3344 aut
125 3285 277 3350 absurdius
294 3284 459 3368 quiequam.
504 3281 621 3346 Etenim
639 3303 733 3365 neque
753 3279 890 3348 Oceanus
907 3283 980 3369 ipse,
1004 3305 1098 3368 neque
1116 3285 1207 3350 maria

75 3387 170 3466 cunia,
194 3409 294 3472 neque
319 3406 463 3472 perennes
485 3384 637 3448 lluviorum
659 3404 752 3467 aquae
775 3385 822 3448 vel
846 3384 986 3466 loutinm,
1009 3405 1104 3470 oeque
1126 3387 1207 3470 quic·

75 3486 128 3569 quid
146 3490 260 3576 uspiam
286 3486 449 3571 pluviarum
472 3496 536 3563 est,
559 3485 583 3550 si
603 3507 692 3550 unum
717 3487 746 3550 iu
770 3486 864 3549 locum
890 3486 1083 3566 conveniant,
1108 3487 1207 3552 eluere

75 3602 175 3668 peteme
190 3591 344 3656 bominum
365 3597 498 3672 possunt,
522 3586 680 3671 quandoid
698 3588 773 3650 eitra
790 3569 905 3652 dmnem
919 3589 1060 3653 rationem
1076 3589 1207 3673 citraque

75 3689 109 3752 dei
124 3703 313 3778 praeceptum
330 3689 493 3754 adhibetur.
526 3687 658 3773 Purgure
675 3688 797 3774 proinde
810 3689 923 3752 seelera
938 3691 1133 3774 poeniteutiae
1150 3702 1208 3769 est,

75 3792 201 3878 uniusque
218 3792 376 3880 baptismi,
400 3812 452 3875 per
470 3791 656 3876 mysticarum
673 3811 772 3854 rerum
794 3790 1028 3876 appellationem.
1073 3789 1133 3858 Sed
1153 3813 1209 3856 uos

74 3889 101 3952 tl
115 3893 162 3959 bae
181 3897 273 3960 ctiam
289 3905 373 3958 secta
390 3893 425 3956 ad
444 3893 529 3956 aliam
548 3891 752 3969 transibimus,
777 3913 841 3956 com
862 3893 975 3956 abunde
992 3915 1057 3958 esse
1075 3905 1209 3977 putemus

73 3997 158 4071 paucis
172 3999 323 4061 adversus
338 3994 453 4058 illorum
468 3994 654 4058 stoliditatem
672 3992 803 4056 remedia
818 4015 1015 4082 comparasse.
1058 3993 1208 4062 Hactenus

73 4093 147 4176 igitur
166 4099 198 4164 iu
219 4100 369 4164 leetoruru
390 4095 513 4181 gratiam
535 4096 592 4160 iste
613 4094 758 4180 disputata
778 4095 848 4161 siut.
