2984 4996
337 345 471 397 reuanrr
489 345 739 397 murmuro.
757 343 855 396 neon.
867 342 949 394 xcrr.
1156 327 1218 392 669

57 481 168 547 neque
185 464 240 528 deo
255 463 295 530 illl
311 465 359 549 qni
379 465 472 550 legem
488 485 522 530 ac
541 465 694 551 propbetas
711 465 791 528 dedit
804 463 879 527 idem
897 461 945 526 ille
963 458 1098 526 Christos
1113 460 1218 524 adrer-

58 575 166 628 satur.
212 565 289 630 Nam
305 589 357 653 pro
374 589 409 632 eo
427 570 502 653 quod
518 569 595 632 illius
616 568 839 653 pollicitationes
856 565 885 629 iu
902 566 966 650 ipso
981 572 1216 649 repraesentatae

57 678 156 747 suut,
180 673 223 730 Et
235 693 289 750 per
306 675 410 752 aprum,
435 670 547 755 inquit,
571 677 661 734 Amen
677 675 731 732 dei.
779 668 861 733 Deus
879 667 962 732 enim·
974 677 1057 751 pater
1073 663 1216 751 promisit,

59 769 211 836 Christos
233 793 306 836 vcro
328 774 460 837 dominns
482 784 543 837 rata
566 773 614 836 illa
639 773 723 852 lecit,
755 783 784 836 ct
804 772 899 834 Aureo
921 767 1048 833 adhibuit
1070 767 1126 831 illis
1146 787 1219 852 quos

56 875 120 938 illa
140 873 294 960 promissio
311 875 503 954 confirmavit,
528 875 633 960 quique
649 885 758 961 patrem
776 873 854 937 illum
872 893 953 936 snum
972 881 1155 955 agnoverunt
1171 871 1217 954 qui

56 977 95 1039 in
119 977 186 1060 lege
204 977 317 1040 locutus
334 989 379 1042 est
396 999 430 1040 ac
446 977 630 1041 credentibus
647 977 783 1040 salutaria
800 977 874 1040 dona
890 973 1022 1038 contulit.
1068 971 1124 1036 llis
1141 973 1217 1036 euim

56 1079 120 1143 ille
143 1080 241 1144 verbis
263 1099 333 1144 osus
356 1090 416 1144 estc
440 1085 485 1142 lto
503 1092 602 1161 poter,
625 1085 692 1162 qm'u
712 1085 753 1141 r'to
771 1083 906 1160 ptocr‘tum
927 1088 970 1138 eet
989 1087 1054 1138 oue
1076 1085 1111 1136 te.
1228 1091 1313 1187 pprpp.

157 1385 259 1452 Schol.
279 1385 315 1450 ll·
325 1398 356 1451 et
366 1385 488 1451 xxvi.
522 1393 588 1450 Nou
602 1393 673 1450 euim
686 1411 737 1450 rror
751 1391 825 1468 ipsos
834 1391 1046 1467 procedebamus,
1070 1387 1120 1445 aed
1134 1385 1213 1444 con·-
1227 1401 1336 1456 scors,
1349 1403 1368 1448 s.

59 1503 144 1552 errem
160 1495 267 1564 Iesum,
301 1513 351 1552 uos
373 1495 447 1571 ebroe
470 1513 535 1553 cero
552 1513 646 1552 seruos
662 1503 768 1552 neuros
783 1511 836 1570 pcr
852 1495 952 1552 lesum.
1000 1492 1134 1567 Quoniam
1150 1491 1217 1548 deus

61 1598 123 1674 qur·
141 1597 218 1654 deiecit
235 1597 270 1654 de
290 1595 411 1656 tenebrale
432 1597 519 1656 lucem
541 1597 740 1674 splendescere.

157 1693 259 1759 llelut.
277 1694 306 1759 ll
322 1707 352 1758 et
367 1693 488 1760 XXVI.
522 1693 591 1760 Non
614 1694 744 1780 seipsos,
775 1695 825 1758 sed
847 1693 942 1759 lesum
961 1693 1107 1756 Christum
1127 1689 1218 1754 domi·

63 1817 140 1860 num
156 1809 286 1862 nostrum
304 1797 473 1883 praedicant
491 1799 625 1884 apostoli.
671 1794 771 1879 Quare
788 1817 881 1883 neque
898 1807 978 1860 secta
996 1807 1039 1860 cst
1056 1796 1130 1873 ulla,
1164 1813 1218 1858 nee

65 1898 199 1964 ecclesia
213 1901 408 1986 apostolorum
426 1901 564 1984 insignita
581 1900 709 1964 nominc.
753 1899 819 1964 Nec
832 1919 956 1984 nuquam
973 1896 1115 1961 Petraeos
1130 1897 1216 1976 ullos,

64 2013 124 2064 aut
140 1998 315 2081 Paulianae,
346 2013 396 2066 aut
415 2000 671 2080 Bartholomaeos,
704 2013 753 2066 ant
768 2001 940 2066 Tbeddecos
958 1999 1136 2080 audivimus,
1166 2000 1216 2064 sed

63 2123 129 2166 une
147 2105 204 2166 inm
225 2115 282 2168 tom
302 2103 384 2169 initio
404 2103 456 2168 luit
475 2105 670 2191 apostolorum
689 2104 816 2168 omnium
835 2105 1030 2189 praedicatio,
1064 2124 1137 2187 quae
1157 2123 1217 2167 nou

64 2207 212 2290 ipsosmet
226 2206 302 2286 illos,
326 2208 377 2270 sed
392 2207 537 2272 dominnm
554 2204 649 2270 lesum
667 2203 815 2270 Christum
832 2208 1028 2270 tautummodo
1041 2205 1214 2270 celebraret.

66 2305 120 2372 Ob
139 2307 167 2369 id
186 2309 328 2372 ecclesiae
347 2329 451 2372 nomen
468 2329 557 2373 unum
572 2329 674 2374 omues
689 2310 904 2394 imposuerunt:
929 2329 986 2371 non
1004 2329 1087 2372 suum
1104 2308 1214 2392 utique,

65 2410 124 2474 sed
144 2405 254 2474 Christi
272 2408 350 2491 lesu,
374 2433 439 2475 cum
456 2411 630 2475 Antiochiae
645 2411 767 2496 primum
785 2411 922 2496 appellari
937 2409 1096 2475 Christiani
1112 2429 1216 2496 coepe-

66 2521 152 2576 runt.
198 2509 282 2596 Quod
302 2513 414 2598 quidem
433 2513 523 2578 solam
542 2514 577 2576 ad
594 2514 764 2578 catholicam
783 2514 935 2578 ecclesiam
956 2511 1108 2590 convenit,
1143 2533 1217 2596 qnae

67 2613 152 2678 nullo
169 2615 227 2678 alio
242 2637 325 2699 quam
341 2614 452 2680 Christi
467 2617 583 2680 nominc
599 2617 729 2700 praedito
743 2612 975 2680 Christianorum
992 2615 1133 2694 ecclesia,
1159 2635 1217 2678 non

68 2713 274 2795 Christorum,
299 2719 418 2781 dicitur:
450 2720 522 2782 adeo
539 2729 569 2782 ut
586 2739 650 2782 cum
668 2739 741 2782 unus
757 2719 804 2780 ille
820 2717 875 2796 sit,
899 2718 995 2803 plures
1014 2715 1161 2780 tamenab
1181 2737 1217 2780 eo

67 2815 233 2883 Christiani
259 2821 455 2884 nominentur.
506 2821 553 2884 Ab
582 2821 635 2884 bec
659 2820 781 2884 ecclesia
807 2819 927 2904 eiusque
949 2819 1140 2904 praeconibus
1168 2818 1216 2884 ubi

67 2921 263 3000 discesseris,
294 2921 422 3006 reliquae
438 2943 539 2988 omnes
556 2923 630 2987 baud
647 2923 746 2986 cadero
763 2933 830 2986 nota
848 2932 997 2999 constent,
1028 2941 1100 3006 quae
1118 2923 1217 2985 adiun-

68 3025 126 3088 ctis
141 3024 305 3088 nomiuibns
317 3034 404 3109 atque
421 3025 556 3111 epithetis
571 3037 724 3102 vocantur,
750 3021 988 3088 Manichaeorum
1005 3024 1151 3103 uidelicet,
1171 3024 1218 3088 Si·

68 3125 290 3204 monianorom,
315 3125 555 3206 Valentiuorum‚
581 3126 816 3206 Ebiouoeorum,
845 3127 947 3211 quibus
967 3137 994 3189 et
1012 3137 1059 3204 tu,
1088 3124 1215 3204 Marcio,

68 3230 305 3293 annumerandus
323 3251 372 3308 es,
398 3232 479 3294 cuius
494 3251 598 3293 nomeu
616 3229 778 3294 inscribunt
791 3229 810 3290 ii
828 3229 901 3306 sibi,
925 3250 996 3312 quos
1013 3239 1074 3292 tute
1090 3229 1119 3292 in
1136 3250 1218 3292 erro-

68 3351 134 3393 rem
153 3331 322 3409 iuduxerls,
355 3333 519 3416 utpotequi
538 3333 678 3417 teipsum,
712 3353 769 3394 uon
790 3325 957 3407 Christum,
989 3332 1214 3415 praedicareris.

70 3431 152 3494 Tum
171 3431 284 3496 demum
302 3434 449 3516 inquiunt,
481 3440 556 3494 [leus
571 3441 622 3515 qui
635 3439 710 3496 dreit
723 3439 757 3496 dc
775 3435 895 3494 tenebris
909 3437 1099 3512 splendescere
1115 3439 1213 3496 luceru.

70 3531 148 3616 Quis
172 3532 217 3596 bic
239 3534 310 3597 deus
334 3546 378 3599 est
396 3537 451 3600 uisi
470 3557 543 3600 unus
560 3534 626 3614 ille,
659 3537 705 3619 qui
722 3537 795 3622 apud
812 3535 978 3620 prophetato
996 3555 1013 3600 e
1029 3536 1156 3600 tenebris
1174 3537 1217 3600 lu·

70 3655 139 3698 meu
154 3637 299 3699 ostendit?
321 3637 375 3700 boo
391 3649 434 3702 est
451 3659 490 3702 ex
504 3639 662 3715 hominnm,
688 3638 856 3702 infidelitate
870 3648 898 3702 et
914 3638 1041 3716 inscitia,
1067 3660 1118 3724 per
1131 3637 1218 3703 Chri·

70 3746 149 3800 stum
165 3738 257 3802 locem
274 3759 307 3801 ac
323 3739 473 3802 scientiam
488 3740 517 3803 iu
532 3741 668 3804 cordibus
684 3740 792 3804 nostris
807 3741 958 3804 excitavit.
998 3739 1134 3824 Quicum
1150 3740 1216 3805 olim

70 3837 151 3903 iuter
165 3850 267 3922 gentes
286 3861 506 3906 numeraremus
521 3842 684 3906 simulacris
699 3843 845 3922 addictae,
869 3844 952 3906 deum
968 3842 1047 3907 illum
1064 3845 1149 3906 modo
1167 3863 1218 3907 ve·

69 3961 211 4004 ueremur
227 3943 273 4024 qui
286 3963 338 4028 per
356 3944 522 4028 prophetam
539 3944 631 4008 lucem
647 3965 728 4008 suam
744 3945 889 4008 illaturum
906 3965 972 4008 sese
989 3947 1094 4008 muodo
1112 3945 1218 4030 promi·

69 4054 164 4120 serat,
190 4053 220 4105 ut
234 4044 380 4129 intelligas
397 4048 519 4109 cundem
535 4066 627 4130 neque
644 4067 660 4108 a
679 4048 783 4124 veteri,
810 4067 902 4131 rrcquc
918 4069 934 4109 a
950 4069 1027 4110 novo
1043 4057 1217 4110 testamento

69 4145 230 4224 dissidere,
254 4146 281 4208 id
301 4148 375 4230 quod
394 4147 483 4212 certis
506 4149 556 4211 tibi
576 4147 736 4212 rationibus
753 4149 894 4229 sundere,
919 4147 1052 4228 Marcio,
1076 4150 1216 4228 solemus,

68 4337 181 4386 concert
192 4335 241 4384 ito:
255 4361 306 4398 „-
319 4333 397 4386 lucem
411 4351 441 4386 cc
455 4337 629 4403 cognitionem,
664 4353 761 4390 morum
784 4337 891 4390 caltores
915 4355 1025 4399 eramus,
1050 4353 1115 4388 nunc
1136 4347 1218 4388 antem

69 4418 134 4468 qnae
150 4399 177 4450 in
197 4401 296 4452 Christo
313 4401 392 4452 illuxit
408 4403 434 4454 iu
450 4405 563 4456 cordibus
579 4423 626 4456 no·
663 4407 742 4457 Deum
753 4407 920 4473 cognorimus,
935 4407 976 4474 qui
988 4417 1046 4456 tunc
1060 4405 1084 4456 iu
1096 4405 1217 4474 propheto

68 4469 143 4534 stris,
173 4470 214 4536 qni
232 4469 467 4539 aliquando-gentes
484 4483 510 4524 et
526 4475 627 4526 simule·
663 4474 790 4540 promisit,
809 4475 889 4526 locem
905 4481 955 4526 cett.
