3018 4994
325 329 460 380 raanan
477 331 541 382 uta.
556 333 575 382 ι.
593 329 674 383 uon.
689 333 719 382 ιι.
738 331 838 383 naen.
853 333 981 385 xxxin.
1168 323 1226 388 421

73 455 127 524 aab,
148 455 244 514 ereett'e
256 461 348 514 eutem
356 463 467 534 posteo.
486 451 620 516 nimirum
636 473 700 516 cum
713 452 906 538 perfectiores
920 453 1014 518 eritis.
1053 451 1126 520 item
1140 455 1226 522 illude

72 556 252 630 elucubrat,
274 559 361 617 donee
376 577 394 616 u
408 560 526 617 mortuis
539 567 711 634 resurgeret.
755 553 807 620 Sic
821 565 849 619 el
865 553 989 620 Paulus:
1011 561 1141 621 Nondum
1154 566 1378 638 carintanorum

69 663 225 738 poteratis,
249 662 300 720 sed
313 681 364 720 nec
379 663 471 721 adbuc
481 663 617 739 potestis.-
642 668 673 720 ut
689 659 855 722 ostendere!
874 660 1097 743 procedentibus
1116 673 1226 748 tempu·
1241 651 1259 697 ¹·
1267 652 1320 697 ⁰⁰¹·
1327 653 1379 708 ³¹²

72 760 155 823 ribus
171 761 348 846 perfectiora
362 761 423 823 dari
440 769 612 845 praecepta3
636 781 710 845 qnae
723 761 792 824 licet
805 761 905 824 eadem
920 761 979 824 sint
994 783 1121 848 semper,
1141 765 1227 829 aliam

73 863 261 927 nibilominus
285 863 427 926 rationem
448 863 587 940 induunt,
623 883 676 925 nec
699 863 801 926 eodem
827 862 988 928 iunioribus
1016 885 1073 949 quo
1097 867 1227 932 robustis

73 967 159 1028 modo
177 975 385 1050 temperantur.
429 960 503 1030 Cum
520 965 597 1028 etaim
614 965 688 1048 legis
704 965 776 1028 haec
790 978 871 1028 esset
885 967 1025 1030 formulae
1047 971 1163 1030 Oculum
1172 991 1227 1050 pre

72 1071 164 1142 ceule,
186 1088 243 1130 nou
260 1067 345 1146 dixit,
364 1065 468 1131 Eruite
485 1069 598 1132 ceolum
614 1088 666 1152 pro
682 1069 779 1147 oculo,
798 1068 861 1146 sed,
882 1065 915 1132 Si
932 1069 995 1152 quis
1011 1070 1124 1133 oculum
1141 1091 1227 1136 erue·

71 1169 125 1247 rit,
152 1169 180 1232 ei
198 1170 300 1234 oculus
317 1181 449 1233 eruetur.
496 1167 567 1233 ldco
584 1169 705 1253 quilibet
723 1180 754 1233 ut
771 1169 886 1256 corpori
906 1191 960 1234 suo
978 1171 1146 1236 consuleret
1164 1195 1225 1238 ma·

71 1273 173 1336 uillam
193 1273 359 1336 verberanti
377 1271 547 1357 praebebat,
570 1293 627 1334 non
644 1273 705 1356 ipse
723 1272 909 1336 verberabat.
956 1269 1022 1355 Quia
1040 1274 1225 1340 rationalem

72 1386 129 1437 tum
150 1396 185 1438 ea
203 1374 399 1438 servabantur
417 1387 491 1458 quae
510 1374 538 1436 in
556 1373 711 1460 evaugelio
730 1376 816 1438 modo
835 1385 892 1438 tam
911 1375 1019 1460 apertis
1037 1376 1135 1438 verbis
1155 1399 1225 1440 eran·

70 1487 153 1563 cepta
171 1489 258 1556 suut,
283 1498 347 1540 cum
368 1497 403 1539 eo
422 1487 519 1538 tamen
539 1475 723 1556 discrimine,
748 1478 822 1562 quod
843 1477 882 1541 illi
902 1489 979 1541 melu
998 1499 1031 1540 ac
1050 1478 1224 1544 necessitate

70 1581 152 1643 velut
168 1581 371 1644 adolescentes
387 1579 416 1640 in
433 1577 527 1641 cilicio
545 1579 783 1657 continerentur,
816 1579 842 1643 hi
861 1591 960 1664 utpote
979 1580 1148 1643 confirmata
1167 1581 1222 1644 iam

69 1691 167 1746 aetate
186 1693 289 1768 sponte
309 1701 361 1746 sira
382 1702 417 1743 ae
438 1681 586 1744 voluntate
606 1681 817 1765 obtemperent.
863 1681 983 1746 Atenim
1003 1681 1149 1746 contraria
1166 1683 1223 1747 isla

69 1785 224 1848 videntur:
254 1787 370 1846 Oculum
384 1806 439 1864 pro
457 1787 555 1858 octale,
580 1795 609 1846 et
626 1783 843 1847 interfectorem
863 1785 984 1847 interfici
1003 1783 1115 1847 iubere.
1163 1782 1222 1850 Sed

69 1889 102 1949 de
120 1889 170 1950 illa
191 1885 318 1972 supremi
337 1885 435 1948 iudicii
452 1885 498 1948 dle
516 1885 558 1949 sic
575 1885 739 1970 loquentem
760 1882 908 1950 Christum
928 1887 1079 1950 videmnse
1111 1891 1318 1962 Varnenum

69 1989 177 2074 inquit,
209 1994 269 2051 eius
286 1993 413 2051 deruanus
430 1989 477 2070 (se
494 1990 587 2072 ipsum
606 1999 702 2050 antem
722 1987 872 2071 iutelligit,
904 1989 951 2072 qui
970 1989 1008 2051 sil
1024 1989 1150 2052 omnium
1169 1991 1220 2054 do·
1232 1957 1266 2014 ’δ’
1278 1959 1310 2004 ⁵⁰⁸

70 2091 192 2173 mirans),
211 2103 240 2153 et
253 2114 363 2154 seruum
378 2097 467 2172 ipsum
482 2095 511 2152 in
525 2095 596 2152 duos
605 2103 705 2170 portes
719 2093 840 2166 secedit,
864 2103 892 2152 et
900 2103 1011 2172 partein
1027 2097 1087 2153 eius
1100 2114 1161 2154 cun
1178 2098 1221 2155 in·

63 2196 199 2274 fidelibus
211 2207 307 2275 ponet.
354 2191 460 2256 Restat
478 2193 567 2276 igitur
586 2204 616 2256 ut
634 2204 736 2255 contra
754 2194 929 2256 salvatorem
950 2194 1040 2279 ipsum
1061 2195 1220 2260 calumnias

70 2307 151 2375 tuas,
183 2296 578 2373 aomaledielaconvertas,
609 2315 733 2379 erantque
753 2315 820 2359 esse
839 2295 944 2358 bouum
963 2295 1118 2376 inficiaris,
1149 2306 1221 2360 tam·

69 2399 121 2461 etsi
141 2398 235 2462 bonus
252 2419 318 2461 eum
336 2408 419 2483 pater
432 2398 585 2482 genuerit,
617 2398 767 2481 bonusque
786 2398 824 2460 sit
841 2417 874 2460 ac
892 2399 1004 2477 iustus,
1035 2419 1090 2461 uec
1106 2420 1121 2462 a
1138 2409 1220 2484 patre

68 2501 213 2564 diversus.
261 2497 408 2583 Quocirca
425 2511 454 2563 tn
472 2501 519 2584 qui
535 2499 630 2584 legum
646 2501 730 2563 uobis
746 2500 915 2584 partiturae
931 2511 1082 2582 geometra
1099 2513 1218 2586 repente

68 2603 212 2690 prodiisti,
234 2624 267 2665 ac
282 2603 422 2666 trifariam
440 2603 577 2667 universa
592 2603 707 2682 dividis,
729 2613 812 2689 potes
825 2602 903 2665 illum
920 2623 935 2665 a
950 2603 1040 2687 patris
1052 2603 1218 2668 abalienare

69 2717 181 2769 natura.
228 2704 316 2790 Quod
332 2718 428 2769 autem
446 2705 583 2769 nonnulla
601 2705 702 2769 deliuis
718 2705 745 2767 iu
764 2706 828 2789 lage
843 2725 910 2769 esse
926 2705 1112 2769 adumbraudi
1127 2706 1218 2791 sigui-

68 2811 228 2894 ficandique
246 2829 349 2871 caussa
366 2809 492 2893 scripta,
527 2808 659 2871 veritatis
680 2809 809 2873 nonnihil
831 2807 970 2890 attigisti,
1004 2818 1036 2871 ut
1057 2809 1156 2893 paucis
1182 2808 1218 2874 iis

67 2912 193 2996 aspersis
210 2913 286 2974 riam
303 2911 352 2974 tibi
374 2909 403 2972 in
422 2909 529 2973 ceteris
549 2911 583 2972 ad
600 2910 742 2973 fallaciam
761 2911 947 2994 iraudcmqne
966 2910 1105 2973 munires.
1150 2909 1217 2974 Nec

68 3015 141 3076 enim
162 3014 338 3076 diffitendum
358 3023 403 3076 est
420 3013 487 3096 quin
504 3017 572 3074 duee
591 3017 649 3074 a'llr's
665 3017 693 3074 iu
702 3015 808 3092 figure
822 3017 1008 3092 contigerant,
1038 3017 1144 3092 scriptu
1159 3017 1218 3076 airu
1230 3033 1318 3130 quelq.

66 3129 156 3178 nutem
174 3119 214 3178 ud
230 3120 431 3195 eorreptionem
448 3128 590 3190 nostram,
624 3120 652 3178 in
675 3136 744 3196 quos
755 3117 835 3196 fines
857 3119 1014 3176 seculorum
1034 3117 1217 3189 devenerunt,
1262 3118 1269 3141 '
1305 3119 1311 3132 '

67 3220 240 3302 aitsanctus
256 3219 421 3303 aposlolus,
453 3238 517 3280 cnm
537 3220 572 3281 de
590 3217 812 3280 circumcisione
830 3238 864 3279 ac
882 3216 1020 3296 sabbalo,
1052 3217 1216 3302 ceterisque

66 3303 203 3406 disputati
249 3319 347 3403 Atque
366 3319 474 3383 otiliam
493 3324 646 3384 veritatem
664 3319 692 3383 iu
709 3319 843 3382 omnibus
859 3319 1021 3398 retineres,
1045 3339 1139 3403 neque
1157 3330 1216 3383 ter·

66 3425 133 3486 lium
153 3422 665 3505 nescioquemdeumacmedinm,
697 3420 935 3504 quinnllusest,
967 3421 1069 3501 nobis,
1101 3420 1214 3486 velllbi

67 3525 161 3609 polius
183 3545 217 3588 ao
241 3523 299 3587 tuis
317 3523 505 3587 obtruderesl

148 3623 207 3690 Sed
232 3625 455 3711 impurissimam
476 3625 552 3689 illam
574 3637 651 3690 tuam
677 3605 779 3690 vocem
803 3626 875 3689 salis
895 3627 925 3689 in
949 3626 1113 3710 praeseutia
1135 3648 1214 3690 com·
1232 3635 1291 3706 cip.
1308 3637 1365 3689 xtt.

66 3749 195 3813 pressam
214 3728 357 3806 arbitror,
387 3728 635 3813 impudentissime
657 3728 779 3792 nebulo!
825 3725 919 3793 Cuius
936 3730 1070 3793 convicta
1091 3731 1213 3794 salsitate
1293 3759 1295 3770 ·

66 3841 218 3914 antequam
236 3830 363 3915 reliquas
379 3831 413 3894 ad
433 3831 570 3896 haereses
587 3831 823 3916 progrediamur,
848 3831 973 3894 divinam
992 3853 1043 3917 pro
1061 3853 1097 3896 eo
1113 3854 1147 3896 ac
1166 3855 1213 3897 so-

66 3932 158 3998 lemus
179 3953 263 4017 opem
286 3933 519 4019 implorabimus,
553 3945 585 3996 ut
607 3934 641 3996 ad
665 3933 729 3998 illas
749 3933 919 4017 iugulandus
940 3935 1073 3998 tenuitati
1094 3948 1211 4000 nostrae

66 4034 143 4098 vires
159 4035 332 4119 suppeditet.
380 4033 459 4099 Satis
476 4035 552 4098 culm
570 4056 609 4098 ex
626 4035 662 4098 iis
680 4057 754 4118 quae
772 4035 899 4101 diximus
915 4036 1093 4100 intellectum
1111 4037 1214 4125 opinor

65 4133 282 4216 Ptolemaeum,
314 4137 417 4200 marini
439 4136 519 4200 carris
537 4137 646 4216 instar,
678 4139 725 4221 qni
749 4159 766 4200 a
788 4139 892 4223 pelago
910 4139 1064 4224 prosiliens
1082 4141 1211 4226 viperam

66 4271 119 4324 tino
137 4271 267 4333 convenit,
293 4271 338 4322 sed
358 4272 431 4322 etiam
452 4271 506 4322 aliis
526 4272 617 4323 multis.
653 4290 738 4324 murm
752 4273 872 4324 marinum
887 4271 982 4342 viperas
994 4273 1071 4326 sibilis
1085 4275 1134 4326 anis
1149 4293 1212 4328 evo-

67 4341 146 4402 Qnara
162 4353 187 4391 et
201 4357 333 4392 muraenae
349 4340 467 4391 dentatae
482 4339 556 4390 tribui
572 4358 620 4408 po-
655 4359 711 4392 care
724 4341 817 4394 acribia.
852 4342 912 4404 Quis
927 4359 1032 4410 unquam
1048 4362 1119 4394 cauea
1135 4346 1212 4396 mari·

66 4419 128 4466 test,
145 4425 207 4476 qnae
225 4419 251 4460 et
268 4409 321 4474 ipsa
338 4406 525 4480 καρχαρόδους,
547 4419 573 4459 ut
591 4425 620 4459 ex
654 4427 699 4460 nos
714 4409 813 4460 sibilare
827 4409 909 4460 dixit?
942 4411 980 4461 Ne
995 4411 1021 4460 id
1037 4412 1134 4477 quidem
1150 4415 1211 4465 dicit

67 4477 197 4527 auctorale
214 4487 319 4526 constat.
352 4479 410 4527 Nou
428 4477 528 4527 dubium
546 4477 621 4544 igitur
655 4477 813 4544 Epiphanius.
828 4479 869 4545 qui
882 4477 1023 4544 συρίγματα
1036 4480 1076 4530 illa
1091 4498 1139 4532 non
1156 4483 1211 4534 cani

68 4545 123 4608 quin
142 4544 281 4624 καρχαρίας
298 4543 347 4595 boc
367 4544 425 4594 loco
442 4561 557 4595 mitraeus
578 4545 619 4594 sit.
653 4545 749 4596 marino
764 4546 863 4602 tribuit.
883 4557 909 4595 nt
926 4547 986 4598 lacit
1001 4549 1112 4600 Petavlns
1128 4551 1151 4598 iu
1166 4568 1209 4602 arra

66 4611 266 4666 Veronaeeallud
275 4629 392 4682 perquam
401 4612 542 4677 absordum,
553 4612 620 4682 qnod
654 4613 775 4678 versione,
789 4613 834 4665 aed
849 4613 992 4668 Ptolemaeo
1005 4616 1060 4684 ipsi.
1090 4619 1209 4671 Muraena
