<?xml version="1.0" encoding="UTF-8"?>
<!DOCTYPE html PUBLIC "-//W3C//DTD XHTML 1.0 Transitional//EN"
    "http://www.w3.org/TR/xhtml1/DTD/xhtml1-transitional.dtd">
<html xmlns="http://www.w3.org/1999/xhtml" xml:lang="en" lang="en">
 <head>
  <title>
</title>
<meta http-equiv="Content-Type" content="text/html;charset=utf-8" />
  <meta name='ocr-system' content='tesseract 3.04.00' />
  <meta name='ocr-capabilities' content='ocr_page ocr_carea ocr_par ocr_line ocrx_word'/>
</head>
<body>
  <div class='ocr_page' id='page_1' title='image "./corporishaerese03oehlgoog_0720.png"; bbox 0 0 2984 4996; ppageno 0'>
   <div class='ocr_carea' id='block_1_1' title="bbox 328 283 1213 351">
    <p class='ocr_par' dir='ltr' id='par_1_1' title="bbox 328 283 1213 351">
     <span class='ocr_line' id='line_1_1' title="bbox 328 283 1213 351; baseline -0.003 -2"><span class='ocrx_word' id='word_1_1' title='bbox 328 297 463 350; x_wconf 81' lang='lat' dir='ltr'><strong>eunucu</strong></span> <span class='ocrx_word' id='word_1_2' title='bbox 480 297 542 349; x_wconf 83' lang='lat' dir='ltr'><strong>crs.</strong></span> <span class='ocrx_word' id='word_1_3' title='bbox 556 298 576 348; x_wconf 89' lang='grc' dir='ltr'><strong>ι.</strong></span> <span class='ocrx_word' id='word_1_4' title='bbox 594 295 674 351; x_wconf 80' lang='lat' dir='ltr'><strong>nost.</strong></span> <span class='ocrx_word' id='word_1_5' title='bbox 687 297 730 348; x_wconf 93' lang='grc' dir='ltr'><strong>ιιι.</strong></span> <span class='ocrx_word' id='word_1_6' title='bbox 748 295 847 348; x_wconf 79' lang='lat' dir='ltr'><strong>naen.</strong></span> <span class='ocrx_word' id='word_1_7' title='bbox 858 295 950 350; x_wconf 86' lang='lat' dir='ltr'><strong>xnrv.</strong></span> <span class='ocrx_word' id='word_1_8' title='bbox 1153 283 1213 348; x_wconf 79' lang='lat'><strong>*103</strong></span> 
     </span>
    </p>
   </div>
   <div class='ocr_carea' id='block_1_2' title="bbox 53 411 1346 811">
    <p class='ocr_par' dir='ltr' id='par_1_2' title="bbox 53 411 1346 811">
     <span class='ocr_line' id='line_1_2' title="bbox 55 411 1214 502; baseline 0.002 -25"><span class='ocrx_word' id='word_1_9' title='bbox 55 413 191 478; x_wconf 90' lang='lat' dir='ltr'><strong>bominis</strong></span> <span class='ocrx_word' id='word_1_10' title='bbox 216 426 318 480; x_wconf 91' lang='lat' dir='ltr'><strong>natura</strong></span> <span class='ocrx_word' id='word_1_11' title='bbox 342 428 456 481; x_wconf 84' lang='lat' dir='ltr'><strong>constat</strong></span> <span class='ocrx_word' id='word_1_12' title='bbox 477 415 688 502; x_wconf 74' lang='lat' dir='ltr'><strong>perfectissime</strong></span> <span class='ocrx_word' id='word_1_13' title='bbox 715 437 816 482; x_wconf 86' lang='lat' dir='ltr'><strong>rursus</strong></span> <span class='ocrx_word' id='word_1_14' title='bbox 840 415 1007 502; x_wconf 76' lang='lat' dir='ltr'><strong>assumpsit.</strong></span> <span class='ocrx_word' id='word_1_15' title='bbox 1059 411 1151 495; x_wconf 86' lang='lat' dir='ltr'><strong>Cam,</strong></span> <span class='ocrx_word' id='word_1_16' title='bbox 1181 426 1214 480; x_wconf 92' lang='lat' dir='ltr'><strong>ut</strong></span> 
     </span>
     <span class='ocr_line' id='line_1_3' title="bbox 54 517 1346 604; baseline -0.003 -24"><span class='ocrx_word' id='word_1_17' title='bbox 54 517 213 602; x_wconf 86' lang='lat' dir='ltr'><strong>apostolos</strong></span> <span class='ocrx_word' id='word_1_18' title='bbox 230 519 375 603; x_wconf 91' lang='lat' dir='ltr'><strong>loquitur,</strong></span> <span class='ocrx_word' id='word_1_19' title='bbox 405 521 588 598; x_wconf 75' lang='lat' dir='ltr'><strong>consederit,</strong></span> <span class='ocrx_word' id='word_1_20' title='bbox 613 520 860 604; x_wconf 89' lang='lat' dir='ltr'><strong>quandoquidem,</strong></span> <span class='ocrx_word' id='word_1_21' title='bbox 883 525 959 582; x_wconf 81' lang='lat' dir='ltr'><strong>Deua</strong></span> <span class='ocrx_word' id='word_1_22' title='bbox 976 521 1056 580; x_wconf 79' lang='lat' dir='ltr'><strong>illurn</strong></span> <span class='ocrx_word' id='word_1_23' title='bbox 1072 523 1346 589; x_wconf 63' lang='lat' dir='ltr'><strong>recommissum.</strong></span> 
     </span>
     <span class='ocr_line' id='line_1_4' title="bbox 53 619 1212 706; baseline 0.002 -24"><span class='ocrx_word' id='word_1_24' title='bbox 53 625 93 682; x_wconf 82' lang='lat' dir='ltr'><strong>nd</strong></span> <span class='ocrx_word' id='word_1_25' title='bbox 107 625 215 696; x_wconf 72' lang='lat' dir='ltr'><strong>aaran,</strong></span> <span class='ocrx_word' id='word_1_26' title='bbox 248 633 278 683; x_wconf 87' lang='lat' dir='ltr'><strong>et</strong></span> <span class='ocrx_word' id='word_1_27' title='bbox 293 627 322 684; x_wconf 81' lang='grc' dir='ltr'><strong>ιἰι</strong></span> <span class='ocrx_word' id='word_1_28' title='bbox 337 624 502 686; x_wconf 80' lang='lat' dir='ltr'><strong>coelestidus</strong></span> <span class='ocrx_word' id='word_1_29' title='bbox 517 627 657 698; x_wconf 74' lang='lat' dir='ltr'><strong>consedit,</strong></span> <span class='ocrx_word' id='word_1_30' title='bbox 690 621 718 685; x_wconf 88' lang='lat' dir='ltr'><strong>id</strong></span> <span class='ocrx_word' id='word_1_31' title='bbox 736 623 812 706; x_wconf 89' lang='lat' dir='ltr'><strong>quod</strong></span> <span class='ocrx_word' id='word_1_32' title='bbox 830 619 987 703; x_wconf 72' lang='lat' dir='ltr'><strong>amboldi,</strong></span> <span class='ocrx_word' id='word_1_33' title='bbox 1018 621 1066 706; x_wconf 85' lang='lat' dir='ltr'><strong>qni</strong></span> <span class='ocrx_word' id='word_1_34' title='bbox 1084 619 1212 685; x_wconf 78' lang='lat' dir='ltr'><strong>inceste</strong></span> 
     </span>
     <span class='ocr_line' id='line_1_5' title="bbox 53 722 1212 811; baseline -0.001 -24"><span class='ocrx_word' id='word_1_35' title='bbox 53 723 214 808; x_wconf 88' lang='lat' dir='ltr'><strong>splendida</strong></span> <span class='ocrx_word' id='word_1_36' title='bbox 233 726 371 810; x_wconf 88' lang='lat' dir='ltr'><strong>apostolis</strong></span> <span class='ocrx_word' id='word_1_37' title='bbox 392 725 533 789; x_wconf 87' lang='lat' dir='ltr'><strong>ridendos</strong></span> <span class='ocrx_word' id='word_1_38' title='bbox 555 745 622 790; x_wconf 89' lang='lat' dir='ltr'><strong>sese</strong></span> <span class='ocrx_word' id='word_1_39' title='bbox 645 723 856 811; x_wconf 75' lang='lat' dir='ltr'><strong>praebuerant,</strong></span> <span class='ocrx_word' id='word_1_40' title='bbox 890 723 968 788; x_wconf 90' lang='lat' dir='ltr'><strong>bisce</strong></span> <span class='ocrx_word' id='word_1_41' title='bbox 991 723 1091 787; x_wconf 85' lang='lat' dir='ltr'><strong>verbis</strong></span> <span class='ocrx_word' id='word_1_42' title='bbox 1114 722 1212 787; x_wconf 89' lang='lat' dir='ltr'><strong>testati</strong></span> 
     </span>
    </p>
   </div>
   <div class='ocr_carea' id='block_1_3' title="bbox 53 830 1482 910">
    <p class='ocr_par' dir='ltr' id='par_1_3' title="bbox 53 830 1482 910">
     <span class='ocr_line' id='line_1_6' title="bbox 53 830 1482 910; baseline 0 -20"><span class='ocrx_word' id='word_1_43' title='bbox 53 837 145 890; x_wconf 83' lang='lat' dir='ltr'><strong>sunt:</strong></span> <span class='ocrx_word' id='word_1_44' title='bbox 183 831 248 890; x_wconf 83' lang='lat' dir='ltr'><strong>Viri</strong></span> <span class='ocrx_word' id='word_1_45' title='bbox 269 831 404 902; x_wconf 75' lang='lat' dir='ltr'><strong>deleturi,</strong></span> <span class='ocrx_word' id='word_1_46' title='bbox 437 832 506 910; x_wconf 82' lang='lat' dir='ltr'><strong>quaid</strong></span> <span class='ocrx_word' id='word_1_47' title='bbox 526 833 609 890; x_wconf 86' lang='lat' dir='ltr'><strong>stcn&#39;c</strong></span> <span class='ocrx_word' id='word_1_48' title='bbox 631 833 795 910; x_wconf 63' lang='lat' dir='ltr'><strong>operientes</strong></span> <span class='ocrx_word' id='word_1_49' title='bbox 816 831 845 889; x_wconf 85' lang='lat' dir='ltr'><strong>r&#39;rr</strong></span> <span class='ocrx_word' id='word_1_50' title='bbox 870 830 997 890; x_wconf 82' lang='lat' dir='ltr'><strong>coelom?</strong></span> <span class='ocrx_word' id='word_1_51' title='bbox 1040 830 1089 888; x_wconf 85' lang='lat' dir='ltr'><strong>Sic</strong></span> <span class='ocrx_word' id='word_1_52' title='bbox 1110 831 1208 900; x_wconf 54' lang='lat' dir='ltr'><strong>cenet,</strong></span> <span class='ocrx_word' id='word_1_53' title='bbox 1226 843 1272 887; x_wconf 78' lang='lat' dir='ltr'><strong>uer.</strong></span> <span class='ocrx_word' id='word_1_54' title='bbox 1285 843 1304 896; x_wconf 86' lang='grc' dir='ltr'><strong>ι,</strong></span> <span class='ocrx_word' id='word_1_55' title='bbox 1320 843 1350 887; x_wconf 90' lang='grc' dir='ltr'><strong>ιι,</strong></span> <span class='ocrx_word' id='word_1_56' title='bbox 1481 883 1482 890; x_wconf 72' lang='grc'>,</span> 
     </span>
    </p>
   </div>
   <div class='ocr_carea' id='block_1_4' title="bbox 52 933 1360 1937">
    <p class='ocr_par' dir='ltr' id='par_1_4' title="bbox 52 933 721 1009">
     <span class='ocr_line' id='line_1_7' title="bbox 52 933 721 1009; baseline 0.001 -19"><span class='ocrx_word' id='word_1_57' title='bbox 52 933 287 1009; x_wconf 78' lang='lat' dir='ltr'><strong>quemadmodum</strong></span> <span class='ocrx_word' id='word_1_58' title='bbox 308 935 417 992; x_wconf 69' lang='lat' dir='ltr'><strong>nnete</strong></span> <span class='ocrx_word' id='word_1_59' title='bbox 437 953 498 992; x_wconf 84' lang='lat' dir='ltr'><strong>eum</strong></span> <span class='ocrx_word' id='word_1_60' title='bbox 520 935 721 994; x_wconf 84' lang='lat' dir='ltr'><strong>escendentem.</strong></span> 
     </span>
    </p>

    <p class='ocr_par' dir='ltr' id='par_1_5' title="bbox 54 1030 1360 1937">
     <span class='ocr_line' id='line_1_8' title="bbox 147 1030 1345 1116; baseline 0.005 -21"><span class='ocrx_word' id='word_1_61' title='bbox 147 1031 246 1116; x_wconf 80' lang='lat' dir='ltr'><strong>Atque</strong></span> <span class='ocrx_word' id='word_1_62' title='bbox 264 1045 295 1098; x_wconf 90' lang='lat' dir='ltr'><strong>ut</strong></span> <span class='ocrx_word' id='word_1_63' title='bbox 310 1033 404 1097; x_wconf 90' lang='lat' dir='ltr'><strong>omnis</strong></span> <span class='ocrx_word' id='word_1_64' title='bbox 421 1030 472 1097; x_wconf 90' lang='lat' dir='ltr'><strong>tibi</strong></span> <span class='ocrx_word' id='word_1_65' title='bbox 490 1033 709 1097; x_wconf 80' lang='lat' dir='ltr'><strong>calumniandae</strong></span> <span class='ocrx_word' id='word_1_66' title='bbox 728 1032 860 1098; x_wconf 84' lang='lat' dir='ltr'><strong>veritatis</strong></span> <span class='ocrx_word' id='word_1_67' title='bbox 874 1030 991 1095; x_wconf 87' lang='lat' dir='ltr'><strong>occasio</strong></span> <span class='ocrx_word' id='word_1_68' title='bbox 1007 1030 1209 1116; x_wconf 91' lang='lat' dir='ltr'><strong>praecludere·</strong></span> <span class='ocrx_word' id='word_1_69' title='bbox 1227 1033 1345 1101; x_wconf 73' lang='lat' dir='ltr'><strong>⁰⁰1³·V1·</strong></span> 
     </span>
     <span class='ocr_line' id='line_1_9' title="bbox 54 1131 1208 1220; baseline 0.001 -25"><span class='ocrx_word' id='word_1_70' title='bbox 54 1145 122 1214; x_wconf 91' lang='lat' dir='ltr'><strong>tur,</strong></span> <span class='ocrx_word' id='word_1_71' title='bbox 150 1134 200 1198; x_wconf 90' lang='lat' dir='ltr'><strong>diu</strong></span> <span class='ocrx_word' id='word_1_72' title='bbox 217 1146 283 1219; x_wconf 90' lang='lat' dir='ltr'><strong>post</strong></span> <span class='ocrx_word' id='word_1_73' title='bbox 298 1135 500 1200; x_wconf 89' lang='lat' dir='ltr'><strong>ascensionem</strong></span> <span class='ocrx_word' id='word_1_74' title='bbox 518 1134 627 1198; x_wconf 92' lang='lat' dir='ltr'><strong>domini</strong></span> <span class='ocrx_word' id='word_1_75' title='bbox 644 1148 762 1200; x_wconf 90' lang='lat' dir='ltr'><strong>sanctus</strong></span> <span class='ocrx_word' id='word_1_76' title='bbox 778 1135 827 1200; x_wconf 90' lang='lat' dir='ltr'><strong>ille</strong></span> <span class='ocrx_word' id='word_1_77' title='bbox 844 1135 889 1198; x_wconf 90' lang='lat' dir='ltr'><strong>dci</strong></span> <span class='ocrx_word' id='word_1_78' title='bbox 906 1144 1017 1220; x_wconf 83' lang='lat' dir='ltr'><strong>martyr</strong></span> <span class='ocrx_word' id='word_1_79' title='bbox 1031 1131 1208 1219; x_wconf 80' lang='lat' dir='ltr'><strong>Stephanus,</strong></span> 
     </span>
     <span class='ocr_line' id='line_1_10' title="bbox 54 1234 1349 1324; baseline -0.002 -24"><span class='ocrx_word' id='word_1_80' title='bbox 54 1257 123 1300; x_wconf 84' lang='lat' dir='ltr'><strong>enar</strong></span> <span class='ocrx_word' id='word_1_81' title='bbox 149 1257 169 1300; x_wconf 87' lang='lat' dir='ltr'><strong>a</strong></span> <span class='ocrx_word' id='word_1_82' title='bbox 192 1234 308 1302; x_wconf 90' lang='lat' dir='ltr'><strong>ludaeis</strong></span> <span class='ocrx_word' id='word_1_83' title='bbox 330 1237 472 1324; x_wconf 89' lang='lat' dir='ltr'><strong>lapidibus</strong></span> <span class='ocrx_word' id='word_1_84' title='bbox 494 1237 685 1318; x_wconf 86' lang='lat' dir='ltr'><strong>obrueretur,</strong></span> <span class='ocrx_word' id='word_1_85' title='bbox 716 1238 756 1301; x_wconf 92' lang='lat' dir='ltr'><strong>ita</strong></span> <span class='ocrx_word' id='word_1_86' title='bbox 777 1238 890 1302; x_wconf 86' lang='lat' dir='ltr'><strong>locutus</strong></span> <span class='ocrx_word' id='word_1_87' title='bbox 908 1246 969 1301; x_wconf 87' lang='lat' dir='ltr'><strong>est:</strong></span> <span class='ocrx_word' id='word_1_88' title='bbox 1003 1241 1086 1298; x_wconf 70' lang='lat' dir='ltr'><strong>tideo</strong></span> <span class='ocrx_word' id='word_1_89' title='bbox 1104 1239 1349 1308; x_wconf 65' lang='lat' dir='ltr'><strong>reclamasses.</strong></span> 
     </span>
     <span class='ocr_line' id='line_1_11' title="bbox 56 1340 1210 1422; baseline 0.002 -21"><span class='ocrx_word' id='word_1_90' title='bbox 56 1352 203 1421; x_wconf 81' lang='lat' dir='ltr'><strong>opertam,</strong></span> <span class='ocrx_word' id='word_1_91' title='bbox 228 1343 358 1421; x_wconf 78' lang='lat' dir='ltr'><strong>etfilr&#39;rrar</strong></span> <span class='ocrx_word' id='word_1_92' title='bbox 371 1343 490 1402; x_wconf 80' lang='lat' dir='ltr'><strong>domrirr&#39;c</strong></span> <span class='ocrx_word' id='word_1_93' title='bbox 505 1353 652 1404; x_wconf 75' lang='lat' dir='ltr'><strong>ctmtenrc</strong></span> <span class='ocrx_word' id='word_1_94' title='bbox 667 1345 777 1404; x_wconf 77' lang='lat' dir='ltr'><strong>deatni</strong></span> <span class='ocrx_word' id='word_1_95' title='bbox 787 1345 891 1422; x_wconf 69' lang='lat' dir='ltr'><strong>ponas,</strong></span> <span class='ocrx_word' id='word_1_96' title='bbox 917 1350 948 1403; x_wconf 93' lang='lat' dir='ltr'><strong>nt</strong></span> <span class='ocrx_word' id='word_1_97' title='bbox 962 1340 1131 1404; x_wconf 87' lang='lat' dir='ltr'><strong>ostenderet</strong></span> <span class='ocrx_word' id='word_1_98' title='bbox 1145 1359 1210 1403; x_wconf 93' lang='lat' dir='ltr'><strong>cor·</strong></span> 
     </span>
     <span class='ocr_line' id='line_1_12' title="bbox 56 1440 1209 1529; baseline -0.002 -23"><span class='ocrx_word' id='word_1_99' title='bbox 56 1463 111 1528; x_wconf 91' lang='lat' dir='ltr'><strong>pus</strong></span> <span class='ocrx_word' id='word_1_100' title='bbox 129 1444 227 1528; x_wconf 82' lang='lat' dir='ltr'><strong>ipsum</strong></span> <span class='ocrx_word' id='word_1_101' title='bbox 247 1443 432 1523; x_wconf 87' lang='lat' dir='ltr'><strong>surrexisse,</strong></span> <span class='ocrx_word' id='word_1_102' title='bbox 464 1463 535 1506; x_wconf 86' lang='lat' dir='ltr'><strong>rere</strong></span> <span class='ocrx_word' id='word_1_103' title='bbox 551 1443 581 1506; x_wconf 92' lang='lat' dir='ltr'><strong>in</strong></span> <span class='ocrx_word' id='word_1_104' title='bbox 601 1443 731 1529; x_wconf 87' lang='lat' dir='ltr'><strong>spiritale</strong></span> <span class='ocrx_word' id='word_1_105' title='bbox 748 1454 904 1522; x_wconf 83' lang='lat' dir='ltr'><strong>mutorum,</strong></span> <span class='ocrx_word' id='word_1_106' title='bbox 936 1463 971 1506; x_wconf 92' lang='lat' dir='ltr'><strong>ao</strong></span> <span class='ocrx_word' id='word_1_107' title='bbox 987 1463 1051 1506; x_wconf 93' lang='lat' dir='ltr'><strong>cum</strong></span> <span class='ocrx_word' id='word_1_108' title='bbox 1070 1440 1209 1526; x_wconf 84' lang='lat' dir='ltr'><strong>unigeniti</strong></span> 
     </span>
     <span class='ocr_line' id='line_1_13' title="bbox 55 1541 1209 1630; baseline -0.001 -23"><span class='ocrx_word' id='word_1_109' title='bbox 55 1544 215 1610; x_wconf 85' lang='lat' dir='ltr'><strong>divinitate</strong></span> <span class='ocrx_word' id='word_1_110' title='bbox 229 1545 425 1610; x_wconf 88' lang='lat' dir='ltr'><strong>coniunctum.</strong></span> <span class='ocrx_word' id='word_1_111' title='bbox 459 1541 543 1627; x_wconf 80' lang='lat' dir='ltr'><strong>Quod</strong></span> <span class='ocrx_word' id='word_1_112' title='bbox 559 1545 634 1610; x_wconf 92' lang='lat' dir='ltr'><strong>idem</strong></span> <span class='ocrx_word' id='word_1_113' title='bbox 649 1557 867 1610; x_wconf 78' lang='lat' dir='ltr'><strong>sacrosanctum</strong></span> <span class='ocrx_word' id='word_1_114' title='bbox 883 1545 911 1608; x_wconf 95' lang='lat' dir='ltr'><strong>in</strong></span> <span class='ocrx_word' id='word_1_115' title='bbox 927 1545 1011 1608; x_wconf 91' lang='lat' dir='ltr'><strong>coelo</strong></span> <span class='ocrx_word' id='word_1_116' title='bbox 1025 1565 1130 1630; x_wconf 90' lang='lat' dir='ltr'><strong>corpus</strong></span> <span class='ocrx_word' id='word_1_117' title='bbox 1145 1565 1209 1608; x_wconf 83' lang='lat' dir='ltr'><strong>crum</strong></span> 
     </span>
     <span class='ocr_line' id='line_1_14' title="bbox 55 1645 1211 1732; baseline 0 -22"><span class='ocrx_word' id='word_1_118' title='bbox 55 1647 119 1732; x_wconf 88' lang='lat' dir='ltr'><strong>ipsa</strong></span> <span class='ocrx_word' id='word_1_119' title='bbox 141 1647 293 1712; x_wconf 86' lang='lat' dir='ltr'><strong>divinitate</strong></span> <span class='ocrx_word' id='word_1_120' title='bbox 310 1659 388 1712; x_wconf 89' lang='lat' dir='ltr'><strong>totus</strong></span> <span class='ocrx_word' id='word_1_121' title='bbox 406 1648 478 1712; x_wconf 90' lang='lat' dir='ltr'><strong>deus</strong></span> <span class='ocrx_word' id='word_1_122' title='bbox 496 1659 558 1727; x_wconf 89' lang='lat' dir='ltr'><strong>est,</strong></span> <span class='ocrx_word' id='word_1_123' title='bbox 589 1659 618 1712; x_wconf 91' lang='lat' dir='ltr'><strong>et</strong></span> <span class='ocrx_word' id='word_1_124' title='bbox 638 1669 711 1715; x_wconf 88' lang='lat' dir='ltr'><strong>unns</strong></span> <span class='ocrx_word' id='word_1_125' title='bbox 726 1659 902 1732; x_wconf 88' lang='lat' dir='ltr'><strong>sanctusque</strong></span> <span class='ocrx_word' id='word_1_126' title='bbox 920 1647 966 1711; x_wconf 87' lang='lat' dir='ltr'><strong>dei</strong></span> <span class='ocrx_word' id='word_1_127' title='bbox 983 1645 1077 1727; x_wconf 89' lang='lat' dir='ltr'><strong>lilius,</strong></span> <span class='ocrx_word' id='word_1_128' title='bbox 1109 1647 1144 1712; x_wconf 90' lang='lat' dir='ltr'><strong>ad</strong></span> <span class='ocrx_word' id='word_1_129' title='bbox 1161 1667 1211 1731; x_wconf 89' lang='lat' dir='ltr'><strong>pa-</strong></span> 
     </span>
     <span class='ocr_line' id='line_1_15' title="bbox 57 1748 1209 1836; baseline 0.002 -24"><span class='ocrx_word' id='word_1_130' title='bbox 57 1750 111 1814; x_wconf 91' lang='lat' dir='ltr'><strong>tris</strong></span> <span class='ocrx_word' id='word_1_131' title='bbox 129 1753 265 1814; x_wconf 83' lang='lat' dir='ltr'><strong>dextram</strong></span> <span class='ocrx_word' id='word_1_132' title='bbox 285 1751 459 1830; x_wconf 89' lang='lat' dir='ltr'><strong>corrsidens,</strong></span> <span class='ocrx_word' id='word_1_133' title='bbox 489 1751 726 1835; x_wconf 87' lang='lat' dir='ltr'><strong>quemadmodum</strong></span> <span class='ocrx_word' id='word_1_134' title='bbox 750 1761 807 1814; x_wconf 84' lang='lat' dir='ltr'><strong>tans</strong></span> <span class='ocrx_word' id='word_1_135' title='bbox 823 1748 921 1815; x_wconf 86' lang='lat' dir='ltr'><strong>Marci</strong></span> <span class='ocrx_word' id='word_1_136' title='bbox 943 1771 1027 1836; x_wconf 65' lang='lat' dir='ltr'><strong>wem</strong></span> <span class='ocrx_word' id='word_1_137' title='bbox 1045 1760 1209 1814; x_wconf 88' lang='lat' dir='ltr'><strong>ceterorum</strong></span> 
     </span>
     <span class='ocr_line' id='line_1_16' title="bbox 57 1852 1360 1937; baseline -0.001 -22"><span class='ocrx_word' id='word_1_138' title='bbox 57 1852 216 1937; x_wconf 74' lang='lat' dir='ltr'><strong>evangelia</strong></span> <span class='ocrx_word' id='word_1_139' title='bbox 235 1862 396 1918; x_wconf 85' lang='lat' dir='ltr'><strong>testantur:</strong></span> <span class='ocrx_word' id='word_1_140' title='bbox 427 1857 469 1916; x_wconf 83' lang='lat' dir='ltr'><strong>El</strong></span> <span class='ocrx_word' id='word_1_141' title='bbox 479 1858 606 1916; x_wconf 82' lang='lat' dir='ltr'><strong>ascendit</strong></span> <span class='ocrx_word' id='word_1_142' title='bbox 619 1860 648 1916; x_wconf 87' lang='lat' dir='ltr'><strong>r&#39;n</strong></span> <span class='ocrx_word' id='word_1_143' title='bbox 664 1857 771 1929; x_wconf 88' lang='lat' dir='ltr'><strong>coelos,</strong></span> <span class='ocrx_word' id='word_1_144' title='bbox 796 1865 826 1915; x_wconf 86' lang='lat' dir='ltr'><strong>et</strong></span> <span class='ocrx_word' id='word_1_145' title='bbox 838 1857 911 1916; x_wconf 84' lang='lat' dir='ltr'><strong>aedit</strong></span> <span class='ocrx_word' id='word_1_146' title='bbox 927 1858 956 1916; x_wconf 85' lang='lat' dir='ltr'><strong>io</strong></span> <span class='ocrx_word' id='word_1_147' title='bbox 971 1857 1088 1916; x_wconf 77' lang='lat' dir='ltr'><strong>dextero</strong></span> <span class='ocrx_word' id='word_1_148' title='bbox 1101 1857 1204 1934; x_wconf 60' lang='lat' dir='ltr'><strong>putres</strong></span> <span class='ocrx_word' id='word_1_149' title='bbox 1215 1868 1360 1924; x_wconf 70' lang='lat' dir='ltr'><strong>terrete-ts.</strong></span> 
     </span>
    </p>
   </div>
   <div class='ocr_carea' id='block_1_5' title="bbox 57 1936 1360 2043">
    <p class='ocr_par' dir='ltr' id='par_1_6' title="bbox 57 1936 1360 2043">
     <span class='ocr_line' id='line_1_17' title="bbox 57 1936 1360 2043; baseline -0.002 -27"><span class='ocrx_word' id='word_1_150' title='bbox 57 1951 100 2018; x_wconf 91' lang='lat' dir='ltr'><strong>lta</strong></span> <span class='ocrx_word' id='word_1_151' title='bbox 119 1966 172 2020; x_wconf 92' lang='lat' dir='ltr'><strong>tua</strong></span> <span class='ocrx_word' id='word_1_152' title='bbox 188 1954 236 2020; x_wconf 93' lang='lat' dir='ltr'><strong>illa</strong></span> <span class='ocrx_word' id='word_1_153' title='bbox 252 1966 423 2040; x_wconf 89' lang='lat' dir='ltr'><strong>tuorumque</strong></span> <span class='ocrx_word' id='word_1_154' title='bbox 441 1956 594 2032; x_wconf 77' lang='lat' dir='ltr'><strong>falsissima</strong></span> <span class='ocrx_word' id='word_1_155' title='bbox 610 1955 756 2021; x_wconf 88' lang='lat' dir='ltr'><strong>sententia</strong></span> <span class='ocrx_word' id='word_1_156' title='bbox 774 1976 814 2021; x_wconf 89' lang='lat' dir='ltr'><strong>ex</strong></span> <span class='ocrx_word' id='word_1_157' title='bbox 828 1955 906 2020; x_wconf 91' lang='lat' dir='ltr'><strong>ornni</strong></span> <span class='ocrx_word' id='word_1_158' title='bbox 925 1967 1005 2043; x_wconf 91' lang='lat' dir='ltr'><strong>parte</strong></span> <span class='ocrx_word' id='word_1_159' title='bbox 1022 1955 1207 2020; x_wconf 83' lang='lat' dir='ltr'><strong>convellitur.</strong></span> <span class='ocrx_word' id='word_1_160' title='bbox 1222 1936 1318 1994; x_wconf 63' lang='lat'><strong>¹⁴“‘*²⁴’</strong></span> <span class='ocrx_word' id='word_1_161' title='bbox 1329 1937 1360 1983; x_wconf 76' lang='lat'><strong>⁵¹·</strong></span> 
     </span>
    </p>
   </div>
   <div class='ocr_carea' id='block_1_6' title="bbox 39 2260 1360 4190">
    <p class='ocr_par' dir='ltr' id='par_1_7' title="bbox 57 2260 1360 3272">
     <span class='ocr_line' id='line_1_18' title="bbox 145 2260 1208 2349; baseline -0.002 -21"><span class='ocrx_word' id='word_1_162' title='bbox 145 2260 232 2345; x_wconf 81' lang='lat' dir='ltr'><strong>Quod</strong></span> <span class='ocrx_word' id='word_1_163' title='bbox 261 2283 332 2328; x_wconf 86' lang='lat' dir='ltr'><strong>voro</strong></span> <span class='ocrx_word' id='word_1_164' title='bbox 358 2275 537 2329; x_wconf 88' lang='lat' dir='ltr'><strong>mortuorum</strong></span> <span class='ocrx_word' id='word_1_165' title='bbox 560 2266 596 2329; x_wconf 94' lang='lat' dir='ltr'><strong>ad</strong></span> <span class='ocrx_word' id='word_1_166' title='bbox 620 2265 867 2330; x_wconf 86' lang='lat' dir='ltr'><strong>resurrectionem</strong></span> <span class='ocrx_word' id='word_1_167' title='bbox 889 2274 1019 2349; x_wconf 88' lang='lat' dir='ltr'><strong>spectat,</strong></span> <span class='ocrx_word' id='word_1_168' title='bbox 1050 2263 1116 2326; x_wconf 87' lang='lat' dir='ltr'><strong>audi</strong></span> <span class='ocrx_word' id='word_1_169' title='bbox 1141 2263 1208 2349; x_wconf 94' lang='lat' dir='ltr'><strong>quid</strong></span> 
     </span>
     <span class='ocr_line' id='line_1_19' title="bbox 58 2365 1360 2451; baseline 0.002 -26"><span class='ocrx_word' id='word_1_170' title='bbox 58 2365 211 2450; x_wconf 87' lang='lat' dir='ltr'><strong>apostolus</strong></span> <span class='ocrx_word' id='word_1_171' title='bbox 229 2365 320 2430; x_wconf 82' lang='lat' dir='ltr'><strong>dicata</strong></span> <span class='ocrx_word' id='word_1_172' title='bbox 346 2372 475 2448; x_wconf 81' lang='lat' dir='ltr'><strong>Oportet,</strong></span> <span class='ocrx_word' id='word_1_173' title='bbox 501 2367 610 2451; x_wconf 91' lang='lat' dir='ltr'><strong>inquit,</strong></span> <span class='ocrx_word' id='word_1_174' title='bbox 632 2369 815 2449; x_wconf 77' lang='lat' dir='ltr'><strong>corruptibile</strong></span> <span class='ocrx_word' id='word_1_175' title='bbox 828 2371 880 2428; x_wconf 84' lang='lat' dir='ltr'><strong>doe</strong></span> <span class='ocrx_word' id='word_1_176' title='bbox 895 2371 1010 2428; x_wconf 74' lang='lat' dir='ltr'><strong>abdam</strong></span> <span class='ocrx_word' id='word_1_177' title='bbox 1022 2370 1360 2447; x_wconf 69' lang='lat' dir='ltr'><strong>abemupn&#39;o-roornesa.</strong></span> 
     </span>
     <span class='ocr_line' id='line_1_20' title="bbox 57 2467 1209 2552; baseline 0.003 -24"><span class='ocrx_word' id='word_1_178' title='bbox 57 2487 137 2542; x_wconf 86' lang='lat' dir='ltr'><strong>nem,</strong></span> <span class='ocrx_word' id='word_1_179' title='bbox 165 2479 194 2529; x_wconf 88' lang='lat' dir='ltr'><strong>et</strong></span> <span class='ocrx_word' id='word_1_180' title='bbox 206 2472 324 2530; x_wconf 82' lang='lat' dir='ltr'><strong>mortale</strong></span> <span class='ocrx_word' id='word_1_181' title='bbox 337 2473 389 2531; x_wconf 81' lang='lat' dir='ltr'><strong>dcc</strong></span> <span class='ocrx_word' id='word_1_182' title='bbox 403 2473 519 2532; x_wconf 83' lang='lat' dir='ltr'><strong>rirdoere</strong></span> <span class='ocrx_word' id='word_1_183' title='bbox 533 2473 777 2534; x_wconf 68' lang='lat' dir='ltr'><strong>immortalitatem.</strong></span> <span class='ocrx_word' id='word_1_184' title='bbox 822 2467 891 2534; x_wconf 92' lang='lat' dir='ltr'><strong>Nisi</strong></span> <span class='ocrx_word' id='word_1_185' title='bbox 905 2468 980 2532; x_wconf 91' lang='lat' dir='ltr'><strong>enim</strong></span> <span class='ocrx_word' id='word_1_186' title='bbox 996 2470 1071 2552; x_wconf 93' lang='lat' dir='ltr'><strong>qnod</strong></span> <span class='ocrx_word' id='word_1_187' title='bbox 1088 2468 1209 2545; x_wconf 84' lang='lat' dir='ltr'><strong>mortale</strong></span> 
     </span>
     <span class='ocr_line' id='line_1_21' title="bbox 59 2568 1210 2657; baseline 0.003 -27"><span class='ocrx_word' id='word_1_188' title='bbox 59 2579 104 2632; x_wconf 89' lang='lat' dir='ltr'><strong>est</strong></span> <span class='ocrx_word' id='word_1_189' title='bbox 119 2568 370 2634; x_wconf 89' lang='lat' dir='ltr'><strong>immortalitatem</strong></span> <span class='ocrx_word' id='word_1_190' title='bbox 393 2571 528 2636; x_wconf 89' lang='lat' dir='ltr'><strong>indueret</strong></span> <span class='ocrx_word' id='word_1_191' title='bbox 545 2572 717 2657; x_wconf 88' lang='lat' dir='ltr'><strong>aliquando,</strong></span> <span class='ocrx_word' id='word_1_192' title='bbox 751 2582 780 2635; x_wconf 91' lang='lat' dir='ltr'><strong>et</strong></span> <span class='ocrx_word' id='word_1_193' title='bbox 797 2571 1043 2656; x_wconf 90' lang='lat' dir='ltr'><strong>incorruptionem</strong></span> <span class='ocrx_word' id='word_1_194' title='bbox 1065 2572 1141 2655; x_wconf 93' lang='lat' dir='ltr'><strong>quod</strong></span> <span class='ocrx_word' id='word_1_195' title='bbox 1164 2581 1210 2636; x_wconf 89' lang='lat' dir='ltr'><strong>est</strong></span> 
     </span>
     <span class='ocr_line' id='line_1_22' title="bbox 59 2671 1207 2758; baseline 0.003 -27"><span class='ocrx_word' id='word_1_196' title='bbox 59 2671 266 2756; x_wconf 84' lang='lat' dir='ltr'><strong>corruptibile,</strong></span> <span class='ocrx_word' id='word_1_197' title='bbox 290 2695 435 2758; x_wconf 87' lang='lat' dir='ltr'><strong>nonquam</strong></span> <span class='ocrx_word' id='word_1_198' title='bbox 456 2677 491 2740; x_wconf 92' lang='lat' dir='ltr'><strong>ad</strong></span> <span class='ocrx_word' id='word_1_199' title='bbox 509 2674 671 2739; x_wconf 90' lang='lat' dir='ltr'><strong>obeundam</strong></span> <span class='ocrx_word' id='word_1_200' title='bbox 689 2685 812 2738; x_wconf 89' lang='lat' dir='ltr'><strong>mortem</strong></span> <span class='ocrx_word' id='word_1_201' title='bbox 830 2672 1001 2738; x_wconf 91' lang='lat' dir='ltr'><strong>immortalis</strong></span> <span class='ocrx_word' id='word_1_202' title='bbox 1021 2673 1207 2752; x_wconf 84' lang='lat' dir='ltr'><strong>accessisset,</strong></span> 
     </span>
     <span class='ocr_line' id='line_1_23' title="bbox 59 2776 1210 2864; baseline 0.003 -29"><span class='ocrx_word' id='word_1_203' title='bbox 59 2783 90 2834; x_wconf 93' lang='lat' dir='ltr'><strong>ut</strong></span> <span class='ocrx_word' id='word_1_204' title='bbox 106 2793 233 2859; x_wconf 88' lang='lat' dir='ltr'><strong>corpore</strong></span> <span class='ocrx_word' id='word_1_205' title='bbox 251 2795 305 2839; x_wconf 90' lang='lat' dir='ltr'><strong>suo</strong></span> <span class='ocrx_word' id='word_1_206' title='bbox 325 2797 435 2861; x_wconf 89' lang='lat' dir='ltr'><strong>poenas</strong></span> <span class='ocrx_word' id='word_1_207' title='bbox 453 2777 650 2864; x_wconf 83' lang='lat' dir='ltr'><strong>expenderet,</strong></span> <span class='ocrx_word' id='word_1_208' title='bbox 682 2797 716 2840; x_wconf 91' lang='lat' dir='ltr'><strong>ac</strong></span> <span class='ocrx_word' id='word_1_209' title='bbox 736 2777 888 2842; x_wconf 79' lang='lat' dir='ltr'><strong>defunctus</strong></span> <span class='ocrx_word' id='word_1_210' title='bbox 905 2776 990 2842; x_wconf 88' lang='lat' dir='ltr'><strong>tertia</strong></span> <span class='ocrx_word' id='word_1_211' title='bbox 1009 2776 1055 2840; x_wconf 91' lang='lat' dir='ltr'><strong>die</strong></span> <span class='ocrx_word' id='word_1_212' title='bbox 1073 2793 1210 2859; x_wconf 70' lang='lat' dir='ltr'><strong>resurge·</strong></span> 
     </span>
     <span class='ocr_line' id='line_1_24' title="bbox 59 2875 1342 2965; baseline 0.002 -31"><span class='ocrx_word' id='word_1_213' title='bbox 59 2885 120 2955; x_wconf 89' lang='lat' dir='ltr'><strong>ret,</strong></span> <span class='ocrx_word' id='word_1_214' title='bbox 146 2885 177 2938; x_wconf 88' lang='lat' dir='ltr'><strong>et</strong></span> <span class='ocrx_word' id='word_1_215' title='bbox 193 2897 258 2941; x_wconf 92' lang='lat' dir='ltr'><strong>cum</strong></span> <span class='ocrx_word' id='word_1_216' title='bbox 276 2876 427 2944; x_wconf 86' lang='lat' dir='ltr'><strong>divinitate</strong></span> <span class='ocrx_word' id='word_1_217' title='bbox 445 2901 499 2944; x_wconf 88' lang='lat' dir='ltr'><strong>sua</strong></span> <span class='ocrx_word' id='word_1_218' title='bbox 517 2900 551 2945; x_wconf 86' lang='lat' dir='ltr'><strong>oc</strong></span> <span class='ocrx_word' id='word_1_219' title='bbox 567 2878 679 2965; x_wconf 80' lang='lat' dir='ltr'><strong>gloriae</strong></span> <span class='ocrx_word' id='word_1_220' title='bbox 695 2879 851 2964; x_wconf 86' lang='lat' dir='ltr'><strong>splendore</strong></span> <span class='ocrx_word' id='word_1_221' title='bbox 870 2879 979 2964; x_wconf 89' lang='lat' dir='ltr'><strong>pariter</strong></span> <span class='ocrx_word' id='word_1_222' title='bbox 993 2878 1062 2942; x_wconf 95' lang='lat' dir='ltr'><strong>illud</strong></span> <span class='ocrx_word' id='word_1_223' title='bbox 1079 2875 1208 2956; x_wconf 82' lang='lat' dir='ltr'><strong>efferret,</strong></span> <span class='ocrx_word' id='word_1_224' title='bbox 1340 2947 1342 2950; x_wconf 17' lang='lat'>¹</span> 
     </span>
     <span class='ocr_line' id='line_1_25' title="bbox 60 2978 1210 3069; baseline 0.003 -31"><span class='ocrx_word' id='word_1_225' title='bbox 60 2986 89 3039; x_wconf 91' lang='lat' dir='ltr'><strong>ut</strong></span> <span class='ocrx_word' id='word_1_226' title='bbox 104 2997 147 3041; x_wconf 79' lang='lat' dir='ltr'><strong>ex</strong></span> <span class='ocrx_word' id='word_1_227' title='bbox 166 2978 291 3063; x_wconf 78' lang='lat' dir='ltr'><strong>benigno</strong></span> <span class='ocrx_word' id='word_1_228' title='bbox 305 2979 356 3044; x_wconf 93' lang='lat' dir='ltr'><strong>illo</strong></span> <span class='ocrx_word' id='word_1_229' title='bbox 372 2980 508 3046; x_wconf 88' lang='lat' dir='ltr'><strong>convictu</strong></span> <span class='ocrx_word' id='word_1_230' title='bbox 525 2982 747 3069; x_wconf 88' lang='lat' dir='ltr'><strong>praesentiaque</strong></span> <span class='ocrx_word' id='word_1_231' title='bbox 765 3003 835 3060; x_wconf 90' lang='lat' dir='ltr'><strong>sua,</strong></span> <span class='ocrx_word' id='word_1_232' title='bbox 867 3003 951 3066; x_wconf 89' lang='lat' dir='ltr'><strong>quam</strong></span> <span class='ocrx_word' id='word_1_233' title='bbox 970 2981 1053 3045; x_wconf 91' lang='lat' dir='ltr'><strong>uobis</strong></span> <span class='ocrx_word' id='word_1_234' title='bbox 1069 2981 1210 3044; x_wconf 88' lang='lat' dir='ltr'><strong>hactenus</strong></span> 
     </span>
     <span class='ocr_line' id='line_1_26' title="bbox 59 3077 1208 3170; baseline 0.006 -31"><span class='ocrx_word' id='word_1_235' title='bbox 59 3077 257 3165; x_wconf 85' lang='lat' dir='ltr'><strong>impertierat,</strong></span> <span class='ocrx_word' id='word_1_236' title='bbox 283 3103 382 3146; x_wconf 89' lang='lat' dir='ltr'><strong>reram</strong></span> <span class='ocrx_word' id='word_1_237' title='bbox 400 3105 481 3170; x_wconf 88' lang='lat' dir='ltr'><strong>spem</strong></span> <span class='ocrx_word' id='word_1_238' title='bbox 499 3084 678 3170; x_wconf 85' lang='lat' dir='ltr'><strong>solidamque</strong></span> <span class='ocrx_word' id='word_1_239' title='bbox 695 3085 933 3168; x_wconf 84' lang='lat' dir='ltr'><strong>conciperemus,</strong></span> <span class='ocrx_word' id='word_1_240' title='bbox 957 3105 1022 3149; x_wconf 87' lang='lat' dir='ltr'><strong>eum</strong></span> <span class='ocrx_word' id='word_1_241' title='bbox 1039 3101 1107 3147; x_wconf 89' lang='lat' dir='ltr'><strong>sese</strong></span> <span class='ocrx_word' id='word_1_242' title='bbox 1124 3080 1208 3146; x_wconf 90' lang='lat' dir='ltr'><strong>nobis</strong></span> 
     </span>
     <span class='ocr_line' id='line_1_27' title="bbox 59 3180 1207 3272; baseline 0.004 -29"><span class='ocrx_word' id='word_1_243' title='bbox 59 3180 94 3243; x_wconf 86' lang='lat' dir='ltr'><strong>ad</strong></span> <span class='ocrx_word' id='word_1_244' title='bbox 111 3203 177 3248; x_wconf 90' lang='lat' dir='ltr'><strong>eam</strong></span> <span class='ocrx_word' id='word_1_245' title='bbox 197 3183 275 3248; x_wconf 84' lang='lat' dir='ltr'><strong>ritae</strong></span> <span class='ocrx_word' id='word_1_246' title='bbox 293 3184 574 3272; x_wconf 79' lang='lat' dir='ltr'><strong>immortalitatisque</strong></span> <span class='ocrx_word' id='word_1_247' title='bbox 594 3186 726 3252; x_wconf 87' lang='lat' dir='ltr'><strong>iiduciam</strong></span> <span class='ocrx_word' id='word_1_248' title='bbox 745 3185 991 3251; x_wconf 76' lang='lat' dir='ltr'><strong>corroborandam</strong></span> <span class='ocrx_word' id='word_1_249' title='bbox 1009 3185 1089 3252; x_wconf 87' lang='lat' dir='ltr'><strong>velut</strong></span> <span class='ocrx_word' id='word_1_250' title='bbox 1106 3203 1207 3248; x_wconf 84' lang='lat' dir='ltr'><strong>exem·</strong></span> 
     </span>
    </p>

    <p class='ocr_par' dir='ltr' id='par_1_8' title="bbox 39 3280 604 3374">
     <span class='ocr_line' id='line_1_28' title="bbox 39 3280 604 3374; baseline 0.018 -30"><span class='ocrx_word' id='word_1_251' title='bbox 39 3280 121 3364; x_wconf 87' lang='lat' dir='ltr'><strong>piar</strong></span> <span class='ocrx_word' id='word_1_252' title='bbox 144 3295 174 3349; x_wconf 94' lang='lat' dir='ltr'><strong>et</strong></span> <span class='ocrx_word' id='word_1_253' title='bbox 195 3284 387 3351; x_wconf 85' lang='lat' dir='ltr'><strong>arrhabonem</strong></span> <span class='ocrx_word' id='word_1_254' title='bbox 411 3289 604 3374; x_wconf 86' lang='lat' dir='ltr'><strong>praebuisset.</strong></span> 
     </span>
    </p>

    <p class='ocr_par' dir='ltr' id='par_1_9' title="bbox 59 3385 1347 3864">
     <span class='ocr_line' id='line_1_29' title="bbox 146 3385 1347 3476; baseline 0.002 -26"><span class='ocrx_word' id='word_1_255' title='bbox 146 3385 227 3452; x_wconf 85' lang='lat' dir='ltr'><strong>llaec</strong></span> <span class='ocrx_word' id='word_1_256' title='bbox 244 3411 307 3452; x_wconf 89' lang='lat' dir='ltr'><strong>cum</strong></span> <span class='ocrx_word' id='word_1_257' title='bbox 326 3390 365 3453; x_wconf 90' lang='lat' dir='ltr'><strong>ita</strong></span> <span class='ocrx_word' id='word_1_258' title='bbox 382 3411 449 3456; x_wconf 88' lang='lat' dir='ltr'><strong>sese</strong></span> <span class='ocrx_word' id='word_1_259' title='bbox 466 3391 608 3470; x_wconf 89' lang='lat' dir='ltr'><strong>habeant,</strong></span> <span class='ocrx_word' id='word_1_260' title='bbox 633 3411 726 3476; x_wconf 94' lang='lat' dir='ltr'><strong>eoque</strong></span> <span class='ocrx_word' id='word_1_261' title='bbox 740 3411 757 3454; x_wconf 92' lang='lat' dir='ltr'><strong>a</strong></span> <span class='ocrx_word' id='word_1_262' title='bbox 773 3389 856 3454; x_wconf 91' lang='lat' dir='ltr'><strong>nobis</strong></span> <span class='ocrx_word' id='word_1_263' title='bbox 875 3391 960 3454; x_wconf 90' lang='lat' dir='ltr'><strong>modo</strong></span> <span class='ocrx_word' id='word_1_264' title='bbox 976 3389 1118 3475; x_wconf 89' lang='lat' dir='ltr'><strong>disputata</strong></span> <span class='ocrx_word' id='word_1_265' title='bbox 1136 3388 1207 3468; x_wconf 87' lang='lat' dir='ltr'><strong>sint,</strong></span> <span class='ocrx_word' id='word_1_266' title='bbox 1227 3399 1347 3468; x_wconf 62' lang='lat' dir='ltr'><strong>crevit.</strong></span> 
     </span>
     <span class='ocr_line' id='line_1_30' title="bbox 60 3489 1208 3578; baseline 0.003 -28"><span class='ocrx_word' id='word_1_267' title='bbox 60 3489 123 3570; x_wconf 93' lang='lat' dir='ltr'><strong>quid</strong></span> <span class='ocrx_word' id='word_1_268' title='bbox 144 3489 248 3554; x_wconf 81' lang='lat' dir='ltr'><strong>attinet</strong></span> <span class='ocrx_word' id='word_1_269' title='bbox 266 3492 451 3557; x_wconf 83' lang='lat' dir='ltr'><strong>invitissimo</strong></span> <span class='ocrx_word' id='word_1_270' title='bbox 469 3495 517 3558; x_wconf 90' lang='lat' dir='ltr'><strong>illo</strong></span> <span class='ocrx_word' id='word_1_271' title='bbox 534 3495 689 3573; x_wconf 85' lang='lat' dir='ltr'><strong>crabrone,</strong></span> <span class='ocrx_word' id='word_1_272' title='bbox 712 3513 798 3578; x_wconf 86' lang='lat' dir='ltr'><strong>quem</strong></span> <span class='ocrx_word' id='word_1_273' title='bbox 813 3513 955 3578; x_wconf 81' lang='lat' dir='ltr'><strong>zopyrum</strong></span> <span class='ocrx_word' id='word_1_274' title='bbox 970 3502 1087 3570; x_wconf 80' lang='lat' dir='ltr'><strong>vocatu,</strong></span> <span class='ocrx_word' id='word_1_275' title='bbox 1111 3489 1208 3576; x_wconf 91' lang='lat' dir='ltr'><strong>prodi-</strong></span> 
     </span>
     <span class='ocr_line' id='line_1_31' title="bbox 59 3591 1207 3681; baseline 0.003 -29"><span class='ocrx_word' id='word_1_276' title='bbox 59 3591 173 3672; x_wconf 76' lang='lat' dir='ltr'><strong>gando,</strong></span> <span class='ocrx_word' id='word_1_277' title='bbox 205 3593 254 3656; x_wconf 82' lang='lat' dir='ltr'><strong>vel</strong></span> <span class='ocrx_word' id='word_1_278' title='bbox 275 3595 360 3658; x_wconf 90' lang='lat' dir='ltr'><strong>aliter</strong></span> <span class='ocrx_word' id='word_1_279' title='bbox 381 3598 548 3681; x_wconf 87' lang='lat' dir='ltr'><strong>occupando</strong></span> <span class='ocrx_word' id='word_1_280' title='bbox 566 3595 685 3680; x_wconf 85' lang='lat' dir='ltr'><strong>iugenio</strong></span> <span class='ocrx_word' id='word_1_281' title='bbox 706 3596 828 3660; x_wconf 89' lang='lat' dir='ltr'><strong>haerere</strong></span> <span class='ocrx_word' id='word_1_282' title='bbox 847 3593 973 3664; x_wconf 75' lang='lat' dir='ltr'><strong>diutius?</strong></span> <span class='ocrx_word' id='word_1_283' title='bbox 1016 3591 1107 3659; x_wconf 90' lang='lat' dir='ltr'><strong>Suum</strong></span> <span class='ocrx_word' id='word_1_284' title='bbox 1130 3593 1207 3656; x_wconf 90' lang='lat' dir='ltr'><strong>enim</strong></span> 
     </span>
     <span class='ocr_line' id='line_1_32' title="bbox 59 3695 1206 3783; baseline 0.003 -28"><span class='ocrx_word' id='word_1_285' title='bbox 59 3711 109 3772; x_wconf 87' lang='lat' dir='ltr'><strong>per</strong></span> <span class='ocrx_word' id='word_1_286' title='bbox 127 3714 197 3758; x_wconf 89' lang='lat' dir='ltr'><strong>sese</strong></span> <span class='ocrx_word' id='word_1_287' title='bbox 216 3696 348 3762; x_wconf 89' lang='lat' dir='ltr'><strong>aculeum</strong></span> <span class='ocrx_word' id='word_1_288' title='bbox 368 3699 509 3783; x_wconf 88' lang='lat' dir='ltr'><strong>perdidit,</strong></span> <span class='ocrx_word' id='word_1_289' title='bbox 542 3719 576 3762; x_wconf 91' lang='lat' dir='ltr'><strong>ao</strong></span> <span class='ocrx_word' id='word_1_290' title='bbox 593 3697 749 3762; x_wconf 88' lang='lat' dir='ltr'><strong>conlictum</strong></span> <span class='ocrx_word' id='word_1_291' title='bbox 768 3697 849 3762; x_wconf 81' lang='lat' dir='ltr'><strong>velut</strong></span> <span class='ocrx_word' id='word_1_292' title='bbox 865 3717 881 3760; x_wconf 91' lang='lat' dir='ltr'><strong>a</strong></span> <span class='ocrx_word' id='word_1_293' title='bbox 900 3697 1072 3762; x_wconf 89' lang='lat' dir='ltr'><strong>circulatore</strong></span> <span class='ocrx_word' id='word_1_294' title='bbox 1089 3695 1206 3780; x_wconf 78' lang='lat' dir='ltr'><strong>dogma,</strong></span> 
     </span>
     <span class='ocr_line' id='line_1_33' title="bbox 60 3796 1205 3864; baseline 0.005 -10"><span class='ocrx_word' id='word_1_295' title='bbox 60 3812 112 3858; x_wconf 90' lang='lat' dir='ltr'><strong>uec</strong></span> <span class='ocrx_word' id='word_1_296' title='bbox 141 3796 177 3860; x_wconf 92' lang='lat' dir='ltr'><strong>ab</strong></span> <span class='ocrx_word' id='word_1_297' title='bbox 204 3796 326 3862; x_wconf 90' lang='lat' dir='ltr'><strong>aliorum</strong></span> <span class='ocrx_word' id='word_1_298' title='bbox 352 3799 473 3864; x_wconf 91' lang='lat' dir='ltr'><strong>somniis</strong></span> <span class='ocrx_word' id='word_1_299' title='bbox 496 3801 630 3864; x_wconf 87' lang='lat' dir='ltr'><strong>diversus</strong></span> <span class='ocrx_word' id='word_1_300' title='bbox 658 3820 743 3864; x_wconf 91' lang='lat' dir='ltr'><strong>error</strong></span> <span class='ocrx_word' id='word_1_301' title='bbox 767 3799 880 3864; x_wconf 88' lang='lat' dir='ltr'><strong>abunde</strong></span> <span class='ocrx_word' id='word_1_302' title='bbox 904 3801 1119 3864; x_wconf 89' lang='lat' dir='ltr'><strong>demonstratus</strong></span> <span class='ocrx_word' id='word_1_303' title='bbox 1147 3806 1205 3860; x_wconf 91' lang='lat' dir='ltr'><strong>est.</strong></span> 
     </span>
    </p>

    <p class='ocr_par' dir='ltr' id='par_1_10' title="bbox 59 3889 1207 4190">
     <span class='ocr_line' id='line_1_34' title="bbox 59 3889 1207 3986; baseline 0.004 -29"><span class='ocrx_word' id='word_1_304' title='bbox 59 3889 170 3962; x_wconf 83' lang='lat' dir='ltr'><strong>Ferunt</strong></span> <span class='ocrx_word' id='word_1_305' title='bbox 186 3900 262 3964; x_wconf 90' lang='lat' dir='ltr'><strong>enirn</strong></span> <span class='ocrx_word' id='word_1_306' title='bbox 279 3901 514 3968; x_wconf 90' lang='lat' dir='ltr'><strong>molestissimum</strong></span> <span class='ocrx_word' id='word_1_307' title='bbox 530 3903 598 3967; x_wconf 93' lang='lat' dir='ltr'><strong>illnd</strong></span> <span class='ocrx_word' id='word_1_308' title='bbox 614 3901 765 3966; x_wconf 88' lang='lat' dir='ltr'><strong>crabronis</strong></span> <span class='ocrx_word' id='word_1_309' title='bbox 780 3923 885 3986; x_wconf 80' lang='lat' dir='ltr'><strong>genus,</strong></span> <span class='ocrx_word' id='word_1_310' title='bbox 909 3905 984 3986; x_wconf 90' lang='lat' dir='ltr'><strong>qnod</strong></span> <span class='ocrx_word' id='word_1_311' title='bbox 999 3920 1141 3986; x_wconf 83' lang='lat' dir='ltr'><strong>zopprum</strong></span> <span class='ocrx_word' id='word_1_312' title='bbox 1156 3920 1207 3984; x_wconf 89' lang='lat' dir='ltr'><strong>ap·</strong></span> 
     </span>
     <span class='ocr_line' id='line_1_35' title="bbox 60 3999 1206 4088; baseline 0.003 -27"><span class='ocrx_word' id='word_1_313' title='bbox 60 3999 182 4081; x_wconf 86' lang='lat' dir='ltr'><strong>pellant,</strong></span> <span class='ocrx_word' id='word_1_314' title='bbox 214 4003 316 4067; x_wconf 88' lang='lat' dir='ltr'><strong>acrrleo</strong></span> <span class='ocrx_word' id='word_1_315' title='bbox 336 4005 460 4088; x_wconf 90' lang='lat' dir='ltr'><strong>quodam</strong></span> <span class='ocrx_word' id='word_1_316' title='bbox 478 4015 618 4068; x_wconf 88' lang='lat' dir='ltr'><strong>armatum</strong></span> <span class='ocrx_word' id='word_1_317' title='bbox 642 4025 726 4083; x_wconf 88' lang='lat' dir='ltr'><strong>esse,</strong></span> <span class='ocrx_word' id='word_1_318' title='bbox 759 4003 970 4069; x_wconf 88' lang='lat' dir='ltr'><strong>venenatoillo</strong></span> <span class='ocrx_word' id='word_1_319' title='bbox 989 4003 1122 4088; x_wconf 91' lang='lat' dir='ltr'><strong>quidem,</strong></span> <span class='ocrx_word' id='word_1_320' title='bbox 1155 4001 1206 4064; x_wconf 90' lang='lat' dir='ltr'><strong>sed</strong></span> 
     </span>
     <span class='ocr_line' id='line_1_36' title="bbox 60 4102 1207 4190; baseline 0.004 -27"><span class='ocrx_word' id='word_1_321' title='bbox 60 4103 186 4188; x_wconf 81' lang='lat' dir='ltr'><strong>exiguo,</strong></span> <span class='ocrx_word' id='word_1_322' title='bbox 211 4103 316 4190; x_wconf 91' lang='lat' dir='ltr'><strong>quique</strong></span> <span class='ocrx_word' id='word_1_323' title='bbox 333 4107 406 4171; x_wconf 90' lang='lat' dir='ltr'><strong>haud</strong></span> <span class='ocrx_word' id='word_1_324' title='bbox 423 4106 542 4172; x_wconf 88' lang='lat' dir='ltr'><strong>multum</strong></span> <span class='ocrx_word' id='word_1_325' title='bbox 558 4106 666 4172; x_wconf 91' lang='lat' dir='ltr'><strong>doloris</strong></span> <span class='ocrx_word' id='word_1_326' title='bbox 681 4107 820 4186; x_wconf 89' lang='lat' dir='ltr'><strong>incutiat,</strong></span> <span class='ocrx_word' id='word_1_327' title='bbox 844 4116 874 4171; x_wconf 89' lang='lat' dir='ltr'><strong>et</strong></span> <span class='ocrx_word' id='word_1_328' title='bbox 892 4126 932 4170; x_wconf 87' lang='lat' dir='ltr'><strong>ex</strong></span> <span class='ocrx_word' id='word_1_329' title='bbox 949 4126 1002 4170; x_wconf 90' lang='lat' dir='ltr'><strong>suo</strong></span> <span class='ocrx_word' id='word_1_330' title='bbox 1019 4102 1207 4168; x_wconf 89' lang='lat' dir='ltr'><strong>nihilominus</strong></span> 
     </span>
    </p>
   </div>
   <div class='ocr_carea' id='block_1_7' title="bbox 60 4205 1257 4416">
    <p class='ocr_par' dir='ltr' id='par_1_11' title="bbox 60 4205 1257 4416">
     <span class='ocr_line' id='line_1_37' title="bbox 60 4205 1207 4296; baseline 0.003 -30"><span class='ocrx_word' id='word_1_331' title='bbox 60 4223 168 4284; x_wconf 79' lang='lat' dir='ltr'><strong>genere</strong></span> <span class='ocrx_word' id='word_1_332' title='bbox 191 4205 230 4271; x_wconf 91' lang='lat' dir='ltr'><strong>sit</strong></span> <span class='ocrx_word' id='word_1_333' title='bbox 252 4220 425 4274; x_wconf 87' lang='lat' dir='ltr'><strong>venenatus.</strong></span> <span class='ocrx_word' id='word_1_334' title='bbox 470 4210 517 4274; x_wconf 79' lang='lat' dir='ltr'><strong>Ao</strong></span> <span class='ocrx_word' id='word_1_335' title='bbox 538 4209 563 4274; x_wconf 93' lang='lat' dir='ltr'><strong>si</strong></span> <span class='ocrx_word' id='word_1_336' title='bbox 580 4207 646 4294; x_wconf 91' lang='lat' dir='ltr'><strong>quis</strong></span> <span class='ocrx_word' id='word_1_337' title='bbox 661 4209 737 4274; x_wconf 88' lang='lat' dir='ltr'><strong>lorte</strong></span> <span class='ocrx_word' id='word_1_338' title='bbox 755 4209 968 4296; x_wconf 87' lang='lat' dir='ltr'><strong>praetereundo</strong></span> <span class='ocrx_word' id='word_1_339' title='bbox 984 4205 1112 4272; x_wconf 90' lang='lat' dir='ltr'><strong>latebras</strong></span> <span class='ocrx_word' id='word_1_340' title='bbox 1129 4205 1207 4270; x_wconf 90' lang='lat' dir='ltr'><strong>illius</strong></span> 
     </span>
     <span class='ocr_line' id='line_1_38' title="bbox 62 4303 1257 4416; baseline 0 -45"><span class='ocrx_word' id='word_1_341' title='bbox 62 4303 215 4393; x_wconf 87' lang='lat' dir='ltr'><strong>nidumque</strong></span> <span class='ocrx_word' id='word_1_342' title='bbox 233 4309 345 4390; x_wconf 89' lang='lat' dir='ltr'><strong>diruat,</strong></span> <span class='ocrx_word' id='word_1_343' title='bbox 370 4331 454 4397; x_wconf 91' lang='lat' dir='ltr'><strong>quem</strong></span> <span class='ocrx_word' id='word_1_344' title='bbox 471 4312 550 4378; x_wconf 88' lang='lat' dir='ltr'><strong>inter</strong></span> <span class='ocrx_word' id='word_1_345' title='bbox 566 4313 685 4376; x_wconf 89' lang='lat' dir='ltr'><strong>lrutices</strong></span> <span class='ocrx_word' id='word_1_346' title='bbox 701 4333 734 4376; x_wconf 90' lang='lat' dir='ltr'><strong>ac</strong></span> <span class='ocrx_word' id='word_1_347' title='bbox 752 4311 905 4378; x_wconf 88' lang='lat' dir='ltr'><strong>densiores</strong></span> <span class='ocrx_word' id='word_1_348' title='bbox 921 4309 1027 4376; x_wconf 85' lang='lat' dir='ltr'><strong>herbas</strong></span> <span class='ocrx_word' id='word_1_349' title='bbox 1041 4308 1098 4374; x_wconf 87' lang='lat' dir='ltr'><strong>lavi</strong></span> <span class='ocrx_word' id='word_1_350' title='bbox 1113 4305 1220 4394; x_wconf 81' lang='lat' dir='ltr'><strong>instar¹</strong></span> <span class='ocrx_word' id='word_1_351' title='bbox 1255 4407 1257 4416; x_wconf 33' lang='grc' dir='ltr'>Ι</span> 
     </span>
    </p>
   </div>
   <div class='ocr_carea' id='block_1_8' title="bbox 60 4455 1165 4600">
    <p class='ocr_par' dir='ltr' id='par_1_12' title="bbox 60 4455 1165 4600">
     <span class='ocr_line' id='line_1_39' title="bbox 92 4455 947 4536; baseline 0.004 -24"><span class='ocrx_word' id='word_1_352' title='bbox 92 4459 115 4510; x_wconf 81' lang='lat'><em>2</em></span> <span class='ocrx_word' id='word_1_353' title='bbox 133 4455 242 4515; x_wconf 76' lang='grc' dir='ltr'>ἀναστὰν</span> <span class='ocrx_word' id='word_1_354' title='bbox 266 4467 314 4517; x_wconf 88' lang='lat' dir='ltr'><strong>cod.</strong></span> <span class='ocrx_word' id='word_1_355' title='bbox 334 4467 407 4518; x_wconf 79' lang='lat' dir='ltr'><strong>Velle.</strong></span> <span class='ocrx_word' id='word_1_356' title='bbox 441 4460 542 4520; x_wconf 69' lang='grc' dir='ltr'><strong>ἀνιστᾶν</strong></span> <span class='ocrx_word' id='word_1_357' title='bbox 566 4464 619 4518; x_wconf 86' lang='lat' dir='ltr'><strong>libri</strong></span> <span class='ocrx_word' id='word_1_358' title='bbox 685 4465 709 4518; x_wconf 80' lang='lat'><strong>3.</strong></span> <span class='ocrx_word' id='word_1_359' title='bbox 726 4463 797 4536; x_wconf 73' lang='grc' dir='ltr'><strong>αὐτῷ</strong></span> <span class='ocrx_word' id='word_1_360' title='bbox 814 4467 850 4518; x_wconf 80' lang='lat' dir='ltr'><strong>ed</strong></span> <span class='ocrx_word' id='word_1_361' title='bbox 867 4468 947 4518; x_wconf 78' lang='lat' dir='ltr'><strong>Polou.</strong></span> 
     </span>
     <span class='ocr_line' id='line_1_40' title="bbox 60 4527 1165 4600; baseline -0.003 -14"><span class='ocrx_word' id='word_1_362' title='bbox 60 4527 120 4580; x_wconf 68' lang='lat' dir='ltr'><strong>‘dlli-</strong></span> <span class='ocrx_word' id='word_1_363' title='bbox 687 4535 747 4587; x_wconf 75' lang='lat' dir='ltr'><strong>Car.</strong></span> <span class='ocrx_word' id='word_1_364' title='bbox 760 4537 814 4590; x_wconf 82' lang='lat' dir='ltr'><strong>Vll.</strong></span> <span class='ocrx_word' id='word_1_365' title='bbox 831 4563 864 4575; x_wconf 90' lang='lat'>—</span> <span class='ocrx_word' id='word_1_366' title='bbox 883 4536 905 4586; x_wconf 88' lang='lat' dir='ltr'><strong>l.</strong></span> <span class='ocrx_word' id='word_1_367' title='bbox 922 4531 1024 4600; x_wconf 77' lang='grc' dir='ltr'><strong>τάμνοις</strong></span> <span class='ocrx_word' id='word_1_368' title='bbox 1039 4532 1075 4584; x_wconf 80' lang='lat' dir='ltr'><strong>cd.</strong></span> <span class='ocrx_word' id='word_1_369' title='bbox 1089 4534 1165 4596; x_wconf 64' lang='lat' dir='ltr'><strong>utne.</strong></span> 
     </span>
    </p>
   </div>
   <div class='ocr_carea' id='block_1_9' title="bbox 0 0 1503 4996">
    <p class='ocr_par' dir='ltr' id='par_1_13' title="bbox 0 0 1503 4996">
     <span class='ocr_line' id='line_1_41' title="bbox 0 0 1503 4996; baseline 0 0"><span class='ocrx_word' id='word_1_370' title='bbox 0 0 1503 4996; x_wconf 95' lang='lat' dir='ltr'><strong> </strong></span> 
     </span>
    </p>
   </div>
  </div>
 </body>
</html>
