3018 4994
270 285 330 350 368
693 301 813 353 ειασιι
832 301 1003 354 τιινιιιιιιι

269 422 395 500 ράσθαι.
444 423 537 482 Τοῦτο
560 418 592 482 δέ
614 419 664 484 καί
687 413 705 484 ὅ
724 424 845 495 Παῦλος
861 419 951 504 λέγει·
983 424 1053 483 Πάν
1071 415 1129 503 γάρ
1150 415 1183 484 τά
1204 413 1400 502 φανερούμενον

271 523 337 598 φιδς
351 518 437 582 ἐστιν.
466 515 548 584 Ἐπεί
563 522 662 584 τοίνυν
676 521 843 606 ἐφωνέρωσε
856 523 907 586 καλ
922 522 1057 606 ἐγέννησε
1071 517 1122 586 τόν
1134 543 1164 584 τε
1173 516 1348 605 Ἀνθρωτιον
1359 516 1400 580 καί

270 616 324 702 τήν
337 616 508 702 Ἐκκλησίαν
528 616 593 704 ιιή
609 618 690 704 Ζωή,
711 629 778 703 φάς
792 625 930 709 εέρήσθαι
946 619 1053 688 αάτῶν.
1098 628 1213 703 Σαφῶς
1226 613 1281 689 οὖν
1294 617 1400 702 δεδήλω-

271 747 321 788 κεν
341 719 360 789 ά
377 720 514 806 Ἰωάννης
534 721 584 790 διά
605 730 664 790 τῶν
684 721 780 810 λόγων
799 723 912 790 τοάτων
933 723 970 791 τά
987 750 1017 790 τε
1034 723 1121 804 άλλα,
1150 725 1201 788 καί
1218 723 1270 806 τήν
1289 719 1402 806 Τειράδα

271 823 325 908 τήν
338 826 475 910 δευτέραν
486 825 592 912 Λόγον
604 828 653 891 καί
671 823 769 909 Ζωήν,
782 824 973 912 ’Ἄνθρωπον
986 829 1037 893 καί
1049 825 1230 910 Ἐκκλησίαν.
1259 822 1342 890 Ἀλλά
1354 820 1403 906 μήν

271 928 321 994 καί
339 925 393 1010 τήν
408 926 527 1013 πράτην
543 927 669 1012 ἐμήνυσε
690 927 828 1013 Τετράδα.
872 929 1074 1016 Διηγοάμενος
1091 927 1146 1015 γάρ
1165 930 1233 1014 περὶ
1248 934 1301 994 τοῦ
1315 931 1402 1005 Σωτή-

271 1055 337 1116 ρος,
369 1031 419 1095 καί
435 1032 527 1117 λέγων
543 1028 640 1096 πάντα
657 1029 693 1096 τά
711 1029 795 1108 ἐκιάς
809 1039 863 1098 τοῦ
883 1031 1087 1119 Πληράματσς
1103 1029 1140 1098 δι’
1155 1029 1248 1098 αὐτοῦ
1263 1033 1403 1115 μεμορριλ-

271 1142 359 1213 σθαι,
388 1132 504 1218 καρπόν
522 1131 598 1200 είναί
615 1155 707 1217 φησιν
726 1132 816 1200 αιίτδν
832 1135 943 1212 παντὸς
959 1143 1012 1202 τοῦ
1033 1133 1244 1220 Πληριάματος.
1286 1134 1344 1196 Καί
1357 1127 1403 1215 γάρ

272 1243 339 1317 φῶς
359 1239 475 1322 είρηπεν
493 1233 584 1302 αάτδν
605 1235 638 1302 τά
661 1238 693 1302 ἐν
708 1243 745 1326 τῇ
763 1242 863 1328 σκοτίᾳ
880 1237 1078 1322 φαινόμενον,
1105 1241 1156 1304 καί
1173 1234 1214 1321 μή
1231 1232 1405 1317 καταληφθὲν

270 1335 321 1405 ὕπ’
336 1335 438 1422 αάτής,
452 1336 552 1422 ἐπειδή
566 1337 661 1404 πάντα
683 1337 759 1404 Ιἐτά
772 1339 913 1426 γενόμενα
925 1343 959 1408 ἐκ
970 1349 1023 1408 τοῦ
1036 1341 1157 1418 πάθους
1168 1339 1300 1426 άρμάσας
1312 1331 1403 1422 ήγνοή·

151 1467 202 1512 ιιι.
217 1453 259 1498 Μ
273 1451 317 1524 θη
333 1439 384 1508 ὑπ’
403 1438 553 1506 18αὐτῶν.
599 1443 660 1506 Καὶ
676 1439 743 1508 υίάν
760 1443 808 1522 δέ,
829 1445 878 1510 καί
896 1441 1053 1528 άλήθειαν,
1075 1446 1127 1510 καί
1142 1439 1219 1526 ζωήν
1231 1443 1304 1528 λέγει
1318 1435 1405 1514 ωάτάν,

271 1546 322 1610 καί
334 1542 421 1629 λόγον
435 1543 529 1629 σάρκα
544 1543 715 1629 γενόμενον,
742 1537 787 1610 Οὗ
802 1542 856 1628 τήν
871 1545 963 1624 δόξαν
979 1545 1183 1630 ἐθεασάμεθα,
1205 1547 1295 1628 φησί,
1316 1543 1362 1608 καί
1374 1530 1406 1620 ἦν

271 1645 384 1731 ήδόξα
406 1645 516 1728 ου’τοῢ,
545 1650 594 1714 οία
615 1639 653 1730 ἦν
675 1644 769 1728 ήτοῠ
784 1656 962 1733 μονογενοῦς
979 1646 1000 1732 ή
1017 1647 1078 1714 άπδ
1096 1655 1151 1716 τοῦ
1168 1644 1279 1732 πατρίς
1295 1649 1406 1711 δοθεῖσα

271 1749 368 1839 αὐτῷ,
397 1748 510 1836 πλήρης
531 1747 649 1833 χάριτος
668 1751 718 1815 καί
738 1747 887 1832 α’ληθείας.
930 1753 1020 1837 Λέγει
1037 1752 1069 1818 δέ
1086 1750 1193 1827 οὕτως·
1225 1750 1285 1814 Καὶ
1303 1744 1407 1829 άλάγνς

271 1851 343 1939 σάρξ
357 1854 477 1938 ἐγένετο,
493 1854 543 1916 καί
558 1850 722 1934 ἐσκήνωσεν
738 1855 770 1918 ἐν
783 1850 861 1936 ήμῖν,
878 1854 929 1918 καλ
945 1853 1135 1936 ἐθεασάμεθα
1147 1851 1201 1936 τήν
1214 1851 1304 1928 δόξαν
1316 1844 1406 1921 «dmi,
1487 1845 1488 1848 ¹

272 1955 364 2033 δόξαν
391 1951 432 2031 είς
452 1962 630 2040 μονογενοῦς
656 1952 737 2040 παρά
757 1955 883 2040 πατρδς,
916 1955 1032 2041 πλήρης
1056 1955 1172 2042 χάριτος
1198 1955 1249 2020 καί
1268 1951 1405 2033 άληθείνε·

271 2057 414 2144 Ἀκριβῶς
433 2051 489 2122 οὖν
510 2058 561 2122 καί
583 2056 637 2139 τήν
657 2054 778 2144 πράτην
795 2057 922 2141 ἐμήνυσε
944 2057 1089 2142 Τετράδα,
1123 2058 1240 2143 Πατέρα
1258 2052 1347 2120 εέποίν
1364 2051 1406 2118 καί

275 2160 386 2247 Χάριν,
415 2162 467 2226 καί
488 2157 539 2225 τάν
556 2165 731 2246 Μονσγενή,
760 2161 812 2226 καί
829 2157 993 2244 Ἀλήθειαν.
1041 2159 1143 2236 Οὕτως
1161 2156 1179 2226 δ
1196 2155 1331 2240 Ἰωάννης
1348 2153 1405 2236 περί
1488 2149 1489 2166 ³

271 2271 325 2347 τής
342 2262 462 2348 πράτης
475 2265 527 2328 καί
542 2261 652 2347 μητρδς
668 2269 727 2328 τῶν
748 2270 781 2310 ¹⁴
792 2262 869 2330 ὅλων
886 2262 1013 2330 Αίοάνων
1027 2261 1188 2348 Ὀγδοάδος
1207 2265 1311 2348 είρηιιε.
1352 2259 1405 2320 Πᾱ·

272 2369 342 2452 τέρα
358 2363 414 2452 γάρ
432 2369 529 2452 εἴρηκε
544 2367 595 2430 καί
613 2364 725 2451 Χάριν,
754 2367 804 2432 καί
819 2372 995 2451 Μονογενή,
1024 2366 1076 2430 καί
1090 2363 1260 2448 Ἀλήθειαν,
1290 2363 1339 2430 καλ
1353 2354 1405 2424 Λά-

271 2495 338 2555 γον,
361 2470 410 2534 καί
437 2466 540 2552 Ζωήν,
562 2469 613 2534 καί
626 2466 831 2554 Ἄνθρωπον,
854 2471 905 2534 καί
923 2465 1103 2550 Ἐκκλησίαν.

356 2672 461 2762 Ὁρᾷς,
482 2671 627 2760 άγαπητέ,
650 2673 703 2758 τήν
717 2676 851 2757 μέθοδον
867 2666 886 2763 ή
900 2676 932 2740 οί
943 2671 1086 2760 χράμενοι
1099 2678 1337 2754 φρεναπατοῦσιν
1349 2670 1405 2734 έαυ·

274 2777 359 2858 τοάς,
381 2775 588 2863 ἐπηρεάζοντες
605 2774 657 2853 τάς
672 2775 805 2862 γραφάς,
826 2775 859 2842 τά
877 2774 996 2859 πλάσμα
1014 2775 1111 2842 αιίτάν
1127 2777 1157 2853 ἐξ
1174 2773 1271 2842 αιίτάν
1287 2765 1407 2840 σννισιά-
1490 2773 1491 2776 ’

275 2905 335 2946 νειν
347 2879 529 2966 πειράμενοι
573 2877 633 2944 Διά
648 2887 735 2946 τοῦτο
749 2877 803 2964 γάρ
818 2880 869 2944 καί
888 2875 1001 2956 ιαιίτάς
1014 2879 1186 2965 παρεθέμην
1201 2875 1299 2944 αάτάν
1310 2873 1360 2949 τάς
1370 2871 1407 2936 λί-

275 2987 348 3063 ξεις,
375 2985 424 3047 ίνα
446 2985 476 3060 ἐξ
498 2980 596 3048 αὐτῶν
617 2981 803 3071 κατανοήσης
823 2979 877 3064 τήν
893 2986 1077 3067 πανουργίαν
1096 2985 1149 3066 τῆς
1166 2982 1338 3064 μεθοδείας,
1364 2973 1406 3040 καί

273 3085 328 3169 τήν
343 3089 488 3170 πονηρίαν
504 3091 557 3166 τῆς
572 3082 690 3166 πλάνης.
735 3087 861 3167 Προῖτον
880 3083 932 3165 μὲν
948 3082 1004 3170 γάρ
1021 3086 1048 3150 εί
1061 3085 1213 3169 προέκειτο
1227 3080 1347 3168 Ἰωάννη
1362 3073 1408 3156 τήν

273 3187 335 3253 άνω
346 3184 491 3272 Ὀγδοάδα
508 3185 670 3270 θμηνάσαι,
691 3184 744 3268 τήν
759 3185 840 3263 τάξιν
855 3185 891 3250 άν
910 3185 1080 3271 3τετηρήκει
1095 3193 1147 3269 τῆς
1162 3188 1346 3270 *προβολῆς
1365 3179 1409 3244 καὶ

276 3289 354 3372 θτήν
367 3288 488 3376 πράτην
504 3288 634 3376 Τετράδα
647 3287 885 3371 σεβασμιωτάτην
898 3281 1000 3368 οὖσαν,
1015 3286 1121 3364 καθάς
1134 3289 1278 3372 λέγουσιν,
1294 3287 1327 3352 ἐν
1338 3279 1408 3367 πρά·

273 3417 336 3468 τοις
350 3390 387 3458 τίν
402 3397 527 3458 τεθείκει
539 3401 603 3469 τοῖς
616 3389 758 3474 ὀνόμασι,
779 3392 828 3457 καί
845 3390 939 3467 οὕτως
955 3389 1120 3474 θέπεζεάχει
1135 3387 1187 3472 τήν
1202 3390 1348 3475 δευτέραν,
1366 3387 1409 3450 ίνσ

275 3493 325 3560 διά
340 3501 392 3577 τῆς
405 3493 513 3572 τάξεως
528 3501 586 3560 τάν
601 3491 754 3577 ὀνομάτων
766 3491 787 3576 ή
799 3492 881 3572 τάξις
897 3497 1024 3582 7δειχθή
1041 3501 1093 3576 τῆς
1105 3491 1276 3578 Ὀγδοάδος,
1296 3482 1408 3556 καλιάν

274 3595 311 3663 άν
326 3595 397 3680 μετά
410 3604 549 3663 τοσοῦτον
564 3595 724 3679 διάστημα,
749 3593 790 3671 οίς
807 3597 1024 3679 ἐκλελησμένος,
1047 3598 1145 3662 ἔπειτα
1159 3591 1357 3678 άναμνησθιίς
1370 3582 1410 3656 ἐπ’

274 3697 383 3788 ἐσχάτρι
403 3705 478 3782 8τής
494 3697 612 3783 πράτης
624 3700 767 3781 ἐμέμνητο
786 3695 937 3782 Τετράδος.
971 3696 1095 3764 ’Ἐπειτα
1110 3697 1142 3764 δὲ
1155 3694 1272 3773 καλιάς
1285 3695 1410 3778 συζυγίαι

275 3806 402 3883 σημᾶναι
420 3803 517 3866 θέλων
535 3803 586 3868 καί
602 3798 635 3866 τά
650 3809 703 3884 τῆς
718 3799 888 3881 Ἐκκλησίας
904 3797 959 3866 οιίκ
976 3798 1014 3866 άν
1030 3801 1186 3886 παρέλιπεν
1205 3797 1316 3883 ὄνομα,
1338 3787 1411 3859 ἐέλέ

273 3900 295 3984 ή
312 3905 363 3969 καί
380 3904 429 3969 ἐπί
443 3911 503 3970 τάν
516 3910 629 3970 λοιπῶν
643 3908 786 3988 συζυγιοδν
800 3899 935 3988 ήρκέσθη
953 3910 990 3992 τῇ
1007 3910 1066 3968 τῶν
1084 3901 1216 3989 άρρένων
1228 3899 1410 3987 προςηγομίᾳι

275 4001 385 4088 δμοίως
409 4007 580 4090 δυναμένων
602 4001 746 4072 κάκείνων
767 4004 1044 4096 συνυπακούεσθαι,
1074 4008 1125 4071 ίνα
1147 4001 1202 4089 τήν
1225 4002 1347 4087 ἐνάτητα
1367 3991 1410 4064 διδ

311 4203 349 4250 11.
366 4193 384 4266 ή
403 4195 465 4262 Ζωή
483 4202 554 4249 ναίω
567 4211 614 4250 παπ
628 4199 695 4248 habet
709 4199 760 4248 εοδ.
778 4199 832 4248 Vm.
865 4203 938 4260 γίιασ
954 4203 987 4248 est
1004 4191 1093 4263 αὐτῆς.

311 4267 348 4318 ¹2.
365 4263 413 4328 τά,
431 4268 493 4329 quod
508 4281 554 4317 οτπ.
570 4267 606 4317 εδ.
619 4269 706 4328 ρνλιισ,
722 4266 833 4316 Pacuvius
902 4261 939 4316 14.
957 4257 1039 4318 ἄλλων
1056 4265 1106 4316 ανδ.
1122 4265 1176 4314 Vm.

273 4337 376 4398 pn'mum
394 4336 478 4383 adiecit
493 4348 523 4383 ετ
539 4336 589 4385 οοδ.
605 4337 723 4384 Vaticano.
900 4331 958 4382 Cn.
973 4333 1063 4384 XXX.
1077 4359 1111 4371 -
1130 4333 1151 4383 1.
1169 4326 1249 4392 αδτδς
1261 4325 1412 4384 mainil·

311 4401 349 4452 13.
367 4395 450 4454 αὐτῶν
467 4403 517 4452 σεδ
530 4405 602 4466 λιιι,
618 4415 671 4452 ενοι
682 4416 727 4464 quo
740 4405 831 4464 σοπιμί·
864 4403 917 4452 λίιιι.

274 4475 313 4519 rat
329 4471 399 4520 ιείαπι
417 4471 464 4519 λέλ-
480 4471 600 4534 λιιίιτγιιιι.
633 4471 662 4520 Et
679 4471 780 4521 (ἰσοδίοι
795 4474 830 4519 ι’λσ
896 4469 920 4520 2
938 4465 1179 4536 μηνάσαιοοδίσπ.
1206 4461 1412 4535 μηνάσεινηῧίῑί

275 4538 394 4588 emendari
410 4539 489 4588 υολιιίε.
525 4539 624 4602 Vulgata
640 4539 751 4589 librorum
771 4541 829 4588 κατ’·
862 4540 923 4588 λίθοι’.
