2994 5024
320 371 454 422 annana
471 369 534 421 eia.
548 369 566 420 i.
585 369 665 421 ron.
679 369 721 419 iii.
738 367 839 418 aian.
850 367 931 418 xnii.
1139 355 1197 418 eii

137 489 240 554 Relut.
261 485 302 553 ll.
337 487 411 554 Corn
435 488 490 552 line
513 489 577 553 loeo
594 508 696 552 rursus
716 487 865 572 apostolas
883 486 1027 568 significet
1047 497 1201 572 susceptae

39 593 150 656 carnis
167 592 446 656 administrationem
467 612 581 654 omnem
604 611 638 654 ae
656 610 771 654 cracem
794 589 829 652 ad
848 589 1002 652 tollendum
1020 589 1203 653 maledictam

40 695 247 781 pertinuisse,
278 694 364 778 idque
386 695 480 779 ipsum
509 704 539 755 et
560 693 588 756 ia
609 693 673 777 lege
695 703 782 756 antea
805 691 943 776 scriptum
968 714 1002 754 ae
1024 691 1203 776 praedictam

39 799 163 878 fuisse,
195 797 367 862 ardemani
392 797 421 860 iii
446 796 593 859 salvatore
619 797 796 880 perieulum,
832 794 905 856 liaiid
930 793 1053 857 obscure
1076 795 1205 858 declarat

39 921 110 964 noa
139 899 263 962 alienam
287 919 304 962 a
326 899 473 963 salvatore
496 917 563 962 esse
585 897 697 980 legem,
730 906 828 980 utpote
851 917 924 980 quae
947 896 981 959 ab
1005 895 1055 959 ille
1075 899 1205 981 gerenda

39 1001 152 1066 omnia
174 1001 331 1064 vaticinata
355 1001 459 1078 inerit,
484 1021 519 1064 ae
544 999 711 1063 testimonio
733 997 943 1062 corroborarit.

140 1099 241 1168 Selinl.
262 1100 317 1166 lll.
356 1105 502 1185 beatificet·
518 1123 631 1164 rursum
649 1106 777 1182 quoniam
799 1105 878 1162 borno
895 1105 1076 1163 circumcisus
1095 1103 1356 1176 dedicarentur.

41 1219 97 1268 est
120 1212 268 1268 unibersae
289 1209 361 1286 legis
381 1209 544 1286 t'rnplendae.

141 1306 244 1372 llelut.
264 1305 319 1370 lll.
355 1304 440 1390 Quod
459 1309 510 1386 ait,
535 1307 651 1368 Debitor
665 1319 717 1380 est,
742 1325 800 1368 iieii
817 1315 959 1388 tamquam
975 1307 1010 1368 de
1026 1327 1058 1370 re
1072 1307 1204 1393 quapiam

44 1410 202 1498 prohibita
218 1409 308 1488 dixit,
340 1411 390 1473 sed
409 1410 444 1472 de
463 1409 599 1493 graviore
617 1408 739 1491 quodam
759 1428 868 1487 oriere,
899 1408 974 1492 qood
992 1407 1138 1473 sublevari
1156 1433 1206 1496 po·

45 1524 127 1578 test.
175 1509 234 1576 Sed
257 1511 314 1589 ita,
346 1532 421 1574 nans
441 1523 471 1574 ut
490 1511 696 1591 sitdominus,
729 1509 776 1594 qni
794 1520 824 1573 et
841 1531 965 1573 onerare
983 1513 1091 1597 possit,
1123 1524 1153 1576 et
1171 1513 1206 1576 de

45 1637 151 1680 onere
168 1613 339 1690 detrahere,
371 1635 540 1698 praeeram
558 1613 709 1678 voluntate
726 1611 773 1697 qui
791 1611 913 1676 oblatam
933 1633 984 1700 per
1002 1615 1064 1678 eius
1084 1614 1206 1700 gratiarii

45 1717 151 1802 ipsius
173 1717 299 1779 adventa
321 1715 444 1779 salutem
468 1715 585 1779 minime
608 1714 837 1800 repudiaverint.

145 1815 248 1882 Sebol.
268 1815 323 1883 tv.
357 1815 417 1882 Pro
440 1839 475 1882 eo
498 1818 573 1902 qued
597 1827 659 1896 est,
691 1821 831 1879 Modi'cuui
844 1820 1017 1901 sei-mention
1035 1832 1118 1882 totam
1136 1836 1309 1884 inas-iiiam.

46 1945 116 1984 sarii
140 1925 311 2001 corrumpit,
338 1918 490 2004 rescripsit
510 1923 674 1982 Adulterut.

144 2021 247 2086 fletui.
268 2019 323 2088 lV.
358 2019 408 2086 Ne
429 2023 505 2106 qnod
528 2022 567 2088 sit
588 2023 661 2108 apud
684 2021 762 2084 illum
784 2023 918 2086 veritatis
938 2023 1109 2107 vestigium,
1142 2047 1210 2088 nns-

50 2147 148 2212 quam
173 2127 235 2188 lere
256 2125 416 2210 scripturas
434 2124 545 2207 attigit,
578 2123 646 2208 quin
665 2123 807 2189 malitiose
825 2125 930 2209 aliquid
949 2125 1128 2206 immutaret,
1159 2127 1211 2191 sed

51 2251 100 2292 ex
123 2248 162 2292 eo
184 2228 259 2312 qnod
281 2227 414 2311 sequitur
432 2226 573 2290 erationis
590 2226 682 2290 series
699 2226 762 2313 ipsa
779 2227 932 2291 manifesta
948 2228 1089 2292 redditur.
1132 2227 1211 2292 Nam

51 2335 249 2408 termentum,
273 2330 355 2392 velut
373 2330 463 2392 torma
481 2329 633 2412 quaedam,
660 2348 774 2393 massae
790 2330 927 2394 subactae
941 2351 1012 2414 opus
1029 2343 1085 2410 est,
1109 2342 1139 2394 et
1154 2334 1213 2394 ler-

52 2431 204 2498 mentatio
228 2431 289 2516 ipsa
311 2452 327 2494 e
350 2429 469 2494 subacta
492 2452 590 2495 massa
611 2431 658 2512 lit,
690 2451 783 2515 neque
802 2431 1002 2518 primigeniam
1023 2435 1143 2498 formam
1162 2435 1213 2498 de·

54 2534 192 2612 struxit,
216 2533 264 2616 qui
285 2533 443 2618 prudenter
458 2532 674 2598 similitudinem
698 2534 773 2598 illam
796 2535 1097 2621 comparationemque
1118 2548 1213 2602 trans-

55 2637 140 2701 tulit.

150 2733 253 2800 Seltol.
273 2733 314 2800 V.
349 2742 444 2800 Oaint's
462 2743 534 2800 ent‘rn
552 2741 600 2800 lete
616 2742 645 2799 iri
664 2759 696 2800 eo
715 2739 791 2800 nubis
809 2741 956 2818 impletur:
988 2742 1097 2820 Diliges
1112 2746 1327 2821 promittitis.

56 2863 137 2904 nium
163 2851 239 2902 titum
261 2843 337 2901 sieut
356 2845 483 2921 impsum.

152 2939 256 3005 ttein.
271 2938 311 3005 V.
347 2938 424 3024 Quid
442 2942 582 3008 attinebat
596 2940 756 3028 apostolum
772 2943 866 3027 legem
883 2941 1036 3022 adliibere,
1060 2943 1085 3007 si
1103 2955 1216 3010 avete·

57 3047 147 3111 ribus
164 3043 308 3108 mandatis
324 3064 431 3108 nevam
446 3055 649 3109 testamentum
665 3043 858 3108 abhorreret?
898 3041 957 3109 Sed
976 3055 1007 3108 at
1020 3059 1119 3132 aperte
1135 3069 1217 3111 moa-

60 3157 179 3213 straret
195 3147 251 3210 iliie
275 3145 323 3210 illa
340 3156 515 3210 testamenta
539 3147 574 3210 ab
599 3168 656 3209 iino
672 3147 831 3231 eodemque
855 3159 974 3212 auctore
994 3149 1049 3211 deo
1068 3171 1216 3230 manasse,

60 3269 269 3332 summamque
285 3248 435 3312 amborum
450 3269 517 3312 esse
534 3249 736 3329 concordiam,
761 3249 913 3334 utrobique
928 3250 1126 3336 proximorum
1144 3254 1218 3316 eari-

60 3364 125 3416 tate
144 3351 239 3434 legem
256 3351 368 3436 impleri
387 3351 584 3435 significatur,
616 3373 689 3437 qaae
708 3353 866 3438 perlectam
883 3353 1072 3437 ominibusque
1091 3355 1219 3418 numeris

61 3454 232 3520 absolutam
252 3453 358 3516 lienum
377 3455 490 3518 efficiat.
536 3451 607 3518 ldeo
625 3455 831 3540 perlectionem
852 3455 925 3539 legis
945 3455 1095 3541 apostolus
1114 3456 1219 3520 carita-

63 3570 126 3622 tem
151 3577 218 3620 esse
241 3555 351 3619 debuit.

156 3655 257 3723 Senot.
276 3655 331 3720 Vl.
366 3661 520 3742 Manifesta
534 3669 602 3720 sunt
616 3670 707 3720 etitem
723 3681 807 3740 opera
824 3667 939 3736 carnt's,
964 3663 1333 3745 quaesuntsorni21nia,1e.

64 3767 156 3835 raab,
182 3763 370 3834 inmunditia,
396 3763 529 3836 luxuria,
554 3765 690 3823 idolorum
711 3767 849 3837 serm'tns,
874 3766 1020 3844 veneficia,
1045 3767 1218 3843 inimicitiae,

65 3868 276 3938 contentiones,
304 3865 521 3939 aemulattoaes,
552 3869 626 3938 irae,
654 3869 751 3939 ri'eae,
776 3869 976 3938 dt'seensi'onee,
1001 3879 1109 3942 sectae,
1133 3870 1221 3928 borni·

65 4137 96 4173 ea
111 4119 165 4171 eod.
180 4120 252 4170 Velie.
267 4121 369 4182 repient
383 4121 500 4169 Petauiiie.
535 4121 561 4169 ln
577 4121 630 4170 edit.
697 4117 738 4170 89.
757 4123 834 4171 Facite
850 4124 937 4184 aliquis
953 4125 1078 4173 remearit
1094 4122 1169 4184 berb,
1194 4113 1224 4176 eii

65 4193 147 4252 pri'iio.
163 4189 239 4249 enini,
256 4201 357 4250 quaem
370 4190 487 4248 conspirat
502 4189 572 4237 etiam
583 4189 633 4237 ced.
667 4187 694 4240 αἱ
710 4190 732 4241 δ.
749 4191 789 4249 lb,
807 4187 851 4242 καὶ
868 4195 917 4242 cett.

68 4257 171 4318 naenia
180 4290 189 4318 ,
213 4258 294 4306 odiose
311 4260 374 4306 estat
396 4254 433 4324 aqi
452 4256 592 4321 innodabat
609 4253 634 4307 ἰν
700 4255 740 4308 90.
758 4254 923 4322 ἐργαζόμενον
937 4261 1020 4320 arripit
1031 4273 1076 4320 nro
1089 4255 1223 4325 ἐργαζομέ-

67 4329 131 4384 τοῐς.
667 4341 721 4385 iou,
740 4327 802 4387 quod
819 4328 873 4376 libri
888 4331 986 4376 tuentur.
1019 4329 1082 4378 lttud
1098 4331 1159 4378 enim
1172 4342 1224 4380 een·

103 4391 148 4444 nt.
171 4393 211 4442 sie
231 4393 302 4441 etiam
322 4405 404 4455 ruma.
438 4393 533 4443 Patauio
558 4395 635 4444 durae
667 4397 738 4444 tentia
753 4395 862 4456 postulat.

69 4463 166 4512 iidetnr
183 4457 208 4512 dii
223 4459 270 4528 τῷ.
701 4461 741 4512 itt.
760 4460 950 4526 elemlelarpela
966 4475 1038 4524 supro
1056 4465 1145 4526 tepitur.

105 4532 149 4580 tiu.
166 4523 185 4592 ri
200 4527 300 4590 adposui
313 4529 341 4577 ale
354 4531 490 4580 auctoritate
505 4531 555 4579 aad.
572 4531 635 4580 Vati·
700 4527 742 4578 tit.
760 4532 841 4592 Supra
857 4527 960 4592 αἵρεσις.

23 4645 25 4666 s
72 4611 141 4648 rano.
700 4593 742 4649 93·
759 4599 839 4661 Sum
855 4593 935 4664 wrm

24 4695 26 4750 ᾖ
126 4675 215 4733 crepas
228 4675 362 4723 lleereeeol.
374 4675 404 4722 11.
981 4688 1019 4750 41
