3036 4998
369 303 503 356 ennunu
520 305 582 356 tau.
598 305 618 355 r.
636 305 716 357 ron.
733 305 763 356 u.
781 303 880 356 ntea.
895 303 983 356 xxm
1188 291 1247 357 281

103 421 195 488 solnm
214 421 280 486 illm
295 421 407 506 arguit,
438 423 513 506 quod
531 422 623 501 dixit,
651 429 685 486 Ia
698 428 841 504 preireiprb
857 424 1064 498 marmium,
1094 435 1125 486 et
1137 426 1249 486 uerbum
1261 435 1338 480 rom..
1352 436 1370 490 t,
1381 436 1400 479 ι.

101 536 164 586 erat
180 528 259 604 opud
274 527 371 596 ιιιιιιιι,
404 536 435 586 et
448 529 516 588 deus
533 537 598 586 eret
614 527 742 598 uerbum,
774 545 877 587 vernm
897 525 983 588 etiam
1001 524 1077 608 quod
1098 523 1201 608 quibus
1220 525 1250 588 io

102 625 174 689 loeis
189 625 285 689 saneti
300 625 420 710 spiritus
432 625 572 689 instinotu
588 646 660 710 quae
675 649 693 690 a
711 624 830 691 Cbristo
842 625 958 690 domino
975 627 1010 690 de
1023 625 1152 710 quolibet
1164 647 1251 710 argu-

100 737 201 790 mento
224 727 337 811 prolata
357 737 443 806 snut,
473 739 608 792 eoeurate
628 728 830 816 prosequitur,
861 726 1025 790 diuinorum
1049 727 1251 813 prophetarum

102 827 279 892 testimoniis
295 825 402 905 utitur3
425 849 498 911 quos
515 829 556 892 illi
572 850 589 892 a
603 830 710 914 seipsis
724 829 936 893 adiudicaroat.
982 827 1048 892 lloe
1062 829 1138 892 euim
1153 829 1250 893 statim

102 929 187 993 initio
204 929 402 1008 demonstrat,
425 926 565 993 loannem
582 930 736 1014 baptistam
751 930 787 992 iis
805 951 878 1013 quos
895 931 981 994 adse
997 927 1147 994 Pharisaei
1165 931 1253 993 mise·

102 1041 170 1094 rent
184 1029 384 1117 respondisse,
408 1033 472 1110 Ego
486 1053 541 1094 oea
555 1035 702 1094 elementis
717 1038 746 1094 in
761 1036 888 1106 deserim-
910 1035 1027 1112 diripite
1042 1037 1112 1093 mbm
1127 1036 1248 1106 dommi,
1260 1037 1402 1092 ¹⁰⁸¹¹n¹=21

101 1137 178 1192 nent
197 1135 270 1193 de'eit
287 1136 379 1194 Irarbs
393 1135 542 1213 propbeta.
590 1131 703 1198 Deinde
724 1133 826 1196 iisdem
848 1154 888 1196 ex
907 1132 1054 1217 prophetis
1075 1131 1151 1196 aliud
1170 1133 1253 1195 testi·

103 1233 233 1296 monium
252 1228 378 1296 loannes
395 1233 527 1310 adducit,
551 1235 685 1298 nimirum
703 1255 743 1298 ex
761 1233 892 1313 Doride,
915 1254 979 1298 eum
999 1235 1132 1298 dominus
1150 1255 1253 1298 numu-

102 1335 241 1398 lariorum
264 1353 380 1396 mensas
402 1335 526 1412 evertit,
557 1357 592 1398 aa
614 1337 705 1414 dixit,
734 1339 832 1398 Nolite
841 1339 944 1417 serere
964 1340 1072 1398 domum
1087 1340 1182 1417 panai
1197 1341 1402 1400 mer'¹⁰⁸⁰²¹‚¹⁸·

103 1441 212 1498 domum
235 1439 444 1515 negonbnbmb.
492 1433 666 1500 Meminisse
685 1436 762 1500 enim
784 1439 824 1501 ait
839 1437 987 1522 apostolos
1003 1439 1078 1521 quod
1098 1449 1163 1501 erat
1180 1437 1254 1501 sori-

104 1548 202 1622 ptom,
233 1540 320 1600 Zetus
337 1540 434 1599 domus
453 1549 518 1599 tuoe
534 1543 652 1600 eomedit
669 1561 721 1600 me.
767 1539 813 1603 Ao
832 1559 948 1602 rursum
969 1538 1044 1602 idem
1063 1533 1189 1604 loannes
1209 1539 1253 1604 sie

102 1639 248 1723 loquiture
272 1642 350 1701 Vidit
367 1643 459 1700 lentius
480 1643 509 1701 in
529 1643 633 1719 aprba'tu
653 1652 760 1702 anneto.
1259 1645 1404 1704 temeram.

189 1941 352 2008 Praeterea
368 1965 433 2006 oum
451 1944 480 2008 in
498 1944 572 2009 Asia
588 1945 779 2030 praedicando
798 1945 844 2010 dei
862 1944 954 2010 verbo
971 1946 1045 2010 idem
1064 1942 1191 2010 loannes
1207 1945 1252 2008 in·
1287 1953 1347 2018 cap.

104 2047 237 2124 sisteret,
257 2055 291 2109 nt
304 2044 403 2128 qraanti
415 2046 527 2110 veritas
541 2046 606 2110 lieri
622 2047 740 2110 deberet
755 2047 890 2131 exemplo
904 2067 958 2110 suo
973 2048 1098 2130 posteris
1111 2047 1254 2132 praesmi-
1269 2021 1364 2071 xm·

105 2148 208 2226 beret,
239 2145 344 2210 mirum
370 2147 502 2230 quiddam
525 2157 556 2210 et
577 2147 745 2211 inusitatum
773 2147 871 2231 egisse
893 2149 1035 2232 proditur.
1080 2144 1154 2211 Com
1178 2148 1254 2210 enim

105 2251 185 2312 vitae
204 2248 367 2312 institutum
386 2259 500 2311 teneret
518 2250 602 2334 plene
622 2248 807 2325 admirabile,
840 2249 923 2332 eique
942 2269 1028 2332 quam
1049 2249 1171 2328 gerebat
1187 2270 1256 2333 apo·

105 2351 229 2414 stolieae
249 2348 382 2433 dignitati
400 2360 646 2425 consentaneum,
677 2350 751 2411 adeo
774 2359 806 2412 ut
823 2369 968 2432 nunquam
991 2351 1108 2413 omnino
1130 2352 1254 2426 lavaret,

107 2451 262 2536 aliquando
280 2461 376 2514 tameo
393 2451 487 2514 saneti
503 2451 622 2536 spiritus
637 2451 762 2534 impulsu
778 2451 813 2513 ad
830 2450 949 2514 balneas
967 2451 1120 2535 pmdiens,
1145 2456 1252 2531 Cepe'ee,

107 2553 202 2637 iuquit
216 2553 251 2616 ad
268 2572 355 2628 snos,
378 2573 450 2633 puae
464 2557 503 2614 nd
517 2555 643 2615 demeum
659 2557 817 2614 neeessem'o
832 2563 907 2614 sunt.
954 2549 1131 2616 Mirantibus
1146 2553 1203 2616 illis
1219 2553 1255 2616 ad

107 2654 286 2718 lavationem
308 2654 450 2736 perrexit.
494 2651 570 2717 Tum
588 2655 623 2718 nd
642 2673 707 2716 eum
723 2653 772 2736 qni
791 2653 949 2716 lavantium
964 2655 1137 2718 vestimenta
1153 2665 1256 2718 serva-

107 2755 158 2819 bat
173 2755 318 2818 accedens
332 2755 396 2837 quis
410 2755 486 2818 intra
499 2754 633 2818 balneum
646 2764 725 2818 esset
738 2754 942 2838 interrogauit.
971 2756 1012 2817 Αι
1026 2755 1153 2818 olearias
1166 2755 1255 2818 idem·

107 2877 164 2941 qne
181 2856 308 2919 restio·
323 2866 423 2918 eustos
437 2857 528 2934 (hano
543 2857 620 2919 enim
636 2877 752 2940 operam
769 2854 898 2940 plerique
912 2856 1006 2920 rietus
1020 2856 1176 2939 quotidiani
1189 2876 1257 2939 gra-

108 2960 147 3022 tia
174 2958 203 3021 in
230 2957 391 3042 gymnesiis
418 2961 583 3041 praestant)
608 2953 709 3021 loanni
735 2957 885 3041 respondit
906 2955 1047 3020 libionem
1074 2949 1153 3022 intu‘s
1175 2977 1255 3020 esse.

108 3059 179 3144 Qun
194 3059 295 3122 audito
309 3057 406 3122 statim
423 3057 570 3121 intellexit
585 3079 723 3141 quorsum
739 3058 808 3122 illue
826 3058 918 3142 ipsum
937 3057 1056 3143 spiritus
1074 3067 1193 3120 sanctus
1206 3058 1257 3120 ad-

108 3161 264 3236 duxisset,
288 3169 318 3221 et
334 3170 366 3221 ut
383 3158 503 3222 balneas
520 3160 614 3224 adiret
632 3171 712 3223 esset
730 3160 879 3237 hortatos,
902 3160 1036 3223 nimirum
1057 3159 1092 3222 ed
1111 3178 1258 3222 eommen·

107 3262 252 3336 dandam,
284 3269 314 3322 nt
337 3259 415 3337 dixi,
446 3259 510 3322 eius
532 3261 575 3324 rei
594 3261 781 3338 memoriam,
810 3281 846 3323 oo
865 3260 1048 3324 verissimum
1067 3260 1135 3324 illud
1154 3261 1258 3342 dogma

107 3363 349 3446 relinquendum,
374 3371 405 3423 nt
420 3361 536 3444 quinam
554 3373 655 3424 essent
670 3358 780 3425 Christi
794 3361 874 3425 servi
891 3372 920 3426 et
935 3362 1059 3446 apostoli
1075 3383 1109 3424 ae
1125 3359 1258 3424 veritatis

108 3463 164 3528 lilii
183 3465 352 3526 discernere
371 3481 541 3546 possemus,
566 3464 680 3547 quinam
698 3485 715 3527 e
732 3465 880 3526 contrario
897 3463 963 3526 mali
981 3461 1131 3526 daemonis
1150 3463 1259 3526 instru-

109 3575 221 3639 menta,
243 3566 451 3646 inferorumque
459 3578 570 3646 portae,
594 3587 666 3646 pune
678 3587 765 3646 neque
777 3577 896 3646 petrum,
920 3585 1009 3646 neque
1022 3569 1052 3628 a'n
1066 3587 1099 3626 ea
1104 3566 1257 3646 fundatum
1271 3583 1354 3628 Μιιιι.

108 3689 146 3730 ae
161 3669 313 3728 stabilitum
327 3668 470 3728 eeclesiam
486 3685 624 3751 superare
641 3677 772 3751 possent.
802 3663 896 3748 lgitur
912 3663 1038 3730 loannes
1052 3676 1173 3750 repente
1187 3637 1303 3728 eon-¹¹
1317 3637 1347 3680 ια
1446 3659 1449 3668 “

109 3768 261 3846 turbatos,
292 3777 378 3850 atque
395 3767 590 3850 ingemiscens
607 3768 728 3847 leuiter,
757 3777 790 3832 ut
807 3766 844 3830 ab
861 3767 995 3830 omnibus
1012 3779 1108 3830 tamen
1125 3766 1259 3830 exaudiri

109 3880 232 3956 posset,
264 3869 350 3952 idque
372 3868 504 3950 integrae
526 3889 560 3931 ao
582 3869 716 3933 sincerae
738 3869 888 3933 doetrinae
911 3867 1107 3934 testimouium
1128 3878 1258 3948 extaret,

108 3975 275 4050 stupuere,
291 3971 415 4052 finires,
438 3969 542 4053 inquit,
558 3973 689 4032 ademere
704 3973 779 4046 deire,
799 3993 835 4032 ne
848 3971 963 4032 balneae
974 3975 1132 4042 nuncrident,
1155 3981 1184 4031 et
1196 3991 1259 4032 euru

109 4075 236 4145 Ebibere,
267 4075 319 4152 qui
337 4077 413 4134 ιἰιιιιι
433 4085 491 4146 eet,
523 4073 557 4134 od
577 4077 638 4134 ea'us
662 4077 826 4152 impietatem
849 4072 1011 4134 obruamur.
1056 4069 1161 4154 Neque
1186 4090 1259 4135 vero

108 4173 213 4238 mirari
235 4173 386 4257 quisquam
406 4173 508 4251 debet,
538 4175 604 4236 dum
623 4172 719 4237 Ebion
738 4173 902 4237 ooourrisse
922 4171 1025 4237 loanni
1042 4170 1158 4235 dieitur.
1202 4169 1261 4234 ttie

109 4275 192 4339 enim
211 4273 260 4338 diu
276 4275 426 4338 admodum
443 4275 537 4354 vixit,
569 4277 650 4339 etad
666 4273 788 4340 Traiani
806 4275 941 4360 pervenit
956 4274 1118 4359 imperium.
1164 4269 1259 4336 Porro

108 4397 171 4442 non
190 4373 317 4440 loannes
334 4377 437 4458 modo,
461 4377 512 4441 sed
532 4387 559 4440 et
577 4397 678 4442 omnes
694 4398 815 4462 prorsus
829 4375 954 4462 apostoli
971 4375 1093 4440 Ebioois
1112 4375 1196 4438 ladem
1213 4395 1260 4440 re·
