3010 5000
287 275 349 342 468
714 287 835 340 ειυοτι
853 288 1023 340 εειειιιαιι

289 407 444 490 Αίγυπτον
465 406 665 487 πεμφθέντες,
696 406 747 469 καλ
763 407 796 469 οί
810 405 882 470 δέκα
901 402 1075 484 άπόστολοι,
1106 402 1153 482 οίς
1170 410 1350 492 φανεροῦται
1367 407 1429 490 μετά

287 503 340 590 τήν
357 509 468 592 ἔγερσιν
483 503 502 572 ό
516 505 618 592 κύριος
634 513 687 572 τοῦ
705 511 798 588 Θωμᾶ
814 505 856 590 μή
872 505 1035 594 παρόντος,
1064 504 1118 590 τήν
1134 505 1265 594 α’όρατον
1279 507 1429 576 διετῦπουι

286 605 348 674 κατ’
370 606 479 684 αύτούς
501 611 627 674 Δεκάδα.

151 711 271 783 1<th-
378 709 439 795 Τήν
455 710 630 778 Δυοδεκάδα
650 712 698 791 δὲ,
727 713 795 797 περί
815 711 854 794 ήν
873 714 925 778 καλ
945 710 979 798 μδ
998 713 1159 796 μυστήριον
1175 718 1229 778 τοῦ
1247 712 1369 790 πάθους
1384 721 1429 779 τοῦ
1494 713 1495 724 ’

286 811 483 899 ὑστερήματος
496 815 653 901 γεγονέναι,
677 817 706 892 ἐξ
721 805 758 880 οὗ
773 812 896 892 πάθους
911 813 946 879 τά
961 813 1122 898 βλεπόμενα
1136 813 1374 882 κατεσκευάσθαι
1385 818 1428 881 θέ·
1494 849 1495 858 2

285 923 394 996 λουσιν,
418 915 568 999 ἐπισήμως
582 917 631 981 καλ
648 923 784 1002 φανερῶς
798 921 930 1001 πανταχῆ
943 925 1061 982 κεῖσθαι
1075 917 1217 1001 λέγουσιν,
1240 913 1281 994 ῶς
1296 916 1368 994 τοῦς
1380 917 1428 984 δύ

284 1021 356 1084 δεκα
372 1017 456 1096 υίούς
477 1025 550 1084 1τοῦ
566 1016 689 1102 Ἰακῶβ,
717 1021 746 1096 ἐξ
763 1009 805 1084 ῶν
821 1021 872 1085 καί
889 1021 1016 1084 δεκαδύο
1032 1020 1140 1100 φυλαί,
1162 1021 1212 1085 καλ
1229 1017 1262 1086 τό
1280 1021 1383 1106 λόγιον
1401 1018 1428 1084 τό

283 1119 434 1202 ποικιλτδν
454 1119 568 1188 δῶδεκα
584 1125 689 1198 λίθους
704 1123 786 1205 έχον,
817 1123 868 1187 καί
889 1121 959 1198 τούς
975 1123 1092 1188 δῶδεκα
1108 1123 1264 1202 κῶδωνας,
1294 1125 1346 1186 καί
1366 1121 1428 1198 τούς

281 1221 341 1290 ῦπδ
361 1226 519 1300 Μωϋσίως
535 1225 675 1300 τεθέντας
689 1221 749 1290 ύπό
766 1222 800 1290 τύ
817 1222 888 1310 ὅρος
901 1223 1018 1290 δύδεκα
1032 1229 1156 1304 λίθους,
1179 1221 1320 1302 ῶςαύτως
1336 1226 1368 1290 δέ
1385 1227 1428 1290 καί

282 1323 352 1404 τούς
367 1324 428 1393 ῦπό
441 1325 538 1410 Ἰησοῦ
554 1329 584 1392 έν
599 1331 639 1414 τῷ
652 1334 790 1415 ποταμῷ,
812 1329 864 1392 καί
878 1323 983 1404 άλλους
998 1329 1039 1404 είς
1052 1325 1086 1392 τό
1100 1328 1209 1409 πέραν,
1230 1329 1281 1392 καλ
1296 1325 1370 1402 τούς
1382 1332 1425 1410 βα·

282 1428 437 1507 στάζοντος
451 1427 506 1512 τήν
519 1425 647 1512 κιβωτόν
660 1435 713 1512 τῆς
729 1427 892 1512 διαθήκης,
914 1431 966 1494 καλ
984 1427 1052 1506 τούς
1068 1426 1128 1495 ῦπό
1145 1427 1227 1518 Ἠλλμ
1242 1433 1428 1512 τεθειμένους

282 1533 313 1596 έν
333 1537 369 1621 τῇ
389 1529 583 1598 όλοκαυτοίσει
604 1539 658 1596 τοῦ
679 1529 807 1614 μόσχου,
836 1533 887 1597 καί
904 1530 954 1597 τόν
973 1528 1105 1617 άριθμόν
1124 1531 1156 1596 δλ
1173 1538 1231 1596 τῶν
1248 1529 1426 1612 άποστόλων,

280 1635 331 1700 καί
347 1637 444 1698 πάντα
458 1631 558 1710 άπλῶς
576 1632 632 1698 ῦσα
646 1631 697 1699 τόν
714 1635 881 1699 δωδέκατον
898 1631 1029 1720 άριθμόν
1045 1634 1180 1714 διασῶζει
1194 1632 1247 1716 τήν
1265 1637 1426 1702 Δωδετάδα

279 1733 378 1802 αύτῶν
394 1742 611 1822 γυρακτηρίζειν
630 1737 753 1821 λέγουσι.
801 1735 861 1819 Τήν
882 1737 913 1802 δὲ
935 1735 1048 1802 τούτων
1064 1736 1184 1802 πάντων
1200 1738 1306 1803 ἕνωσιν
1324 1736 1424 1822 σ’νομο-

278 1841 403 1922 ζομένην
423 1842 626 1924 Τριακοντάδα
645 1838 694 1904 διά
712 1845 764 1922 τής
781 1837 935 1924 τριάκοντα
953 1847 1055 1922 πηχῶν
1076 1837 1109 1906 τό
1128 1837 1209 1920 ῦψος
1226 1841 1276 1906 ίτιλ
1296 1847 1367 1906 Νῶε
1386 1869 1423 1905 τι·

278 1945 393 2024 βοτοῦ,
424 1944 476 2008 καὶ
495 1939 543 2006 διά
559 1939 701 2024 Σαμουήλ
720 1947 944 2018 κατακλίναντος
961 1939 1013 2006 τόν
1026 1939 1128 2008 Σαούλ
1144 1943 1176 2008 ίν
1192 1950 1255 2018 τοῖς
1272 1943 1424 2027 τριάκοντα

277 2051 394 2126 κλητοῖς
409 2049 526 2128 πρῶτον
532 2076 547 2123 ,·
570 2046 620 2109 καί
637 2041 688 2108 διά
703 2045 817 2126 Δαβλδ,
845 2042 892 2110 ὅτε
910 2047 960 2110 ἐπί
976 2042 1132 2129 τριάκοντα
1148 2039 1273 2128 ήμέριιις
1289 2043 1422 2130 έτιρύβετο

278 2147 310 2212 έν
323 2151 364 2235 τῷ
378 2143 458 2236 άγρςῦ
465 2198 474 2226 ,
495 2149 544 2212 καλ
563 2145 612 2211 διά
627 2153 685 2212 τῶν
700 2145 945 2222 συνειςελθόντων
960 2145 1040 2236 αύτῷ
1056 2149 1098 2224 είς
1112 2143 1146 2211 τό
1161 2147 1306 2229 σπήλαιον
1324 2149 1419 2232 ’τριά-

275 2275 380 2328 κοντα,
406 2251 457 2315 καί
479 2247 529 2314 διά
549 2255 637 2315 τοῦτο
655 2245 687 2314 τύ
708 2253 802 2331 μῆκος
821 2254 956 2334 γίνεσθαι
972 2257 1026 2333 τῆς
1042 2245 1127 2335 άγίας
1141 2255 1254 2331 σκηνής
1268 2251 1420 2333 τριάκοντα
1495 2265 1496 2290 ¹

275 2357 389 2436 πηχῶν·
419 2353 470 2416 καί
488 2355 517 2417 εί
529 2378 594 2416 τινα
612 2348 681 2416 άλλα
699 2349 845 2437 ἰσάριθμα
861 2351 979 2429 τούτοις
995 2347 1179 2438 ιύρίσκοοσι,
1207 2349 1262 2435 τήν
1284 2358 1417 2437 Τριαιον·
1495 2389 1496 2438 ι

273 2453 350 2518 τάδα
371 2451 468 2520 αύτῶν
489 2451 540 2520 διά
560 2459 619 2519 τῶν
640 2451 783 2519 τοιούτων
805 2451 1004 2522 ἐπιδεικνύναι
1023 2458 1244 2541 φιλεριστοῦσιν.

140 2749 208 2820 Κεφ.
223 2747 266 2820 ιη’.
363 2738 558 2828 1Ἀναγκαῖον
571 2741 727 2828 ήγησάμην
741 2753 913 2830 προςθεῖναι
927 2742 1043 2820 τούτοις
1055 2743 1103 2809 καί
1120 2743 1176 2810 ῦσα
1191 2743 1260 2828 περλ
1273 2752 1328 2810 τοῦ
1343 2750 1414 2830 Προ-

272 2841 400 2930 πάτορος
417 2843 530 2925 αύτῶν,
560 2843 594 2922 δς
610 2843 760 2932 άγνωστος
776 2839 815 2930 ἦν
831 2855 893 2922 τοῖς
908 2853 981 2912 πᾶσι
1000 2843 1059 2931 πρό
1076 2851 1130 2928 τῆς
1146 2852 1199 2910 τοῦ
1220 2851 1352 2932 Χριστοῦ
1365 2872 1414 2912 πα·

271 2951 408 3032 ρουσλος,
438 2948 602 3032 ἐκλέγοντες
619 2949 653 3014 ίκ
671 2954 730 3014 τῶν
746 2956 869 3034 γραφῶν
885 2953 1000 3014 πείθειν
1017 2949 1224 3034 ἐπιχειροῦσιν,
1255 2945 1294 3013 ἵν’
1313 2952 1411 3016 έπιδεί-

270 3051 341 3125 ξωσι
362 3045 414 3114 τόν
429 3048 535 3133 κύριον
549 3047 633 3134 ήμῶν
650 3047 735 3116 άλλον
751 3053 977 3137 καταγγέλλοντα
991 3053 1103 3137 πατέρα
1122 3047 1203 3135 παρά
1223 3049 1276 3117 τόν
1293 3045 1414 3133 ποιητήν

269 3154 356 3215 τοῦδε
376 3159 429 3217 τοῦ
451 3149 578 3232 παντός,
608 3151 658 3230 δν,
690 3151 794 3228 καθοίς
814 3156 1000 3240 προέφαμεν,
1030 3151 1203 3235 ύσεβοῦντες
1219 3149 1413 3236 ῦστερήματος

147 3283 200 3330 ρος.
211 3271 257 3318 2⁵⁸.
270 3252 386 3340 καρπόν
403 3250 478 3318 εἶναι
495 3257 618 3339 λέγουσι.
667 3254 725 3320 Τόν
744 3263 815 3340 γοῦν
831 3256 987 3341 προφήτην
1003 3253 1124 3322 Ἡσαΐαν
1143 3253 1280 3336 εἰπόντα,
1308 3251 1412 3342 Ἰσραήλ

268 3357 301 3420 δέ
323 3381 358 3439 με
379 3353 434 3421 ούκ
455 3358 543 3440 ἔγνω,
574 3358 623 3421 καὶ
643 3355 747 3432 όλαός
764 3383 799 3439 με
817 3355 994 3441 σύσυνήκε,
1023 3356 1077 3439 τήν
1094 3363 1147 3423 τοῦ
1165 3355 1297 3442 άοράτου
1314 3359 1412 3422 Βυθοῦ
1496 3403 1497 3416 ι

268 3455 415 3544 άγνωσίαν
433 3460 579 3542 εἰρηκέναι
595 3459 821 3545 μεθορμόζουσι.
866 3461 926 3524 Καὶ
942 3458 991 3525 διά
1006 3457 1092 3542 Ὠσηὲ
1110 3459 1141 3524 τό
1158 3461 1328 3542 εἰρημένον,
1353 3455 1410 3524 Ούι

266 3563 344 3626 ἔστιν
365 3563 397 3625 έν
416 3557 515 3636 αύτοῖς
533 3558 660 3644 άλήθεια
676 3559 745 3627 ούδλ
763 3563 918 3648 ἐπίγνωσις
936 3567 1027 3640 θεοῦ,
1058 3565 1099 3638 είς
1116 3557 1149 3626 τό
1169 3558 1240 3629 αύτδ
1259 3567 1409 3628 συντείνειν
1496 3569 1497 3576 ’

265 3662 427 3745 βιάζονται·
460 3664 526 3741 καί,
560 3660 623 3728 Οῦκ
640 3665 718 3728 ἔστιν
736 3661 754 3728 ό
767 3662 913 3747 συνιῶνή
927 3666 1053 3746 ἐκζητῶν
1065 3661 1118 3730 τόν
1134 3661 1221 3729 θεόν·
1253 3663 1359 3742 πάντες
1371 3665 1408 3739 ἕξ·

265 3765 395 3846 έκλιναν,
424 3763 485 3848 άμα
502 3763 722 3850 ήχρειῶθηοαν,
753 3768 803 3831 ἐπὶ
825 3773 878 3849 τῆς
899 3774 953 3831 τοῦ
972 3773 1079 3833 Βυθοῦ
1100 3763 1247 3852 άγνωσίας
1272 3767 1407 3832 τύποισι.

266 3869 326 3931 Καὶ
347 3866 381 3933 τό
403 3865 453 3933 διά
470 3869 626 3943 Μωῦσὲως
649 3868 705 3932 Ξδὲ
723 3869 892 3952 εἰρημένον,
925 3866 1033 3947 Ούδελς
1054 3866 1161 3952 ῦψεται
1178 3865 1229 3934 τόν
1244 3867 1335 3948 θεόν,
1361 3865 1406 3932 ιιοί

263 3967 393 4051 ζήσεται,
416 3972 457 4045 είς
470 3971 581 4035 ἐκεῖνον
595 3972 669 4052 ἔχειν
683 3974 823 4036 πείθουσι
839 3969 891 4053 τήν
907 3969 1071 4052 α’ναφοράν.
1120 3967 1179 4036 Τόν
1192 3971 1247 4054 μλν
1259 3969 1315 4058 γάρ
1329 3995 1402 4049 ποιη

262 4069 316 4152 τήν
329 4070 559 4154 έπιψευδόμενοι
574 4069 631 4137 ύπό
646 4078 704 4136 τῶν
717 4081 880 4157 προφητῶν
893 4076 1046 4157 ἑωρᾶσθαι
1058 4074 1183 4159 λέγουσι,
1198 4071 1231 4139 τό
1245 4074 1287 4152 δὲ,
1306 4070 1402 4143 Ούδείς

263 4169 369 4252 όψετιιι
385 4172 438 4240 τόν
454 4172 542 4254 θεόν,
572 4177 623 4239 καλ
638 4172 764 4257 ζήσεται,
793 4177 861 4262 περλ
876 4180 929 4240 τοῦ
943 4172 1073 4260 άοράτου
1088 4176 1236 4260 μεγέθους
1250 4177 1299 4242 καλ
1317 4170 1399 4260 άγνά·

296 4309 354 4361 cn.
368 4313 495 4363 xv11.-
517 4314 607 4375 1.τοῦ,
624 4315 686 4377 quod
700 4315 819 4364 desidera-
852 4319 954 4366 ιινυονθ
968 4315 1020 4366 ωδ.
1039 4318 1149 4376 reactus,
1174 4317 1201 4366 ιἰι
1220 4329 1265 4380 quo
1283 4317 1331 4364 ιίυι
1344 4307 1398 4376 qm

259 4383 298 4429 ιατ
312 4382 335 4429 ιἰι
352 4381 406 4430 αλιι
419 4384 509 4443 μήτε,
525 4384 629 4444 μήποτε
643 4395 673 4432 τε
691 4383 764 4434 Velie.
780 4398 818 4434 εο-
851 4387 921 4448 υυίρο
934 4387 1017 4448 legitur
1030 4387 1151 4434 ωιοτιιιιιί
1163 4377 1269 4449 Ἰσραήλ
1283 4385 1330 4434 λοστ
1340 4389 1395 4441 ποθ

259 4448 310 4498 διὀι
327 4447 412 4499 adiecit
429 4451 548 4500 Ριίουίιιι.
849 4471 910 4518 rum·
923 4453 1069 4520 ηηηηρηιιῖ,
1100 4469 1206 4520 comm
1219 4467 1248 4532 ιβ.
1261 4464 1393 4518 adm

292 4531 316 4582 2.
333 4533 435 4594 λιμοιυι
445 4535 573 4597 neminum
583 4537 733 4602 ιιείριιιταιιι,
746 4551 817 4600 quam
830 4615 837 4622 Ι
849 4541 957 4600 urorum
971 4538 1068 4588 λιιιιοιί
