3010 5000
232 282 294 346 476
650 291 772 344 δλδλῦΤῙ
788 291 960 344 maffia

232 407 306 496 ὑπὲρ
324 408 360 474 τά
376 408 429 474 ὅλα
446 406 570 484 εὑωδίας
586 403 661 473 εἰναι
675 410 815 494 λέγουσιν.
849 406 946 474 Ἔνιοι
962 405 987 473 δ’
1003 406 1101 474 αὑτῶν
1115 406 1149 475 τό
1167 407 1220 491 μέν
1236 405 1319 494 άγειν
1332 409 1383 474 ἐπὶ

231 511 264 578 τό
284 511 364 598 ὑδωρ
378 508 517 596 περισσάν
531 507 606 575 εἰναι
622 509 786 592 φάσκουσι,
814 514 948 592 μίξαντες
963 512 996 576 δέ
1011 513 1107 577 ἔλαιον
1121 513 1173 578 καλ
1187 509 1269 595 ὑδωρ
1286 513 1383 577 ἐπιτο-

236 612 307 679 αυτό
331 610 390 697 μετ’
413 611 595 699 ἐπιρρήσεων
618 609 821 700 ὁμοιοτρόπων
842 610 891 688 αἷς
906 611 1123 699 προειρήκαμεν
1141 612 1328 696 ἐπιβάλλουσι
1347 639 1386 701 τη

233 723 346 805 κεφαλή
368 723 427 780 τῶν
447 716 669 796 τελειουμίνων,
697 717 748 780 καὶ
768 712 845 781 τοῦτ’
867 713 939 780 εἰναι
960 712 1013 798 τήν
1032 713 1233 801 ἀπολύτρωσιν
1249 717 1385 780 θίλουσι.

234 821 403 902 Μυρίζουσι
424 817 456 882 δὲ
478 819 527 883 καί
549 815 635 883 αὑτοὶ
655 825 695 906 τῷ
717 816 866 907 βαλσάμρι.
902 815 1002 884 ’Ἄλλοι
1018 819 1155 884 δὲταῦτα
1169 817 1265 884 πάντα
1276 845 1386 904 παρτι-

233 919 391 1003 τησάμενοι
413 919 561 1001 φάσκουσι
582 917 623 1003 μή
645 923 706 985 δεῖν
728 919 761 985 τό
784 927 837 1001 τῆς
857 917 987 1004 άρρήτου
1007 922 1059 986 καί
1078 917 1208 1007 άοράτου
1230 919 1388 1002 δυνάμεως

233 1020 392 1107 μυστήριον
414 1019 451 1086 δι’
468 1019 583 1108 όρατῶν
603 1024 653 1088 καὶ
672 1029 818 1108 φθαρτῶν
836 1023 1030 1088 ἐπιτελεῖσθαι
1047 1021 1227 1106 κτισμάτων,
1255 1023 1388 1088 κολεῶν

234 1121 416 1206 άνεννοήτων
432 1125 484 1189 καλ
500 1122 663 1207 άσωμάτων
678 1123 717 1190 δι’
730 1127 882 1207 αἰσθητῶν
898 1127 949 1190 καί
963 1133 1152 1207 σωματικῶν,
1183 1122 1257 1189 εἰναι
1279 1123 1313 1189 δέ
1332 1123 1388 1207 τήν

233 1231 341 1292 τελείαν
358 1224 562 1311 άπολύτρωσιν
579 1223 672 1310 αὑτήν
689 1225 743 1310 τήν
755 1229 913 1313 ἐπίγνωσιν
931 1233 985 1292 τοῦ
1001 1225 1130 1313 άρρήτου
1146 1229 1304 1314 μεγέθους·
1336 1224 1388 1292 ὑπ’

233 1325 354 1415 άγνοίας
372 1326 427 1414 γάρ
450 1326 648 1412 ὑστερήματος
668 1330 720 1394 καί
741 1328 863 1406 πάθους
882 1331 1046 1415 γεγονότων
1066 1327 1116 1396 διά
1136 1329 1273 1414 γνῶσεως
1292 1355 1385 1396 κατα·

232 1429 357 1497 λόεσθαι
377 1438 476 1496 πᾶσαν
499 1429 552 1513 τήν
574 1433 606 1496 ἐκ
627 1438 680 1513 τῆς
700 1428 819 1517 άγνοίας
839 1429 994 1510 σύστασιν,
1023 1430 1094 1508 όίςτε
1112 1429 1186 1498 εἰναι
1205 1431 1259 1516 τήν
1276 1439 1389 1518 γνῶσιν

233 1529 436 1619 ἀπολύτρωσιν
463 1539 516 1598 τοῦ
543 1536 630 1599 ἔνδον
651 1531 825 1619 άνθροίπου.
876 1535 936 1598 Καὶ
957 1532 1028 1617 μήτε
1052 1531 1219 1619 σωματικήν
1242 1532 1390 1621 ὑπάρχειν

234 1631 344 1717 αὑτήν,
375 1633 512 1722 φθαρτόν
529 1632 584 1722 γάρ
605 1633 637 1701 τό
660 1643 761 1719 σῶμα,
793 1634 865 1720 μήτε
882 1635 1028 1720 ψυχικήν,
1060 1639 1125 1703 ἐπεῖ
1142 1639 1194 1703 κοιλ
1214 1635 1235 1720 ή
1252 1636 1337 1721 ψυχή
1355 1641 1388 1716 ἐξ

234 1735 448 1822 ὑστερήματος,
477 1739 529 1804 καί
550 1739 654 1803 11ἐστι
670 1745 724 1804 τοῦ
744 1738 864 1823 Πατρός
881 1737 977 1825 οῖςπερ
994 1739 1170 1825 οἰκητήριον.
1217 1746 1387 1824 Πνευμιττι-

233 1838 293 1922 κήν
310 1833 365 1904 οὑν
380 1843 428 1905 δεῖ
440 1841 488 1905 καί
503 1837 557 1924 τήν
571 1838 714 1925 λύτρωσιν
727 1837 875 1926 ὑπάρχειν.
918 1849 1118 1928 Λυτροὺσθαι
1131 1839 1187 1929 γάρ
1202 1841 1253 1908 διά
1271 1841 1385 1929 Ηγυιά-

234 1965 306 2018 σεως
321 1939 374 2008 τόν
389 1944 445 2008 ἐσω
462 1941 641 2029 άνθρωπον,
670 1941 722 2009 τόν
737 1941 935 2025 πνευματικόν
941 1995 950 2024 ,
980 1946 1031 2008 καί
1049 1941 1204 2028 άρκεῖσθαι
1220 1942 1333 2023 αὑτούς
1349 1952 1386 2036 τῇ

233 2050 292 2110 τῶν
314 2043 390 2110 όλων
411 2045 579 2132 ἐπιγνῶσει,
600 2047 651 2110 καί
672 2044 781 2128 ταύτην
802 2043 876 2111 εἰναι
897 2043 1039 2131 λύτρωσιν
1060 2043 1167 2130 άληθή.

530 2181 608 2238 ΕΩΣ
626 2181 699 2238 ΩΔΕ
718 2183 764 2238 ΤΔ
782 2183 858 2238 ruo
875 2183 1083 2239 ΕΙΡΗΝΔΙΟΥ.

86 2557 153 2625 Κεφ.
167 2557 218 2631 ιβ’.
320 2553 436 2638 Ταύτην
454 2553 508 2638 τήν
524 2563 623 2620 πᾶσαν
642 2553 751 2640 άκριβή
768 2558 890 2642 ἐρευναν
911 2553 929 2622 ό
947 2555 1093 2643 μακάριος
1108 2556 1276 2644 πρεσβύτης
1292 2561 1387 2644 Εἰρη-

110 2655 162 2702 Μ·
175 2644 218 2689 ²⁵¹·
233 2665 316 2732 ναῖος
336 2657 510 2740 ἐποιήσατο,
549 2655 640 2724 ῑκαθ’
662 2655 765 2745 εῖρμόν
785 2657 882 2723 πάντα
904 2661 1062 2741 ἐνθέμενος
1086 2667 1140 2742 τῆς
1161 2657 1260 2725 αὖῐῡῖν
1288 2660 1389 2744 πάσης

233 2761 514 2846 παραπεποιημίνης
528 2764 724 2838 διδασκαλίας.
769 2759 881 2844 Διόπερ
898 2758 951 2844 δή,
974 2758 1016 2837 ῶς
1033 2763 1084 2826 καί
1100 2760 1159 2844 ήδη
1175 2787 1225 2845 μοι
1240 2762 1387 2847 προδεδή-

232 2869 337 2942 λωται,
363 2861 432 2928 2ότι
447 2873 509 2939 τοῖς
526 2859 575 2927 ὑπ’
590 2861 682 2928 αὑτοῦ
700 2864 949 2945 ἐσπουδασμένοις
965 2861 1175 2949 άρκεσθίντες,
1198 2862 1294 2930 πάντα
1308 2863 1388 2951 πρός

234 2967 319 3044 ἔπος,
343 2960 385 3041 οἷς
401 2961 469 3050 παρ’
486 2963 566 3054 αύτῷ
587 2967 757 3048 ἐμφέρεται,
780 2961 1000 3050 παρεθήκαμεν.
1042 2963 1309 3050 Ἀνατραπήσονται
1324 2965 1386 3052 γάρ

233 3070 263 3146 ἐξ
282 3065 379 3131 αὑτῶν
395 3073 453 3132 τῶν
471 3065 552 3152 παρά
567 3076 620 3134 τοῦ
638 3063 723 3152 άγίου
741 3064 849 3152 άυδρός
865 3071 907 3143 εἰς
921 3065 1072 3133 άυτίθεσιν
1087 3075 1139 3150 τῆς
1153 3065 1252 3134 αὑτῶν
1268 3079 1387 3152 μοχθιμ

234 3173 299 3255 ρίας
310 3171 478 3254 εἰρημένων.
521 3167 619 3253 Ἡμεῖς
631 3166 685 3256 γάρ
702 3168 891 3253 πιστεύομεν,
915 3166 955 3246 ῶς
969 3167 1065 3252 πάντη
1081 3167 1238 3253 ήάλήθεια
1252 3167 1386 3251 ὑποφαί·

231 3297 291 3351 νει,
319 3272 368 3335 καί
386 3269 404 3336 ὑ
420 3268 538 3356 εύλογος
553 3269 690 3358 λογισμός
707 3268 896 3352 ὑποτίθεται,
924 3274 1031 3360 καὶτῷ
1049 3279 1102 3356 τῆς
1117 3269 1265 3355 εὐσεβείας
1278 3272 1388 3340 κανόνι

235 3371 477 3456 συμπεφῶνηται,
500 3381 540 3462 τῷ
555 3399 584 3438 τε
598 3373 679 3461 νόμῳ
695 3376 745 3438 καῖ
758 3382 820 3449 τοῖς
832 3372 1011 3460 προφήταις,
1033 3375 1159 3452 καὶτοῖς
1172 3371 1230 3440 άπδ
1243 3381 1301 3440 τῶν
1315 3371 1386 3442 άνέ-

232 3485 326 3542 καθεν
340 3474 531 3560 πατριάρχαις
546 3473 620 3540 κατά
636 3473 827 3555 άκολουθίαν,
849 3483 884 3566 τῇ
900 3500 931 3540 τε
944 3473 1037 3541 αὑτοῦ
1049 3483 1104 3542 τοῦ
1118 3483 1251 3561 σωτῆρος
1264 3479 1385 3566 διδαχῇ,

232 3581 283 3645 καῖ
296 3585 356 3644 τῶν
368 3576 460 3644 αὑτοῦ
474 3576 644 3644 α’ποστόλων
657 3585 761 3660 σαφῶς
772 3575 852 3662 ήμῶς
864 3576 1063 3644 διδασκόντων
1076 3580 1128 3643 ἕνα
1141 3575 1292 3665 όμολογεῖν
1305 3577 1386 3645 θεῶν

232 3683 359 3767 πατέρα,
389 3679 613 3767 παντοκράτορα
629 3688 687 3746 τῶν
704 3679 797 3759 ὅλων,
826 3682 877 3746 καὶ
893 3679 946 3746 τόν
957 3678 1063 3766 κύριον
1075 3678 1162 3762 ήμῶν
1176 3678 1290 3763 Ἰησοῦν
1306 3685 1387 3765 Χρι-

232 3782 317 3862 στὺν,
347 3785 396 3848 καλ
414 3782 447 3847 τό
465 3781 550 3868 άγιον
565 3783 657 3849 αὑτοῦ
674 3790 806 3865 πνεῦμα,
837 3787 907 3866 μίαν
924 3780 1009 3868 άγίαν
1023 3780 1128 3868 τριάδα
1142 3781 1290 3862 άκτιστον,
1318 3789 1386 3850 τῶν

233 3885 326 3952 άλλων
339 3883 479 3952 άπάντων
492 3887 521 3962 ἐξ
536 3883 591 3951 οὑκ
606 3883 699 3951 όντων
711 3887 874 3970 γενομένων
888 3885 959 3969 μετά
971 3887 1082 3970 πατέρα
1094 3887 1144 3950 καὶ
1156 3884 1222 3952 υίόν
1233 3887 1282 3952 καλ
1295 3884 1386 3970 ὑγιον

233 3996 356 4072 πνεῦμα.
403 3987 509 4064 Οάτως
525 4013 555 4054 τε
570 3985 651 4073 παρά
667 3985 786 4053 πάντων
802 3994 860 4052 τῶν
876 3990 1098 4075 προειρημίνων
1113 3985 1205 4075 άγίων
1219 3995 1386 4073 προφητῶν

232 4115 262 4156 τε
283 4093 332 4156 καλ
355 4088 561 4177 εὑαγγελιστῶν
585 4091 635 4156 καὶ
658 4085 830 4156 άποστόλαν
850 4097 955 4170 σαφῶς
973 4087 1205 4176 ῶμολογημίνων
1225 4091 1273 4156 κτλ
1292 4113 1383 4156 πεπι-

233 4195 396 4276 στευμένοιν
417 4191 472 4258 οὑκ
493 4191 531 4258 άν
547 4195 692 4275 δυνηθείη
710 4190 870 4274 κυβευτική
885 4217 929 4268 τις
946 4193 1060 4258 ἐπίνοια
1076 4187 1220 4276 άντισχεῖν
1235 4189 1308 4278 πρός
1325 4191 1384 4276 τήν

266 4384 304 4435 11.
323 4380 361 4436 ἔτι
376 4387 523 4434 correxerunt
538 4385 643 4448 quidam.
847 4381 1041 4434 Cn.XX1{.—
1051 4377 1140 4436 1.καθ’
1150 4383 1186 4450 sip
1208 4381 1381 4438 διπάνταιοελ

268 4451 307 4502 Γ).
325 4446 546 4517 γνοίσεωςοοιτεπι·
559 4466 588 4503 ετ
601 4454 790 4515 λέλῖιιίτηυεεε.
823 4453 921 4514 Medis).
941 4445 1001 4504 καθ’
1011 4447 1096 4518 ελρμδν
1105 4451 1150 4518 μὶν
1244 4453 1381 4514 αῖολγιήοε.

234 4517 473 4587 medumpam.
500 4519 789 4580 Μυῖοίωςιιλῐι.Ραου.
823 4523 941 4572 ιεΡαου.
975 4515 1034 4574 καθ’
1048 4517 1226 4586 ελρμδνταῦτα
1240 4521 1291 4572 m
1305 4523 1380 4572 Υοιλτ.
