2994 5024
268 305 330 367 556
691 315 812 368 SANOEI
827 313 996 367 EPIPHANH

271 430 317 497 Ού
336 429 491 514 δυνάμεθα
512 431 584 498 όίνευ
600 439 653 516 τῆς
668 435 828 518 ἐπιτροπῆς
845 439 899 498 τοῦ
915 435 1014 516 τιμίου
1030 430 1143 516 πατρός
1157 449 1211 499 σου
1227 437 1313 498 τοῦτο
1332 441 1422 516 ποιῆ-

267 555 331 613 σαι,
354 538 406 616 μία
421 533 476 620 γάρ
494 537 572 600 ἐστιν
586 533 606 618 ἦ
621 541 730 614 πίστις,
752 537 800 600 καί
819 539 870 617 μία
884 532 1024 617 όμόυοια,
1047 537 1097 600 καί
1112 532 1150 600 ού
1164 533 1318 617 δυνάμεθα
1335 537 1422 599 ἐναν-

267 644 411 719 τιωθῆναι
428 644 469 726 τῷ
483 645 562 726 καλῷ
579 645 803 724 συλλειτονργῷ,
833 639 922 722 πατρί
937 637 968 701 δέ
983 643 1043 725 σῷ,
1072 635 1204 719 ζηλώσας
1216 635 1336 715 λοιπόν,
1370 639 1422 702 καί

268 741 308 815 είς
327 747 336 786 ¹
350 741 440 825 μέγαν
456 737 561 825 ύρθείς
576 739 676 823 θυμόν
690 742 741 806 καί
755 737 976 826 ὑπερηφανίαν,
998 737 1031 804 τό
1048 744 1152 821 σχίσμα
1166 738 1312 824 ἐργάζεται
1327 735 1348 803 ό
1362 765 1420 804 του

268 848 371 920 οὗτος,
394 844 487 930 ἑαυτῷ
504 840 557 924 τήν
573 845 685 928 υίρεσιν
700 841 953 930 προστησάμενος,
982 844 1033 906 καὶ
1046 839 1138 906 είποίν
1153 840 1213 918 ότι,
1241 837 1314 927 Ἐγοί
1328 845 1421 923 σχίσει

267 942 323 1026 τόν
339 947 492 1026 ἐκκλησίαν
507 942 607 1027 ἡμῶν,
636 947 686 1010 καί
703 949 783 1028 βαλοῦ
799 950 903 1028 σχίσμα
920 947 952 1009 ἐν
966 941 1041 1034 αύτῇ
1056 947 1098 1020 είς
1111 942 1162 1008 τόν
1177 945 1281 1008 αλιῦυα·
1311 939 1356 1018 τός
1372 941 1422 1008 τύ-

265 1053 344 1128 ληθῆ
367 1048 418 1128 μέυ
442 1052 546 1131 σχίσμα
567 1050 668 1130 ἔβαλεν
690 1047 728 1113 ού
750 1046 872 1134 μικρόν,
905 1043 949 1112 ού,
964 1045 1017 1129 τήν
1038 1049 1191 1128 ἐκκλησίαν
1211 1049 1323 1128 σχίσας,
1361 1043 1420 1110 ἄλλ’

246 1147 371 1214 ,έαυτδν
391 1152 442 1214 καί
463 1148 535 1226 τούς
554 1147 634 1239 αύτῷ
657 1152 837 1227 πεισθέντας.

133 1257 200 1324 Κεφ.
217 1254 248 1325 γ’.
343 1249 451 1334 Ἕλαβε
468 1253 499 1318 δέ
517 1251 567 1335 τήν
583 1252 736 1338 πρόφασιν
752 1255 784 1319 ἐκ
801 1260 855 1318 τοῦ
874 1252 1087 1338 προειρημένου
1107 1252 1278 1334 Κέρδωνος,
1308 1249 1420 1335 γόητος

144 1385 193 1429 τις.
207 1376 251 1420 τοι.
265 1356 316 1418 καί
332 1351 491 1436 οίπατηλοῦ.
538 1357 597 1420 Καί
614 1352 702 1431 αύτός
716 1355 769 1438 μέν
783 1353 839 1442 γύρ
855 1353 909 1419 δύο
926 1353 1061 1438 κηρύττει
1075 1350 1172 1437 οίρχός.
1219 1354 1371 1438 Προςθελς
1388 1355 1421 1418 δέ

266 1454 353 1520 πόλιν
375 1458 491 1544 ἐκείνην,
523 1459 600 1540 φημί
620 1465 661 1546 τῷ
683 1459 830 1540 Κέρδωυι,
862 1455 959 1538 ἕτερόν
980 1483 1008 1520 τι
1029 1452 1097 1539 παρ’
1124 1457 1257 1520 1ἐκεῖνον
1276 1459 1420 1534 δείκνυσι,

264 1559 356 1642 λέγων
368 1567 444 1644 τρεῖς
460 1555 534 1625 εἶναι
546 1558 645 1644 οίρχοίς,
660 1565 729 1642 μίαν
743 1561 796 1644 μέν
811 1557 863 1642 τήν
878 1556 941 1623 όίνω
955 1555 1193 1639 ἀκατονόμαστον
1209 1560 1260 1622 καί
1274 1556 1419 1642 ύόριιτοκ,

267 1660 306 1743 ἣν
323 1663 371 1725 καὶ
389 1659 505 1744 οίγαθύν
521 1660 596 1728 θεόν
613 1660 747 1744 βούλεται
761 1663 866 1746 λέγειν,
896 1659 988 1742 μηδέν
1004 1661 1037 1725 δὲ
1054 1666 1114 1725 τιῦυ
1132 1662 1164 1726 ἐν
1181 1667 1222 1748 τῷ
1238 1659 1340 1748 κόσμῳ
1358 1667 1420 1726 κτί·

266 1783 368 1840 σασαν,
391 1760 477 1828 ἄλλον
490 1765 521 1828 δὲ
536 1760 610 1830 εἶναι
624 1761 731 1848 όρατόν
746 1762 827 1842 θεόν,
851 1765 925 1828 έκαλ
943 1761 1060 1844 κτιστύν
1075 1765 1124 1827 καί
1138 1761 1330 1849 δημιουργόν,
1351 1761 1418 1828 διύ-

267 1869 357 1946 βολον
373 1866 405 1931 δὲ
420 1871 531 1950 τρίτον,
555 1862 596 1942 οἷς
612 1868 719 1944 εἰπεῖν,
741 1869 792 1932 καί
808 1867 895 1947 μέσον
910 1872 967 1929 τοῖν
981 1863 1035 1930 δύο
1049 1862 1171 1942 τούτων,
1193 1871 1249 1930 τοῦ
1263 1890 1293 1929 τε
1307 1862 1420 1950 ὁρατοῦ

266 1969 383 2032 καὶτοῦ
399 1965 541 2048 ύορύτου·
565 1967 617 2034 τόν
631 1969 662 2033 δὲ
676 1968 795 2050 κτιστήν
809 1970 859 2032 καί
873 1967 1054 2052 δημιουργόν
1066 1969 1116 2031 καί
1133 1965 1242 2050 ὁρατόν
1253 1966 1328 2032 θεόν
1342 1965 1420 2032 εἶναι

267 2075 325 2134 τῶν
344 2067 509 2148 Ἰουδαίων,
539 2067 614 2136 εἶναι
635 2073 666 2135 δέ
689 2069 781 2136 αύτόν
799 2063 910 2153 κριτήν.
957 2067 1033 2153 Παρ’
1051 2065 1131 2156 αύτῷ
1150 2069 1183 2134 δέ
1200 2075 1241 2158 τρῦ
1258 2075 1419 2154 Μαρτίωντ

265 2173 314 2236 καί
334 2176 481 2257 παρθενία
497 2172 680 2256 κηρύσσεται.
726 2178 873 2256 Νηστείαν
895 2174 926 2236 δέ
952 2175 1024 2236 8καί
1046 2171 1079 2236 τό
1102 2169 1252 2253 σάββατον
1269 2170 1417 2256 κηρύττει.

267 2273 426 2358 Μυστήρια
448 2275 480 2338 δὲ
497 2278 591 2358 δῆθεν
608 2273 675 2360 παρ’
695 2273 773 2364 αύτῷ
791 2277 976 2352 ἐπιτελεῖται,
1007 2281 1066 2338 τῶν
1082 2274 1308 2356 κατηχουμένων
1325 2271 1417 2358 δρυίν-

265 2402 332 2441 των.
366 2376 472 2440 “Yam
489 2379 520 2441 δέ
534 2370 622 2453 οὗτος
638 2380 669 2442 ἐν
684 2387 746 2454 τοῖς
759 2383 928 2462 μυστηρίοις
942 2383 1053 2460 χρῆται.
1102 2375 1140 2440 Τό
1156 2376 1189 2439 δέ
1203 2375 1356 2458 σάββατον
1368 2403 1415 2458 νη·

266 2477 359 2543 στεύει
381 2478 428 2543 διό
445 2479 583 2562 τοιαύτην
602 2482 711 2544 αἰτίαν·
740 2477 874 2562 Ἐπειδὴ,
905 2482 995 2561 φησί,
1026 2485 1079 2542 τοῦ
1097 2484 1173 2541 θεοῦ
1190 2484 1250 2542 τῶν
1265 2475 1417 2544 Ἰουδαίαν

266 2583 345 2647 ἐστίν
367 2578 387 2663 ἡ
407 2579 572 2658 ύνύπανσις
593 2589 648 2648 τοῦ
670 2582 866 2665 πεποιηκότος
889 2579 940 2648 τόν
962 2583 1089 2661 κόσμον,
1119 2582 1169 2643 καί
1192 2581 1224 2644 ἐν
1244 2587 1281 2668 τῇ
1302 2577 1415 2668 ἕβδόμῃ

264 2680 359 2770 ἡμέρᾳ
380 2681 643 2766 ἀναπαυσαμένου,
673 2682 757 2766 ἡμεῖς
772 2683 973 2767 νηστεύσωμεν
989 2679 1114 2763 ταύτην,
1142 2685 1192 2746 ’ίνα
1210 2679 1251 2762 μή
1267 2679 1302 2745 τό
1321 2689 1415 2762 καθῆ-

264 2811 319 2850 κον
336 2792 390 2850 τοῦ
407 2791 484 2851 θεοῦ
501 2793 560 2851 τοῦν
577 2783 729 2852 Ἰουδαίων
745 2786 943 2873 ἐργαζόμεθα.
991 2782 1052 2866 Τήν
1068 2791 1120 2865 τῆς
1136 2782 1246 2866 σαρκός
1268 2785 1301 2848 δὲ
1318 2781 1417 2848 ιίθετεί

263 2885 436 2966 οίνύστασιν,
466 2886 604 2973 καθάπερ
623 2892 724 2954 πολλαί
744 2895 803 2954 τῦυ
820 2889 974 2974 αίρέσεων,
1003 2894 1102 2969 ψυχῆς
1119 2886 1151 2949 δέ
1167 2882 1328 2951 α’νοίστασιν
1342 2883 1413 2950 εἶναι

263 2991 353 3074 λέγει,
375 2992 425 3054 καὶ
441 2989 519 3072 ζωὴν
533 2993 584 3054 καί
598 2995 745 3076 σωτηρίαν
759 2988 858 3073 μόνης.
905 2986 951 3053 Οό
966 2991 1058 3070 μόνον
1073 2989 1104 3052 δέ
1119 2984 1190 3072 παρ’
1206 2984 1287 3076 αύτῷ
1300 2993 1337 3053 ἓν
1351 2997 1412 3054 λου

248 3087 334 3175 ’τρόν
349 3094 477 3170 δίδοται,
509 3088 580 3156 ἄλλα
595 3095 645 3157 καί
661 3095 716 3170 ἕως
733 3099 820 3176 τρισίν
835 3099 981 3178 λουτρῶν,
1011 3092 1061 3154 καὶ
1080 3091 1214 3154 ἐπέκεινα
1231 3091 1322 3166 ἔξεστι
1338 3088 1411 3156 διδό-

265 3218 314 3257 ναι
329 3191 396 3276 παρ’
411 3191 512 3268 αύτοῖς
528 3199 569 3281 τῷ
584 3197 769 3282 βουλομένῳ,
794 3192 834 3269 τίς
850 3192 929 3278 παρὰ
943 3197 1058 3258 πολλῶν
1071 3189 1195 3273 ύκήκοα.
1239 3196 1411 3276 Συμβέβητε

265 3294 297 3358 δέ
317 3301 404 3360 τοῦτο
426 3297 563 3380 γενέσθαι
585 3294 681 3386 αύτῷ,
712 3295 745 3362 τό
768 3299 906 3377 ἐφίεσθαι
927 3301 993 3379 τρία
1010 3292 1117 3378 λουτρολ
1135 3297 1293 3374 δίδοσθαι,
1326 3293 1363 3360 δι’
1378 3294 1411 3376 ἣν

265 3392 366 3480 ύιτεῖχε
385 3396 489 3480 χλεύην
506 3398 587 3482 παρύ
602 3405 661 3463 τῶν
679 3397 769 3464 αύτόυ
785 3397 956 3486 ἐγνωκότων
974 3403 1117 3481 μαθητόν
1135 3395 1244 3471 αύτοῦ,
1273 3401 1308 3462 ἐκ
1325 3423 1410 3481 παρα·

265 3497 424 3582 πταίματός
442 3525 472 3564 τε
490 3503 541 3564 καί
558 3507 680 3586 φθορᾶς
696 3507 749 3583 τῆς
765 3503 806 3576 είς
821 3499 875 3582 τὴν
890 3502 1041 3585 παρθένου
1056 3501 1257 3586 γεγενημένης.
1298 3495 1409 3578 Ἐπειδύ

265 3605 393 3686 φθείρας
414 3603 447 3666 ἐν
466 3609 502 3692 τῇ
523 3604 630 3668 ἑαυτοῦ
653 3603 735 3668 πόλει
751 3601 804 3686 τὴν
820 3604 973 3687 παρθένον
995 3605 1060 3681 καί,
1092 3599 1266 3686 ολττοδρύσας
1286 3604 1354 3683 μέν,
1381 3602 1408 3664 ἐν

265 3702 478 3787 παρυπτιύματι
504 3703 618 3793 μεγύλρε
642 3701 768 3790 εύρέθη,
801 3703 957 3786 ἐπενόησεν
980 3701 997 3769 ό
1019 3703 1146 3789 ύγύρτης
1168 3705 1273 3792 έαυτῷι
1283 3703 1406 3784 δεύτερον

263 3804 402 3890 λουτρόν,
425 3803 524 3888 φήσας
542 3805 601 3886 δτι,
617 3805 750 3884 Ἔξεστιν
768 3810 823 3883 ἕως
838 3813 928 3891 τριῶν
944 3813 1089 3890 λουτρῶν,
1110 3805 1242 3870 τουτέστι
1258 3813 1347 3892 τριῶν
1362 3807 1405 3886 βσ-

265 3915 411 3990 πτισμῦυ,
445 3909 486 3983 είς
503 3905 609 3987 ύφεσιν
626 3906 776 3991 ἁμαρτιῶν
794 3913 949 3986 δίδοσθαι,
979 3906 1017 3974 ἵν’
1039 3913 1068 3973 εί
1081 3935 1126 3984 τις
1140 3910 1307 3994 πορέπεσεν
1322 3909 1363 3983 είς
1377 3899 1403 3968 τό

266 4016 395 4094 πρῶτον,
411 4007 488 4097 λίβη
504 4007 641 4093 δεύτερον
655 4011 847 4093 μετανοήσας,
865 4011 916 4075 καί
930 4013 1026 4094 τρίτον
1041 4007 1190 4089 ω’ςαύτας,
1211 4011 1264 4077 ἐελν
1276 4013 1309 4076 ἐν
1322 4033 1403 4090 παρα-

264 4109 397 4192 πτώματι
417 4109 488 4192 μετῦ
504 4108 537 4176 τό
555 4109 692 4197 δεύτερον
707 4115 831 4197 γένηται.
879 4114 967 4196 Φέρει
988 4113 1020 4177 δέ
1039 4115 1133 4194 δῆθεν
1160 4114 1211 4176 ’ίνα
1232 4111 1284 4194 τὴν
1307 4111 1402 4176 ἑαυτοῦ

264 4211 368 4294 χλεύην
390 4209 527 4300 οίνασοίση
550 4213 591 4287 είς
612 4213 796 4299 παράστασιν
817 4211 924 4292 αύτοῦ,
953 4213 999 4280 ότι
1020 4211 1053 4278 τό
1072 4211 1142 4296 μετιί
1158 4211 1192 4279 τό
1210 4213 1303 4279 αῦτοῦ
1319 4209 1399 4292 παρό·

267 4339 372 4396 πτωμα
394 4312 480 4378 πόλιν
497 4317 686 4400 ἐκαθαρίσθη
709 4319 758 4382 καλ
777 4315 881 4382 λοιπόν
903 4319 934 4381 έν
953 4313 1069 4391 όθοίοις
1084 4312 1224 4400 ύπύρχει,
1252 4319 1402 4399 μαρτυρίαν

266 4417 333 4498 περί
355 4414 464 4480 τούτου
482 4421 679 4502 ψευδηγορεῖν
701 4417 741 4494 τίς
766 4415 940 4500 έπιθανίγυ,
968 4419 1135 4501 δυναμένην
1151 4419 1341 4501 ἐξαπατῆσαι,
1369 4410 1401 4478 ον’

301 4551 360 4599 cuv.
374 4553 403 4600 11.
424 4581 454 4590 -
475 4555 495 4604 1.
512 4557 547 4604 Ιίσ
561 4559 654 4619 scripsit
667 4559 777 4607 Ρτλσνίυε
790 4559 840 4608 cod.
857 4560 930 4608 λοίίτ.
944 4563 1041 4608 ιιτυλυτ.
1075 4559 1102 4606 λιι
1116 4557 1170 4608 edil.
1183 4561 1258 4618 μνίου.
1270 4562 1330 4608 cml
1343 4553 1400 4622 μίίῑ
