3036 4998
347 302 482 355 raanan
501 303 562 354 ura.
579 305 595 354 ι.
613 305 692 355 rom.
708 303 737 353 ιι.
755 303 851 354 uana.
866 304 965 354 xxxa.
1163 291 1224 354 339

82 421 256 485 ostenditur.
302 418 361 486 Sed
384 421 514 486 substitit
534 423 684 502 nimirum,
717 433 801 506 atque
825 423 861 488 ab
883 443 918 488 eo
941 421 1043 508 morbo
1062 424 1219 488 convaluit.

82 519 196 610 Quippe
213 525 307 588 virtus
324 545 340 589 a
357 524 414 588 blio
433 545 606 610 progressu,
637 546 721 610 quem
738 523 840 590 Horou
858 527 1100 611 interpretantur,
1131 527 1222 592 medi·

79 626 174 688 cinam
189 627 285 691 attulit
301 636 330 690 et
346 627 382 690 ab
397 627 474 692 omni
491 629 674 692 incommodo
691 627 834 692 liberavit.
879 626 964 711 Quod
981 639 1077 692 autem
1093 630 1223 695 salvator

78 727 160 813 ipsc,
184 749 231 814 qua
223 729 285 793 ab
302 729 435 794 omnibus
450 741 545 795 ortum
562 731 689 817 aceepit,
714 715 815 795 natalra
831 731 957 794 omnium
976 741 1100 811 constet,
1123 732 1221 817 colligi

79 851 120 894 cs
136 831 180 897 bis
197 831 296 896 verbis
313 830 501 898 existimant:
527 839 612 896 Omne
624 837 804 896 masculinnm
820 835 983 914 adoperiens
1001 833 1359 899 autumationum

77 935 155 997 cuim
173 934 268 998 omnia
285 935 395 1019 pariter
406 935 538 1000 existens
551 933 777 1022 Enthymeseos,
798 935 853 999 boo
869 945 915 999 est
930 930 1137 1018 Cogitationis,
1160 959 1220 1001 ma·
1233 911 1279 956 ¹³¹⁰
1280 911 1302 956 ‘¹'
1308 913 1341 968 ¹⁸
1349 912 1369 957 ”

78 1035 182 1100 tricem
204 1037 335 1122 aperuit,
368 1038 465 1102 adecti
487 1038 599 1122 seilicet
620 1039 749 1116 Aeonis,
782 1048 812 1102 et
833 1057 848 1100 a
866 1035 1031 1102 Pleromate
1053 1039 1217 1125 proscripti,

76 1158 163 1222 quam
187 1149 218 1202 et
238 1139 395 1204 secundam
416 1137 584 1225 Ogdoadem
603 1150 725 1220 vocant,
756 1141 792 1203 de
817 1160 872 1224 qua
894 1140 979 1224 paulo
1005 1149 1070 1224 post
1088 1161 1218 1224 agemus.

77 1236 147 1323 Quo
165 1252 195 1305 et
211 1240 360 1306 Paulum
351 1263 445 1327 apsuua
463 1243 616 1306 manifeste
632 1242 818 1329 respexisse,
843 1263 906 1306 curn
926 1241 1017 1320 dixit,
1048 1246 1117 1304 m
1104 1265 1162 1324 epse
1179 1251 1319 1306 osteum

76 1349 179 1418 omnen,
204 1365 390 1431 rursumque,
415 1349 540 1408 Omm'a'
526 1369 554 1407 aa
570 1350 670 1426 absum,
694 1357 723 1406 et
733 1369 771 1406 ee
785 1350 845 1426 apso
858 1350 966 1421 omnib,
990 1354 1076 1428 alque
1095 1345 1216 1409 ilerum.
1209 1305 1332 1428 Ἱιζὲιῇι
1337 1371 1370 1416 aa

74 1451 139 1507 In
124 1469 185 1528 apso
199 1450 307 1510 boba'tct
320 1452 409 1511 omnis
419 1451 564 1529 plenitudo
577 1452 741 1510 muraenam.
777 1443 839 1510 lmo
854 1446 934 1525 illud,
952 1451 1117 1510 lantramnus
1128 1469 1219 1510 omnm
1232 1403 1369 1496 ⁰⁰¹⁰'d22

75 1554 105 1609 in
125 1551 237 1612 Cdrr‘sto
254 1555 421 1632 perdonm,
454 1552 656 1615 absumente
675 1549 780 1613 dietum
799 1549 960 1635 accipiunt,
984 1571 1017 1613 ae
1037 1551 1060 1613 si
1080 1571 1134 1634 qua
1152 1561 1219 1613 sunt
1232 1507 1356 1566 Ε”ΡΜ

76 1651 164 1715 buius
185 1653 303 1736 generis
325 1654 394 1716 alin.

161 1751 249 1838 Quod
265 1775 337 1820 vero
353 1757 388 1820 nd
405 1754 517 1821 llorum
535 1757 676 1842 pertinet,
700 1775 783 1845 quem
801 1753 930 1840 pluribus
945 1754 1109 1819 nominibus
1124 1753 1219 1841 appel·
1235 1761 1370 1830 cevat.

74 1856 153 1936 lant,
179 1857 283 1942 cuique
299 1859 355 1922 duo
368 1858 526 1922 ciliciorum
542 1878 650 1942 genera
666 1856 807 1937 tribuunt,
832 1857 1013 1922 sustentandi
1027 1858 1163 1922 videlicet
1176 1869 1220 1922 at·
1284 1909 1286 1914 .

75 1979 135 2044 qup
153 1959 312 2046 partiendi,
344 1961 384 2024 ita
403 1973 450 2038 ut,
478 1971 620 2045 qnatenus
639 1960 719 2025 lnlcit
737 1980 771 2023 nc
789 1960 930 2040 sustinet,
953 1959 1053 2042 Crux,
1078 1970 1219 2044 quatenus

73 2063 199 2147 partitur
220 2083 255 2126 ac
276 2061 395 2142 dividit,
425 2061 541 2142 llorus,
574 2064 628 2127 boo
648 2075 692 2128 est
712 2061 888 2141 Terminus,
921 2062 1102 2142 nominetur,
1134 2061 1218 2128 buius

74 2185 148 2250 ergo
165 2165 331 2229 functiones
353 2166 408 2229 boo
426 2166 512 2230 modo
534 2187 552 2230 a
571 2164 725 2230 Salvatore
744 2164 901 2248 significari
917 2165 1096 2250 praedicant.
1140 2161 1217 2228 Nam

73 2267 154 2331 illam
173 2267 338 2332 stabiliendi
358 2268 551 2354 fulciendique
570 2268 629 2331 vim
649 2263 756 2332 Crucis
772 2267 898 2352 imagine
918 2267 1126 2345 demonstrari,
1154 2287 1218 2330 cum

73 2367 199 2434 dicitur:
233 2373 357 2448 (lua'non
377 2373 486 2432 1111111111
498 2393 607 2432 crucem
623 2392 701 2432 satum
720 2383 749 2431 et
761 2375 888 2451 sequitur
902 2393 960 2444 me,
991 2373 1145 2450 dt'scejaaulua
1158 2391 1219 2430 esso
1230 2380 1284 2427 buc
1293 2381 1325 2440 tt,
1335 2383 1368 2430 11.

72 2493 152 2534 meus
168 2493 224 2534 non
239 2485 342 2553 potest,
367 2483 413 2537 ele
439 2477 549 2536 Tellena
564 2495 673 2536 erarem
688 2493 766 2534 suom
781 2478 908 2554 seqnitur
923 2493 981 2534 me.-
1005 2469 1138 2550 alteram,
1161 2485 1369 2556 quammultas

72 2573 217 2638 discernit
230 2595 265 2637 ae
281 2575 393 2655 dividit,
419 2576 463 2640 bis
477 2575 592 2640 verbis:
615 2580 680 2638 Non
693 2580 758 2638 ncne·
769 2581 993 2656 maQttmepacem
1017 2577 1067 2636 red
1076 2575 1213 2654 glacialem.
1229 2579 1313 2626 aaran

73 2672 190 2759 Quod
181 2697 274 2763 ipsum
293 2695 310 2740 a
328 2675 438 2741 loaone
457 2677 630 2742 declaratum
650 2699 725 2742 eum
722 2679 856 2757 diceret,
881 2679 1099 2740 Venoffmmom
1085 2698 1114 2738 m
1134 2697 1217 2738 mnan
1229 2634 1312 2759 lle}
1324 2701 1355 2747 ιι

72 2785 151 2854 eus,
183 2792 213 2840 et
228 2781 368 2861 pamgnbit
385 2801 496 2856 ereum,
528 2793 558 2843 et
577 2783 763 2861 congregabat
782 2785 904 2842 maroam
926 2785 954 2842 in
974 2783 1090 2854 lumen,
1120 2783 1219 2860 poleas

71 2895 167 2944 uatem
192 2885 335 2944 comburet
354 2887 418 2963 igni
439 2885 658 2964 abernbgua'ba'la‘.
704 2880 817 2967 Quibus
842 2881 988 2968 proprium
1013 2880 1087 2944 llori
1113 2901 1217 2944 munus

71 2983 261 3070 exprimitur.
289 2981 367 3048 Nam
381 2985 574 3050 ventilabrum
589 2985 658 3048 illud
671 3005 737 3049 csse
750 2982 875 3051 Crucem
889 2985 1127 3069 interpretantur,
1144 3001 1217 3066 quac

72 3105 176 3150 cresse
194 3086 290 3150 omniu
309 3097 421 3150 etcum
440 3087 562 3150 materia
579 3098 732 3166 concreta,
757 3087 837 3150 velut
856 3087 975 3173 stipulas
993 3087 1124 3162 llamma,
1148 3105 1217 3147 coo·

71 3188 175 3266 sumit,
199 3207 251 3254 eos
267 3210 339 3254 vero
354 3191 401 3274 qui
418 3191 540 3254 salutem
556 3189 763 3274 adipiscuntur,
786 3187 827 3252 uti
843 3209 957 3252 vannus
973 3189 1129 3265 framenta,
1153 3205 1218 3271 per-

71 3303 192 3376 purget.
235 3290 283 3356 Ad
307 3292 379 3356 baec
399 3288 520 3355 Paulum
544 3311 657 3376 quoque
680 3293 715 3354 de
737 3311 771 3354 ea
793 3286 889 3355 Cruce
912 3289 1088 3354 mentionem
1110 3289 1217 3352 fecisse

70 3393 123 3457 itto
143 3393 209 3457 loco
225 3405 359 3458 namot:
391 3395 464 3458 Num
482 3398 575 3456 mecm
588 3397 762 3476 proede'entab
775 3395 956 3474 personabas
972 3397 1081 3474 porilem
1094 3393 1216 3452 stultitia
1227 3400 1367 3459 11111111.

70 3508 132 3571 est,
158 3501 195 3557 a'c's
211 3508 301 3558 nutem
319 3501 371 3578 qui
385 3499 546 3572 solonmttm,
572 3507 604 3558 aet
617 3497 711 3570 nobb,
736 3501 826 3558 uritur
841 3499 895 3558 dei.
940 3495 986 3559 Ac
1002 3513 1136 3558 rursum:
1159 3495 1368 3561 manmena

69 3601 105 3659 aa·
118 3619 188 3660 neam
204 3599 281 3660 ubm't
293 3601 420 3679 gloriari
431 3604 491 3660 πίει·
503 3604 532 3660 in
546 3620 631 3660 craece
646 3603 724 3674 bon,
744 3619 799 3679 per
813 3619 891 3680 quem
908 3601 979 3659 malai
992 3599 1109 3658 mundns
1125 3601 1217 3657 eruci-

60 3703 154 3780 fiaeaes
167 3713 225 3775 est,
256 3711 354 3781 ctego
370 3705 481 3764 mundo.
527 3697 679 3764 Eiusmodi
696 3710 764 3764 suot
780 3721 853 3785 quae
871 3701 906 3765 de
924 3697 1089 3763 Pleromate
1109 3717 1162 3762 suo
1183 3717 1218 3760 ac

68 3802 271 3867 commentitia
290 3803 384 3868 lobula
404 3803 595 3868 communiter
612 3802 648 3867 ab
665 3802 798 3866 omnibus
816 3803 985 3882 traduntur,
1006 3799 1108 3886 quibus
1126 3799 1218 3886 pessi·

103 4057 131 4111 7.
150 4057 195 4112 nul
212 4073 258 4110 non
274 4061 480 4120 bonusamicus.
699 4054 879 4126 linigeram.
897 4060 949 4110 eod.
964 4061 1019 4109 ven.
1052 4059 1098 4108 Nee
1114 4059 1217 4121 agnoseit

101 4127 130 4179 8.
148 4121 284 4194 ἀποθήκας
300 4129 351 4179 cod.
368 4130 422 4179 Ven
665 4131 710 4177 oet.
727 4129 816 4178 lrencn'
831 4131 950 4190 lntopres.

100 4193 129 4246 9.
149 4195 231 4249 &aba
244 4201 353 4247 emnoet.
363 4198 633 4258 lmnoetlntnpretere-
694 4195 740 4246 1’7.
759 4193 868 4259 Χριστοῦ
884 4197 935 4246 cod
951 4197 1028 4246 Puris.

63 4261 793 4344 ponendumesocmsnmectbloasueto,otttnque.13.lto
807 4265 858 4314 cod
868 4265 922 4314 ven
941 4263 1015 4327 Vulgo
1027 4258 1175 4328 ἔφορμίζιιν.
1185 4287 1219 4300 -

104 4333 149 4384 10.
172 4335 210 4383 ltu
226 4335 324 4384 1111111111
340 4335 421 4383 Peleu.
444 4333 473 4382 de
496 4335 634 4382 coctordcte
667 4333 714 4382 Pro
728 4326 818 4390 πάντες
832 4335 875 4380 vet.
891 4333 978 4381 lrenoet
993 4333 1124 4393 lntmpretds
1139 4335 1219 4380 oame-

64 4402 217 4452 coatt'mtc
248 4403 293 4450 1211
306 4403 381 4463 prino.
397 4403 457 4450 entra
472 4397 633 4464 (puemcdmo
666 4401 735 4449 ratolt
744 4395 840 4451 πάντων
850 4401 972 4450 remoue
982 4413 1024 4450 nos
1033 4401 1110 4449 ludent
1119 4399 1220 4448 cronos

64 4473 129 4520 dura
154 4470 292 4520 dtumccd.
311 4469 378 4535 Van.)
399 4470 465 4519 babet
482 4463 633 4535 dotus-lone·
667 4468 841 4518 mumadam.

64 4539 142 4592 σθαι.

943 4624 984 4688 22
1002 4619 1015 4652 *
