3008 4996
241 257 303 320 248
671 265 792 322 emen
810 265 982 318 Eml’ffluu

241 385 470 466 ἐτοιμασθῆναι,
493 379 535 458 οἷς
551 387 605 464 τῆς
620 378 712 447 νόσον
728 383 815 448 ἕνεκα
831 379 976 465 βοήθημά
991 407 1021 448 τι
1037 381 1214 467 προςφέρειν
1230 381 1340 464 μέλλων
1355 377 1390 446 δι’

244 481 364 549 άδάτων
386 489 524 550 νοσοῦντι
547 484 661 569 βαρέως
685 490 726 570 τῷ
748 481 922 573 πατριάργη.
969 486 1009 548 oi
1028 483 1061 548 δέ
1083 485 1225 566 ἐποίησαν
1247 480 1283 548 τά
1302 485 1391 548 ἐπιτε-

243 587 382 671 ταγμένα.
420 583 466 649 Οά
481 583 536 670 γάρ
554 583 736 670 ἐγνοίκεισαν.
773 589 890 662 Αἰδοῦς
905 585 938 650 δέ
953 583 1038 669 χάριν
1055 583 1313 670 προφασισάμενος
1326 583 1394 661 τοός

244 687 358 764 πάντας
374 688 430 764 ἐξω
447 685 575 770 ποιήσας
595 682 614 751 ό
633 684 814 772 πατριάρχης
830 694 884 753 τοῦ
901 693 1028 773 λουτροῦ
1048 690 1251 766 καταξιοῢται,
1272 688 1325 752 καί
1343 713 1395 769 μυ·

244 793 372 875 στηρίων
393 785 493 872 άγίων.

114 909 181 973 Κεφ,
199 909 227 963 2¹.
327 887 361 954 ‘0
384 890 416 954 δέ
438 886 580 973 Ἰοίσηπος
603 890 669 972 ἐμοὶ
691 887 771 979 αάιρῖ
796 891 944 973 διηλίγθη.
986 885 1037 956 Ἐκ
1060 886 1204 972 στόματος
1224 888 1280 976 γάρ
1303 886 1395 956 αάτοῦ

244 990 361 1076 άκήκοα
375 989 472 1057 πάντα
489 997 595 1070 ταῦτα,
623 992 675 1079 καί
692 988 747 1056 οάκ
765 987 824 1060 άπό
841 989 930 1058 όλλλου
943 989 1041 1070 τινός,
1062 993 1095 1056 ἐν
1107 999 1145 1080 τῇ
1160 992 1287 1079 γηραλέρι
1303 988 1396 1056 αἰτοῦ

244 1091 359 1183 ήλικίιγ,
382 1089 423 1170 οός
436 1096 504 1179 περί
517 1119 576 1158 που
594 1093 667 1158 ἰτολν
681 1090 886 1176 ἐβδομήκοντα
901 1091 1055 1179 γεγονότος
1069 1089 1177 1172 αότοῠ,
1198 1091 1220 1176 ή
1235 1094 1286 1158 καί
1300 1090 1394 1158 πλειό-

245 1221 314 1262 νων.
359 1191 436 1280 Παρ’
459 1191 539 1283 αὐτῷ
560 1190 616 1280 γάρ
634 1191 788 1277 κατήχθην
805 1195 837 1260 ἐν
854 1192 1055 1260 Σκυθοπόλει.
1098 1191 1256 1271 Μεταστάς
1272 1192 1328 1280 γάρ
1345 1200 1396 1276 τής

250 1295 423 1381 Τιβεριάδος
441 1302 452 1342 ¹
464 1300 571 1372 κτίσεις
584 1297 647 1362 ἐκεῖ
661 1297 693 1361 ἐν
707 1295 901 1362 Σκυθοπόλει
915 1299 1069 1377 διαφανεῖς
1086 1295 1235 1379 ἐκτήσατο.
1277 1293 1327 1360 Ἐν
1341 1293 1395 1381 γάρ

122 1435 172 1482 pag.
187 1423 232 1468 ιω.
245 1405 281 1488 τή
295 1402 375 1486 οἰκία
391 1396 484 1466 αιίτοῦ
499 1394 537 1464 δό
550 1401 712 1482 μακαρίτης
725 1394 873 1479 Εόσέβιας
887 1394 968 1480 ότής
978 1394 1098 1474 Ἰταλίας
1113 1399 1277 1473 ἐπίσκοπος
1292 1402 1394 1482 ’Βριγ-

246 1503 346 1586 γέλλας
361 1498 485 1580 πόλεως,
507 1501 671 1584 ἐξορισθεὶς
685 1496 744 1565 άπό
762 1505 982 1579 Κωνσταντίου,
1003 1497 1051 1566 διά
1066 1496 1119 1582 τήν
1132 1503 1228 1564 πίστιν
1240 1505 1294 1581 τῆς
1307 1496 1396 1583 ὄρθο-

246 1605 346 1680 δοξίας
367 1603 512 1680 ἐξενίζετο.
557 1602 617 1666 Kal
640 1602 689 1666 έπλ
711 1598 765 1683 τήν
781 1603 937 1683 ἐπίσκεψιν
951 1599 1058 1666 τοότου
1080 1598 1138 1686 ἐγά
1154 1624 1185 1664 τε
1202 1600 1300 1666 καλοί
1317 1598 1396 1666 ἄλλοι

248 1701 374 1783 άδελφοί
397 1704 487 1768 ἐκεῖσε
508 1701 660 1788 γενόμενοι
680 1705 732 1768 καὶ
752 1699 838 1768 αότολ
859 1699 927 1787 παρ’
946 1699 1024 1792 αὐτῷ
1042 1701 1241 1784 κατήχθημεν.
1284 1708 1397 1766 Συντω

247 1805 346 1890 χόντες
367 1805 399 1870 δέ
421 1810 462 1893 τῷ
479 1801 611 1892 Ἰωσήπῳ
629 1805 678 1870 ἐπλ
695 1810 749 1887 τῆς
766 1800 860 1870 αότοῦ
879 1807 990 1884 οἰκίας,
1020 1805 1071 1868 καλ
1089 1801 1125 1868 τά
1142 1799 1205 1868 κατ’
1220 1799 1312 1868 αότόν
1327 1804 1395 1886 ἐριο-

246 1915 366 1984 τῶντες,
388 1907 440 1971 καὶ
457 1903 573 1990 γνόντες
588 1904 634 1971 ότι
649 1912 708 1970 τῶν
725 1907 866 1988 ἐμφανῶν
881 1902 990 1993 άπήργι
1005 1905 1087 1990 παρά
1102 1902 1275 1983 Ἰουδαίοις,
1298 1901 1396 1968 άνετά·

248 2016 344 2087 ζοντες
360 2009 411 2072 καί
427 2005 482 2088 τήν
496 2004 559 2072 κατ’
575 2004 665 2072 αὐτόν
679 2004 837 2090 ὑπόθεσιν,
867 2008 918 2071 καί
937 2014 1026 2084 4ιιοῖς
1041 2010 1083 2082 εἰς
1098 2003 1152 2073 τόν
1169 2001 1397 2090 Χριστιανισμόν

249 2116 408 2192 μετήλθεν,
438 2099 718 2190 άιιηκόαμενταῦτα
739 2107 838 2174 πάντα
858 2115 979 2188 σαφοῖς,
1008 2110 1060 2174 καί
1080 2105 1136 2176 οείιι
1159 2105 1219 2174 ολπό
1238 2109 1398 2190 ἐνηχήσεως

249 2213 349 2292 ἐτέρου
370 2206 458 2284 τινός.
491 2208 590 2276 Ὅθεν
611 2213 663 2276 καί
680 2208 932 2293 άξιομνημόνευτα
953 2212 995 2286 εἰς
1013 2207 1173 2293 οἰκοδομήν
1190 2216 1302 2276 πιστοίν
1317 2213 1397 2291 νομί-

250 2334 351 2388 σαντες
369 2308 405 2376 τά
418 2308 492 2374 κατά
507 2309 559 2377 τόν
576 2308 670 2397 άνδρα
686 2311 958 2398 πραγματευθέντα,
980 2311 1030 2376 διά
1043 2310 1097 2393 τήν
1110 2314 1205 2377 αἰτίαν
1220 2317 1279 2377 τῶν
1293 2312 1399 2384 ἐντοῖς

250 2415 476 2500 γαζοφυλακίοις
499 2413 540 2487 εἰς
560 2409 702 2496 Ἑβραΐδιι
723 2414 954 2496 μετατεθέντων,
984 2410 1022 2478 οιί
1046 2415 1199 2498 παρέργως
1223 2409 1278 2495 τήν
1302 2417 1398 2478 πᾶσαν

250 2518 348 2580 αἰτίαν
368 2519 422 2578 τοῦ
443 2516 659 2600 προειρημένου
677 2511 822 2596 Ἰωσήπου
841 2517 1042 2599 παρεθέμεθα.
1078 2507 1134 2580 Ἠν
1153 2513 1209 2600 γάρ
1231 2510 1248 2578 ό
1267 2511 1344 2596 άνήρ
1363 2506 1399 2576 οό

252 2615 345 2700 μόνον
363 2612 552 2699 Χριστιανός,
575 2613 678 2692 πιστός
694 2617 887 2692 καταξιωθελς
903 2618 1054 2700 γενέσθαι,
1077 2611 1148 2680 άλλά
1164 2617 1216 2680 καί
1231 2611 1398 2699 Ἀρειανοός

252 2716 370 2802 σφόδρα
385 2715 565 2797 στηλιτεόων.
605 2713 656 2781 Ἐν
672 2715 726 2802 γάρ
741 2723 778 2806 τῇ
793 2715 877 2782 πόλει
891 2719 1003 2806 ἐκείνη,
1026 2716 1217 2783 Σκυθοπόλει
1231 2718 1326 2798 φημὶ,
1348 2713 1399 2798 μό·

253 2845 304 2886 νον
319 2810 408 2894 οὗτος
422 2815 589 2903 όρθόδοξος
606 2815 733 2903 ὑπῆρχε,
755 2815 862 2894 πόντος
876 2819 907 2882 δέ
922 2815 1074 2903 Ἀρειανοί.
1119 2820 1180 2884 Καί
1195 2821 1221 2883 εἰ
1235 2816 1276 2900 μή
1290 2816 1336 2883 ὅτι
1350 2815 1401 2882 τό·

253 2943 312 3004 μης
322 2913 371 3002 ἦν,
392 2921 443 2984 καλ
455 2916 488 2984 τό
503 2926 557 2986 τοῦ
571 2917 702 3002 κόμητος
717 2917 830 3001 άξίωμα
846 2918 973 2986 ἐκάλυεν
987 2917 1038 2986 τίκτ’
1052 2918 1145 2987 αάτοῦ
1157 2918 1209 2987 τόν
1223 2926 1282 2985 τοῖν
1292 2916 1398 3002 ’Apesa-

251 3027 313 3086 νοῖν
329 3017 475 3106 διωγμόν,
504 3017 560 3085 οάιι
575 3019 613 3086 άν
628 3016 739 3102 όπέστη
755 3018 812 3084 κάν
828 3023 859 3087 ἐν
874 3028 911 3111 τῇ
927 3020 1008 3086 πόλει
1023 3024 1183 3108 διατρίβειν
1199 3018 1217 3086 ό
1232 3018 1325 3104 άνήρ,
1347 3016 1400 3102 μά·

251 3130 334 3190 λιστα
349 3123 398 3187 ἐπλ
415 3125 608 3206 Πατροφίλου
623 3129 677 3188 τοῦ
691 3120 843 3207 Ἀρειανοῦ
858 3121 1034 3203 ἐπισκόπου,
1056 3131 1109 3188 τοῦ
1124 3122 1215 3188 πολλά
1229 3121 1400 3205 ἰσχύσαντος

253 3221 372 3312 πλούτῳ
387 3247 417 3287 τε
433 3223 485 3288 καὶ
501 3219 660 3311 αάστηρίη,
688 3225 738 3288 καλ
754 3231 791 3314 τῇ
807 3222 883 3309 πρός
899 3222 951 3289 τόν
967 3226 1087 3306 βασιλέα
1104 3221 1312 3290 Κωνστάντιον
1327 3220 1401 3309 γνά-

253 3345 299 3390 σει
318 3347 349 3390 τε
369 3325 419 3389 καλ
436 3328 593 3414 παρρησίᾳ.
630 3318 686 3390 Ἦν
702 3327 734 3390 δὲ
753 3328 805 3390 καλ
821 3323 906 3400 άλλος
920 3351 965 3400 τις
980 3324 1119 3411 νεάτερος
1139 3327 1172 3390 ἰν
1188 3333 1225 3414 τῇ
1242 3324 1327 3390 πόλει
1343 3319 1399 3388 άπό

251 3423 397 3512 Ἑβραίων
411 3421 514 3510 α’ρθολς
527 3425 687 3505 πιστεύων,
708 3425 744 3504 ός
756 3424 811 3494 οὐκ
826 3425 932 3508 ἐτόλμα
945 3424 1020 3491 κατά
1033 3425 1066 3492 τό
1083 3425 1222 3512 φανερόν,
1247 3423 1338 3490 θάλλό
1353 3424 1401 3492 καί

253 3531 412 3612 κρυφαίως
425 3523 504 3609 ήμᾶς
518 3527 718 3593 ἐπεσκέπτετο.
758 3526 899 3596 Πιθανόν
913 3529 946 3592 δέ
960 3553 987 3592 τι
1004 3523 1175 3612 α”Ιοόσηπος
1187 3530 1240 3593 καί
1253 3529 1402 3614 γελοιιλδες

254 3625 408 3712 άφηγεῑτο,
430 3624 511 3710 οἶμαι
526 3629 559 3692 δὲ
574 3636 666 3694 ταῦτα
682 3628 728 3694 ότι
740 3632 791 3695 καί
804 3627 956 3713 ήλήθευεν.
990 3627 1127 3710 Ἔφασκε
1142 3628 1197 3716 γάρ
1211 3628 1258 3696 ὅτι
1272 3637 1400 3710 τελευτή·

255 3729 350 3812 σάσης
369 3735 422 3812 τής
443 3726 535 3795 αὐτοῦ
554 3734 698 3812 συμβίου,
732 3728 836 3806 δεδιοός
857 3730 898 3815 μή
920 3758 962 3814 πη
984 3728 1043 3816 άρα
1066 3729 1236 3817 άρπάῑωσιν
1259 3727 1352 3798 αότόν
1374 3729 1404 3792 οί

255 3829 397 3916 Ἀριιανοί
416 3832 468 3896 καί
488 3829 690 3914 καταστήσωσι
707 3829 847 3917 κληριιιόν
871 3871 913 3884 -
938 3831 1078 3910 πολλάκις
1098 3830 1153 3919 γάρ
1174 3831 1404 3904 κολακεύσοντες

256 3928 348 4000 αὐτόν
360 3939 521 4018 πεισθῆναι
533 3940 569 4022 τῇ
582 3935 688 4019 αίρέσει
700 3929 893 4017 άπιοχνοῦντο
904 3939 1036 4017 μείζονας
1049 3932 1215 4021 προκοπάς,
1231 3937 1259 4000 εἰ
1269 3935 1340 4000 δέον
1352 3933 1404 3998 καί

292 4187 353 4241 θεν.
367 4189 398 4239 V.
415 4215 451 4230 -
469 4191 491 4242 l.
509 4193 549 4242 Sic
566 4194 641 4242 editus
653 4193 709 4242 liber
722 4197 815 4255 uterque
846 4195 982 4256 υυλςοεουι,
1005 4195 1144 4256 praesertim
1162 4205 1216 4243 οιιιιι
1235 4193 1306 4241 ulium
1322 4201 1405 4252 ιυρισ,

257 4260 342 4308 deod.
354 4259 452 4322 Ma.
478 4263 508 4310 Ae
522 4261 648 4310 Οοιτιοιτυι
661 4263 732 4310 latine
745 4265 816 4311 ιἰιειτ-
847 4258 964 4323 λαω.Ἱ6,
977 4258 1011 4322 9.,
1024 4260 1120 4319 κτίσεις
1132 4259 1404 4322 mmmmm.

254 4329 362 4388 ρτιεοιιιι
373 4325 592 4391 mancationes,
608 4332 634 4376 υε
647 4324 752 4390 κτήσεις
764 4344 814 4378 σοι·
881 4329 905 4379 ‘l-
923 4323 936 4380 δ
954 4331 1078 4380 uniendum
1099 4330 1176 4378 adieci
1194 4341 1224 4376 τε
1243 4327 1310 4376 οοδδ.
1331 4328 1403 4374 Vovit.

255 4393 379 4454 τίριιιδιιυι
393 4397 507 4444 emmim
521 4397 643 4457 υἰδιοιιιτ,
668 4398 730 4458 quod
745 4400 815 4445 ιιίοιιι
849 4402 870 4446 ιλ
887 4397 985 4458 Ιίλιτδίρ.

256 4461 315 4509 mim·
334 4462 459 4522 μτοδτευοι
480 4467 520 4514 a&
555 4463 710 4514 Νἰλίλοιιιίιιυι
730 4467 816 4513 καίτοι
