<?xml version="1.0" encoding="UTF-8"?>
<!DOCTYPE html PUBLIC "-//W3C//DTD XHTML 1.0 Transitional//EN"
    "http://www.w3.org/TR/xhtml1/DTD/xhtml1-transitional.dtd">
<html xmlns="http://www.w3.org/1999/xhtml" xml:lang="en" lang="en">
 <head>
  <title>
</title>
<meta http-equiv="Content-Type" content="text/html;charset=utf-8" />
  <meta name='ocr-system' content='tesseract 3.04.00' />
  <meta name='ocr-capabilities' content='ocr_page ocr_carea ocr_par ocr_line ocrx_word'/>
</head>
<body>
  <div class='ocr_page' id='page_1' title='image "./corporishaerese03oehlgoog_0550.png"; bbox 0 0 3010 5000; ppageno 0'>
   <div class='ocr_carea' id='block_1_1' title="bbox 274 313 1206 402">
    <p class='ocr_par' dir='ltr' id='par_1_1' title="bbox 274 313 1206 402">
     <span class='ocr_line' id='line_1_1' title="bbox 274 313 1206 402; baseline -0.003 -24"><span class='ocrx_word' id='word_1_1' title='bbox 274 390 276 402; x_wconf 15' lang='grc' dir='ltr'>γ</span> <span class='ocrx_word' id='word_1_2' title='bbox 296 325 433 381; x_wconf 74' lang='lat' dir='ltr'>deittiitl</span> <span class='ocrx_word' id='word_1_3' title='bbox 449 325 512 378; x_wconf 81' lang='lat' dir='ltr'>Lib.</span> <span class='ocrx_word' id='word_1_4' title='bbox 527 327 547 378; x_wconf 81' lang='grc'>1.</span> <span class='ocrx_word' id='word_1_5' title='bbox 564 325 644 380; x_wconf 83' lang='grc' dir='ltr'><strong>ΤΟΜ.</strong></span> <span class='ocrx_word' id='word_1_6' title='bbox 659 325 702 378; x_wconf 82' lang='lat' dir='ltr'>til.</span> <span class='ocrx_word' id='word_1_7' title='bbox 719 324 818 377; x_wconf 76' lang='lat' dir='ltr'>HAER.</span> <span class='ocrx_word' id='word_1_8' title='bbox 831 325 961 376; x_wconf 76' lang='lat' dir='ltr'>XXXIX.</span> <span class='ocrx_word' id='word_1_9' title='bbox 1140 313 1206 375; x_wconf 84' lang='grc'>533</span> 
     </span>
    </p>
   </div>
   <div class='ocr_carea' id='block_1_2' title="bbox 57 443 1207 840">
    <p class='ocr_par' dir='ltr' id='par_1_2' title="bbox 57 443 1207 840">
     <span class='ocr_line' id='line_1_2' title="bbox 59 443 1206 532; baseline -0.001 -20"><span class='ocrx_word' id='word_1_10' title='bbox 59 447 280 512; x_wconf 76' lang='lat' dir='ltr'>conversionem</span> <span class='ocrx_word' id='word_1_11' title='bbox 300 443 451 511; x_wconf 85' lang='lat' dir='ltr'>oCbristo</span> <span class='ocrx_word' id='word_1_12' title='bbox 469 446 612 532; x_wconf 86' lang='lat' dir='ltr'>repudiari</span> <span class='ocrx_word' id='word_1_13' title='bbox 628 445 732 510; x_wconf 85' lang='lat' dir='ltr'>iotetix</span> <span class='ocrx_word' id='word_1_14' title='bbox 748 444 970 524; x_wconf 90' lang='lat' dir='ltr'>animadvertit,</span> <span class='ocrx_word' id='word_1_15' title='bbox 995 467 1029 510; x_wconf 93' lang='lat' dir='ltr'>os</span> <span class='ocrx_word' id='word_1_16' title='bbox 1043 446 1120 510; x_wconf 88' lang='lat' dir='ltr'>ittico</span> <span class='ocrx_word' id='word_1_17' title='bbox 1137 467 1206 511; x_wconf 83' lang='lat' dir='ltr'>cora-</span> 
     </span>
     <span class='ocr_line' id='line_1_3' title="bbox 60 546 1205 635; baseline 0 -21"><span class='ocrx_word' id='word_1_18' title='bbox 60 562 101 614; x_wconf 92' lang='lat' dir='ltr'>tra</span> <span class='ocrx_word' id='word_1_19' title='bbox 118 549 263 614; x_wconf 89' lang='lat' dir='ltr'>dominum</span> <span class='ocrx_word' id='word_1_20' title='bbox 281 550 410 635; x_wconf 90' lang='lat' dir='ltr'>aperuit,</span> <span class='ocrx_word' id='word_1_21' title='bbox 435 569 468 612; x_wconf 91' lang='lat' dir='ltr'>ac</span> <span class='ocrx_word' id='word_1_22' title='bbox 484 549 714 612; x_wconf 77' lang='lat' dir='ltr'><strong>maledicentiam</strong></span> <span class='ocrx_word' id='word_1_23' title='bbox 731 554 844 612; x_wconf 88' lang='lat' dir='ltr'>omnem</span> <span class='ocrx_word' id='word_1_24' title='bbox 860 549 1000 612; x_wconf 87' lang='lat' dir='ltr'>evomuit.</span> <span class='ocrx_word' id='word_1_25' title='bbox 1046 546 1124 632; x_wconf 81' lang='lat' dir='ltr'>Quin</span> <span class='ocrx_word' id='word_1_26' title='bbox 1141 570 1205 614; x_wconf 91' lang='lat' dir='ltr'>eam</span> 
     </span>
     <span class='ocr_line' id='line_1_4' title="bbox 57 651 1206 736; baseline 0 -20"><span class='ocrx_word' id='word_1_27' title='bbox 57 665 182 716; x_wconf 88' lang='lat' dir='ltr'>mentem</span> <span class='ocrx_word' id='word_1_28' title='bbox 201 651 364 716; x_wconf 90' lang='lat' dir='ltr'>bominibus</span> <span class='ocrx_word' id='word_1_29' title='bbox 380 652 497 729; x_wconf 89' lang='lat' dir='ltr'>iniecit,</span> <span class='ocrx_word' id='word_1_30' title='bbox 522 661 553 715; x_wconf 95' lang='lat' dir='ltr'>ut</span> <span class='ocrx_word' id='word_1_31' title='bbox 569 673 641 714; x_wconf 89' lang='lat' dir='ltr'>vcro</span> <span class='ocrx_word' id='word_1_32' title='bbox 658 661 824 736; x_wconf 90' lang='lat' dir='ltr'>contempto</span> <span class='ocrx_word' id='word_1_33' title='bbox 839 651 894 713; x_wconf 93' lang='lat' dir='ltr'>deo</span> <span class='ocrx_word' id='word_1_34' title='bbox 909 651 995 714; x_wconf 87' lang='lat' dir='ltr'>atium</span> <span class='ocrx_word' id='word_1_35' title='bbox 1011 652 1059 736; x_wconf 91' lang='lat' dir='ltr'>qui</span> <span class='ocrx_word' id='word_1_36' title='bbox 1076 653 1206 736; x_wconf 81' lang='lat' dir='ltr'>nuspiam</span> 
     </span>
     <span class='ocr_line' id='line_1_5' title="bbox 57 751 1207 840; baseline 0.001 -22"><span class='ocrx_word' id='word_1_37' title='bbox 57 767 136 819; x_wconf 87' lang='lat' dir='ltr'>esset</span> <span class='ocrx_word' id='word_1_38' title='bbox 153 755 344 839; x_wconf 89' lang='lat' dir='ltr'>inquirerent.</span> <span class='ocrx_word' id='word_1_39' title='bbox 391 752 457 817; x_wconf 84' lang='lat' dir='ltr'>Hoc</span> <span class='ocrx_word' id='word_1_40' title='bbox 476 753 565 838; x_wconf 87' lang='lat' dir='ltr'>igitur</span> <span class='ocrx_word' id='word_1_41' title='bbox 583 755 667 817; x_wconf 90' lang='lat' dir='ltr'>modo</span> <span class='ocrx_word' id='word_1_42' title='bbox 687 751 843 818; x_wconf 82' lang='lat' dir='ltr'>Setirianos</span> <span class='ocrx_word' id='word_1_43' title='bbox 865 754 894 816; x_wconf 91' lang='lat' dir='ltr'>in</span> <span class='ocrx_word' id='word_1_44' title='bbox 917 753 1045 816; x_wconf 77' lang='lat' dir='ltr'>fraudem</span> <span class='ocrx_word' id='word_1_45' title='bbox 1068 755 1207 840; x_wconf 86' lang='lat' dir='ltr'>imputsos</span> 
     </span>
    </p>
   </div>
   <div class='ocr_carea' id='block_1_3' title="bbox 53 852 1332 4526">
    <p class='ocr_par' dir='ltr' id='par_1_3' title="bbox 53 852 1207 1453">
     <span class='ocr_line' id='line_1_6' title="bbox 57 852 1207 942; baseline -0.001 -21"><span class='ocrx_word' id='word_1_46' title='bbox 57 879 125 922; x_wconf 91' lang='lat' dir='ltr'>esse</span> <span class='ocrx_word' id='word_1_47' title='bbox 139 858 329 942; x_wconf 74' lang='lat' dir='ltr'><strong>undequaque</strong></span> <span class='ocrx_word' id='word_1_48' title='bbox 345 856 500 920; x_wconf 75' lang='lat' dir='ltr'>constabit.</span> <span class='ocrx_word' id='word_1_49' title='bbox 535 852 683 940; x_wconf 85' lang='lat' dir='ltr'><strong>Siquidem</strong></span> <span class='ocrx_word' id='word_1_50' title='bbox 699 853 807 919; x_wconf 90' lang='lat' dir='ltr'>Setbus</span> <span class='ocrx_word' id='word_1_51' title='bbox 824 855 890 918; x_wconf 86' lang='lat' dir='ltr'>olim</span> <span class='ocrx_word' id='word_1_52' title='bbox 906 868 1037 919; x_wconf 76' lang='lat' dir='ltr'>morlonis</span> <span class='ocrx_word' id='word_1_53' title='bbox 1052 866 1108 934; x_wconf 89' lang='lat' dir='ltr'>est,</span> <span class='ocrx_word' id='word_1_54' title='bbox 1125 869 1207 921; x_wconf 87' lang='lat' dir='ltr'>sunt·</span> 
     </span>
     <span class='ocr_line' id='line_1_7' title="bbox 57 955 1206 1046; baseline 0 -23"><span class='ocrx_word' id='word_1_55' title='bbox 57 983 113 1046; x_wconf 92' lang='lat' dir='ltr'>que</span> <span class='ocrx_word' id='word_1_56' title='bbox 129 962 192 1024; x_wconf 90' lang='lat' dir='ltr'>eius</span> <span class='ocrx_word' id='word_1_57' title='bbox 207 960 311 1023; x_wconf 88' lang='lat' dir='ltr'>aetatis</span> <span class='ocrx_word' id='word_1_58' title='bbox 327 960 393 1022; x_wconf 91' lang='lat' dir='ltr'>anni</span> <span class='ocrx_word' id='word_1_59' title='bbox 411 957 576 1043; x_wconf 74' lang='lat' dir='ltr'>perscripti.</span> <span class='ocrx_word' id='word_1_60' title='bbox 621 955 698 1020; x_wconf 90' lang='lat' dir='ltr'>Nam</span> <span class='ocrx_word' id='word_1_61' title='bbox 713 979 779 1020; x_wconf 92' lang='lat' dir='ltr'>cum</span> <span class='ocrx_word' id='word_1_62' title='bbox 792 979 884 1020; x_wconf 90' lang='lat' dir='ltr'>annos</span> <span class='ocrx_word' id='word_1_63' title='bbox 903 957 1028 1020; x_wconf 83' lang='lat' dir='ltr'>vixisset</span> <span class='ocrx_word' id='word_1_64' title='bbox 1042 955 1102 1020; x_wconf 91' lang='grc' dir='ltr'>ΧΙΙ</span> <span class='ocrx_word' id='word_1_65' title='bbox 1118 981 1206 1044; x_wconf 87' lang='lat' dir='ltr'>snpra</span> 
     </span>
     <span class='ocr_line' id='line_1_8' title="bbox 56 1058 1206 1142; baseline -0.002 -16"><span class='ocrx_word' id='word_1_66' title='bbox 56 1058 215 1140; x_wconf 86' lang='lat' dir='ltr'>DCCCC,</span> <span class='ocrx_word' id='word_1_67' title='bbox 248 1081 288 1124; x_wconf 81' lang='lat' dir='ltr'>ex</span> <span class='ocrx_word' id='word_1_68' title='bbox 306 1061 359 1124; x_wconf 90' lang='lat' dir='ltr'>bac</span> <span class='ocrx_word' id='word_1_69' title='bbox 378 1059 437 1125; x_wconf 90' lang='lat' dir='ltr'>rita</span> <span class='ocrx_word' id='word_1_70' title='bbox 456 1059 608 1137; x_wconf 83' lang='lat' dir='ltr'>discessit,</span> <span class='ocrx_word' id='word_1_71' title='bbox 639 1059 686 1123; x_wconf 92' lang='lat' dir='ltr'>ubi</span> <span class='ocrx_word' id='word_1_72' title='bbox 703 1079 794 1122; x_wconf 77' lang='lat' dir='ltr'>sexus</span> <span class='ocrx_word' id='word_1_73' title='bbox 811 1059 960 1142; x_wconf 89' lang='lat' dir='ltr'>utriusque</span> <span class='ocrx_word' id='word_1_74' title='bbox 979 1059 1087 1123; x_wconf 85' lang='lat' dir='ltr'>liberos</span> <span class='ocrx_word' id='word_1_75' title='bbox 1106 1083 1206 1125; x_wconf 91' lang='lat' dir='ltr'>susce·</span> 
     </span>
     <span class='ocr_line' id='line_1_9' title="bbox 55 1159 1207 1251; baseline -0.002 -23"><span class='ocrx_word' id='word_1_76' title='bbox 55 1167 115 1251; x_wconf 91' lang='lat' dir='ltr'>pit,</span> <span class='ocrx_word' id='word_1_77' title='bbox 139 1175 168 1228; x_wconf 92' lang='lat' dir='ltr'>ut</span> <span class='ocrx_word' id='word_1_78' title='bbox 185 1163 291 1227; x_wconf 85' lang='lat' dir='ltr'>diuinis</span> <span class='ocrx_word' id='word_1_79' title='bbox 309 1163 402 1226; x_wconf 88' lang='lat' dir='ltr'>literis</span> <span class='ocrx_word' id='word_1_80' title='bbox 419 1161 562 1248; x_wconf 89' lang='lat' dir='ltr'>proditum</span> <span class='ocrx_word' id='word_1_81' title='bbox 579 1173 635 1224; x_wconf 92' lang='lat' dir='ltr'>est.</span> <span class='ocrx_word' id='word_1_82' title='bbox 682 1159 832 1226; x_wconf 79' lang='lat' dir='ltr'>Successit</span> <span class='ocrx_word' id='word_1_83' title='bbox 849 1161 922 1246; x_wconf 86' lang='lat' dir='ltr'>patri</span> <span class='ocrx_word' id='word_1_84' title='bbox 938 1162 1029 1240; x_wconf 83' lang='lat' dir='ltr'>titius,</span> <span class='ocrx_word' id='word_1_85' title='bbox 1055 1161 1136 1226; x_wconf 86' lang='lat' dir='ltr'>Eoos</span> <span class='ocrx_word' id='word_1_86' title='bbox 1154 1184 1207 1226; x_wconf 91' lang='lat' dir='ltr'>no·</span> 
     </span>
     <span class='ocr_line' id='line_1_10' title="bbox 54 1259 1207 1350; baseline -0.002 -20"><span class='ocrx_word' id='word_1_87' title='bbox 54 1269 149 1344; x_wconf 77' lang='lat' dir='ltr'>utine,</span> <span class='ocrx_word' id='word_1_88' title='bbox 174 1266 220 1350; x_wconf 93' lang='lat' dir='ltr'>qui</span> <span class='ocrx_word' id='word_1_89' title='bbox 239 1286 332 1328; x_wconf 87' lang='lat' dir='ltr'>anuos</span> <span class='ocrx_word' id='word_1_90' title='bbox 349 1264 425 1328; x_wconf 83' lang='lat' dir='ltr'>vixit</span> <span class='ocrx_word' id='word_1_91' title='bbox 442 1259 629 1341; x_wconf 75' lang='lat' dir='ltr'>dccccv,</span> <span class='ocrx_word' id='word_1_92' title='bbox 653 1275 682 1326; x_wconf 90' lang='lat' dir='ltr'>et</span> <span class='ocrx_word' id='word_1_93' title='bbox 700 1264 779 1349; x_wconf 87' lang='lat' dir='ltr'>prole</span> <span class='ocrx_word' id='word_1_94' title='bbox 797 1285 889 1327; x_wconf 83' lang='lat' dir='ltr'>senus</span> <span class='ocrx_word' id='word_1_95' title='bbox 907 1264 1057 1349; x_wconf 87' lang='lat' dir='ltr'>utriusque</span> <span class='ocrx_word' id='word_1_96' title='bbox 1073 1265 1207 1329; x_wconf 84' lang='lat' dir='ltr'>similiter</span> 
     </span>
     <span class='ocr_line' id='line_1_11' title="bbox 53 1365 1204 1453; baseline -0.001 -21"><span class='ocrx_word' id='word_1_97' title='bbox 53 1381 157 1434; x_wconf 89' lang='lat' dir='ltr'>auctus</span> <span class='ocrx_word' id='word_1_98' title='bbox 173 1368 290 1433; x_wconf 82' lang='lat' dir='ltr'>vivendi</span> <span class='ocrx_word' id='word_1_99' title='bbox 306 1369 390 1430; x_wconf 91' lang='lat' dir='ltr'>tinem</span> <span class='ocrx_word' id='word_1_100' title='bbox 408 1367 495 1446; x_wconf 70' lang='lat' dir='ltr'>secitq</span> <span class='ocrx_word' id='word_1_101' title='bbox 519 1378 552 1430; x_wconf 91' lang='lat' dir='ltr'>ut</span> <span class='ocrx_word' id='word_1_102' title='bbox 569 1367 668 1430; x_wconf 92' lang='lat' dir='ltr'>eadem</span> <span class='ocrx_word' id='word_1_103' title='bbox 687 1366 736 1430; x_wconf 87' lang='lat' dir='ltr'>itta</span> <span class='ocrx_word' id='word_1_104' title='bbox 753 1365 906 1430; x_wconf 87' lang='lat' dir='ltr'>verissima</span> <span class='ocrx_word' id='word_1_105' title='bbox 924 1368 1032 1453; x_wconf 89' lang='lat' dir='ltr'>scripta</span> <span class='ocrx_word' id='word_1_106' title='bbox 1049 1377 1204 1431; x_wconf 78' lang='lat' dir='ltr'>testantur.</span> 
     </span>
    </p>

    <p class='ocr_par' dir='ltr' id='par_1_4' title="bbox 54 1466 1332 2886">
     <span class='ocr_line' id='line_1_12' title="bbox 141 1466 1332 1555; baseline 0 -21"><span class='ocrx_word' id='word_1_107' title='bbox 141 1469 292 1555; x_wconf 81' lang='lat' dir='ltr'>Quaenam</span> <span class='ocrx_word' id='word_1_108' title='bbox 310 1490 382 1552; x_wconf 91' lang='lat' dir='ltr'>ergo</span> <span class='ocrx_word' id='word_1_109' title='bbox 399 1469 474 1532; x_wconf 91' lang='lat' dir='ltr'>ratio</span> <span class='ocrx_word' id='word_1_110' title='bbox 493 1469 601 1555; x_wconf 90' lang='lat' dir='ltr'>patitur</span> <span class='ocrx_word' id='word_1_111' title='bbox 618 1466 738 1533; x_wconf 89' lang='lat' dir='ltr'>Setbum</span> <span class='ocrx_word' id='word_1_112' title='bbox 757 1469 861 1546; x_wconf 92' lang='lat' dir='ltr'>istum,</span> <span class='ocrx_word' id='word_1_113' title='bbox 893 1469 987 1553; x_wconf 90' lang='lat' dir='ltr'>quiet</span> <span class='ocrx_word' id='word_1_114' title='bbox 1006 1469 1055 1532; x_wconf 88' lang='lat' dir='ltr'>itio</span> <span class='ocrx_word' id='word_1_115' title='bbox 1074 1481 1204 1555; x_wconf 87' lang='lat' dir='ltr'>tempore</span> <span class='ocrx_word' id='word_1_116' title='bbox 1223 1479 1283 1549; x_wconf 76' lang='lat' dir='ltr'>cip.</span> <span class='ocrx_word' id='word_1_117' title='bbox 1298 1481 1332 1534; x_wconf 76' lang='lat' dir='ltr'>X</span> 
     </span>
     <span class='ocr_line' id='line_1_13' title="bbox 55 1571 1206 1657; baseline -0.003 -19"><span class='ocrx_word' id='word_1_118' title='bbox 55 1585 188 1638; x_wconf 87' lang='lat' dir='ltr'>mortuus</span> <span class='ocrx_word' id='word_1_119' title='bbox 210 1583 256 1636; x_wconf 88' lang='lat' dir='ltr'>est</span> <span class='ocrx_word' id='word_1_120' title='bbox 279 1583 308 1636; x_wconf 92' lang='lat' dir='ltr'>et</span> <span class='ocrx_word' id='word_1_121' title='bbox 329 1572 403 1635; x_wconf 82' lang='lat' dir='ltr'>titios</span> <span class='ocrx_word' id='word_1_122' title='bbox 424 1571 557 1656; x_wconf 85' lang='lat' dir='ltr'>reliquit,</span> <span class='ocrx_word' id='word_1_123' title='bbox 590 1572 637 1655; x_wconf 92' lang='lat' dir='ltr'>qui</span> <span class='ocrx_word' id='word_1_124' title='bbox 658 1593 741 1636; x_wconf 90' lang='lat' dir='ltr'>suum</span> <span class='ocrx_word' id='word_1_125' title='bbox 762 1591 876 1655; x_wconf 92' lang='lat' dir='ltr'>quoquc</span> <span class='ocrx_word' id='word_1_126' title='bbox 896 1571 974 1634; x_wconf 92' lang='lat' dir='ltr'>vitae</span> <span class='ocrx_word' id='word_1_127' title='bbox 995 1583 1108 1657; x_wconf 87' lang='lat' dir='ltr'>tempus</span> <span class='ocrx_word' id='word_1_128' title='bbox 1126 1573 1206 1636; x_wconf 92' lang='lat' dir='ltr'>obie-</span> 
     </span>
     <span class='ocr_line' id='line_1_14' title="bbox 54 1661 1206 1760; baseline -0.002 -20"><span class='ocrx_word' id='word_1_129' title='bbox 54 1687 141 1754; x_wconf 90' lang='lat' dir='ltr'>runt,</span> <span class='ocrx_word' id='word_1_130' title='bbox 165 1672 314 1739; x_wconf 85' lang='lat' dir='ltr'>Christum</span> <span class='ocrx_word' id='word_1_131' title='bbox 331 1694 399 1737; x_wconf 90' lang='lat' dir='ltr'>esse</span> <span class='ocrx_word' id='word_1_132' title='bbox 417 1674 580 1751; x_wconf 93' lang='lat' dir='ltr'>dominum,</span> <span class='ocrx_word' id='word_1_133' title='bbox 613 1675 660 1759; x_wconf 92' lang='lat' dir='ltr'>qni</span> <span class='ocrx_word' id='word_1_134' title='bbox 679 1673 943 1760; x_wconf 88' lang='lat' dir='ltr'>repraesentandae</span> <span class='ocrx_word' id='word_1_135' title='bbox 963 1661 1108 1737; x_wconf 90' lang='lat' dir='ltr'>bominum</span> <span class='ocrx_word' id='word_1_136' title='bbox 1128 1675 1206 1738; x_wconf 91' lang='lat' dir='ltr'>vitae</span> 
     </span>
     <span class='ocr_line' id='line_1_15' title="bbox 55 1773 1206 1861; baseline -0.002 -19"><span class='ocrx_word' id='word_1_137' title='bbox 55 1801 90 1842; x_wconf 90' lang='lat' dir='ltr'>ae</span> <span class='ocrx_word' id='word_1_138' title='bbox 107 1777 210 1842; x_wconf 87' lang='lat' dir='ltr'>salutis</span> <span class='ocrx_word' id='word_1_139' title='bbox 226 1778 371 1841; x_wconf 91' lang='lat' dir='ltr'>desiderio</span> <span class='ocrx_word' id='word_1_140' title='bbox 389 1777 424 1840; x_wconf 92' lang='lat' dir='ltr'>de</span> <span class='ocrx_word' id='word_1_141' title='bbox 440 1777 554 1861; x_wconf 90' lang='lat' dir='ltr'>virgine</span> <span class='ocrx_word' id='word_1_142' title='bbox 570 1779 608 1839; x_wconf 88' lang='lat' dir='ltr'>sit</span> <span class='ocrx_word' id='word_1_143' title='bbox 623 1773 721 1840; x_wconf 86' lang='lat' dir='ltr'>Maria</span> <span class='ocrx_word' id='word_1_144' title='bbox 737 1785 840 1853; x_wconf 87' lang='lat' dir='ltr'>natus,</span> <span class='ocrx_word' id='word_1_145' title='bbox 863 1797 927 1838; x_wconf 89' lang='lat' dir='ltr'>cum</span> <span class='ocrx_word' id='word_1_146' title='bbox 943 1776 1018 1838; x_wconf 90' lang='lat' dir='ltr'>idem</span> <span class='ocrx_word' id='word_1_147' title='bbox 1033 1791 1101 1840; x_wconf 75' lang='lat' dir='ltr'>arcte</span> <span class='ocrx_word' id='word_1_148' title='bbox 1120 1797 1206 1840; x_wconf 90' lang='lat' dir='ltr'>omne</span> 
     </span>
     <span class='ocr_line' id='line_1_16' title="bbox 55 1878 1204 1966; baseline -0.003 -21"><span class='ocrx_word' id='word_1_149' title='bbox 55 1895 171 1966; x_wconf 88' lang='lat' dir='ltr'>tempus</span> <span class='ocrx_word' id='word_1_150' title='bbox 185 1889 265 1944; x_wconf 89' lang='lat' dir='ltr'>esset</span> <span class='ocrx_word' id='word_1_151' title='bbox 280 1901 296 1942; x_wconf 92' lang='lat' dir='ltr'>a</span> <span class='ocrx_word' id='word_1_152' title='bbox 312 1891 394 1965; x_wconf 92' lang='lat' dir='ltr'>patre</span> <span class='ocrx_word' id='word_1_153' title='bbox 411 1880 539 1964; x_wconf 85' lang='lat' dir='ltr'>genitus,</span> <span class='ocrx_word' id='word_1_154' title='bbox 563 1880 636 1964; x_wconf 87' lang='lat' dir='ltr'>apud</span> <span class='ocrx_word' id='word_1_155' title='bbox 652 1899 734 1962; x_wconf 93' lang='lat' dir='ltr'>quem</span> <span class='ocrx_word' id='word_1_156' title='bbox 752 1887 891 1962; x_wconf 88' lang='lat' dir='ltr'>perpetuo</span> <span class='ocrx_word' id='word_1_157' title='bbox 909 1891 1017 1957; x_wconf 89' lang='lat' dir='ltr'>manet,</span> <span class='ocrx_word' id='word_1_158' title='bbox 1042 1878 1112 1941; x_wconf 90' lang='lat' dir='ltr'>dens</span> <span class='ocrx_word' id='word_1_159' title='bbox 1130 1881 1204 1964; x_wconf 89' lang='lat' dir='ltr'>ipse,</span> 
     </span>
     <span class='ocr_line' id='line_1_17' title="bbox 55 1978 1204 2067; baseline -0.003 -20"><span class='ocrx_word' id='word_1_160' title='bbox 55 1983 247 2066; x_wconf 87' lang='lat' dir='ltr'>Verbumque</span> <span class='ocrx_word' id='word_1_161' title='bbox 265 1983 447 2046; x_wconf 77' lang='lat' dir='ltr'>subsistens?</span> <span class='ocrx_word' id='word_1_162' title='bbox 477 1978 534 2064; x_wconf 81' lang='lat' dir='ltr'>Qui</span> <span class='ocrx_word' id='word_1_163' title='bbox 552 1981 707 2067; x_wconf 86' lang='lat' dir='ltr'>postremis</span> <span class='ocrx_word' id='word_1_164' title='bbox 723 1980 901 2065; x_wconf 86' lang='lat' dir='ltr'>temporibus</span> <span class='ocrx_word' id='word_1_165' title='bbox 916 1981 1040 2043; x_wconf 84' lang='lat' dir='ltr'>venitin</span> <span class='ocrx_word' id='word_1_166' title='bbox 1056 1982 1204 2060; x_wconf 91' lang='lat' dir='ltr'>mnndum,</span> 
     </span>
     <span class='ocr_line' id='line_1_18' title="bbox 56 2083 1204 2168; baseline -0.003 -18"><span class='ocrx_word' id='word_1_167' title='bbox 56 2098 86 2150; x_wconf 88' lang='lat' dir='ltr'>et</span> <span class='ocrx_word' id='word_1_168' title='bbox 108 2107 149 2148; x_wconf 86' lang='lat' dir='ltr'>ex</span> <span class='ocrx_word' id='word_1_169' title='bbox 172 2085 295 2168; x_wconf 79' lang='lat' dir='ltr'>virginis</span> <span class='ocrx_word' id='word_1_170' title='bbox 317 2085 419 2147; x_wconf 88' lang='lat' dir='ltr'>matris</span> <span class='ocrx_word' id='word_1_171' title='bbox 441 2096 525 2148; x_wconf 94' lang='lat' dir='ltr'>utero</span> <span class='ocrx_word' id='word_1_172' title='bbox 544 2085 635 2148; x_wconf 90' lang='lat' dir='ltr'>efficta</span> <span class='ocrx_word' id='word_1_173' title='bbox 657 2083 711 2146; x_wconf 89' lang='lat' dir='ltr'>sibi</span> <span class='ocrx_word' id='word_1_174' title='bbox 733 2103 821 2146; x_wconf 90' lang='lat' dir='ltr'>carne</span> <span class='ocrx_word' id='word_1_175' title='bbox 843 2093 929 2167; x_wconf 89' lang='lat' dir='ltr'>atque</span> <span class='ocrx_word' id='word_1_176' title='bbox 948 2083 1122 2146; x_wconf 76' lang='lat' dir='ltr'>circumfusa</span> <span class='ocrx_word' id='word_1_177' title='bbox 1146 2095 1204 2148; x_wconf 90' lang='lat' dir='ltr'>tum</span> 
     </span>
     <span class='ocr_line' id='line_1_19' title="bbox 55 2186 1204 2274; baseline -0.002 -22"><span class='ocrx_word' id='word_1_178' title='bbox 55 2199 205 2274; x_wconf 90' lang='lat' dir='ltr'>assumpta</span> <span class='ocrx_word' id='word_1_179' title='bbox 227 2186 313 2250; x_wconf 86' lang='lat' dir='ltr'>simul</span> <span class='ocrx_word' id='word_1_180' title='bbox 334 2186 430 2249; x_wconf 85' lang='lat' dir='ltr'>anima</span> <span class='ocrx_word' id='word_1_181' title='bbox 452 2186 580 2249; x_wconf 91' lang='lat' dir='ltr'>numeris</span> <span class='ocrx_word' id='word_1_182' title='bbox 604 2186 736 2250; x_wconf 91' lang='lat' dir='ltr'>omuibus</span> <span class='ocrx_word' id='word_1_183' title='bbox 757 2187 906 2249; x_wconf 90' lang='lat' dir='ltr'>absolutus</span> <span class='ocrx_word' id='word_1_184' title='bbox 929 2186 1013 2249; x_wconf 93' lang='lat' dir='ltr'>bomo</span> <span class='ocrx_word' id='word_1_185' title='bbox 1036 2189 1128 2250; x_wconf 88' lang='lat' dir='ltr'>tactus</span> <span class='ocrx_word' id='word_1_186' title='bbox 1147 2197 1204 2266; x_wconf 92' lang='lat' dir='ltr'>est,</span> 
     </span>
     <span class='ocr_line' id='line_1_20' title="bbox 56 2288 1206 2376; baseline -0.003 -22"><span class='ocrx_word' id='word_1_187' title='bbox 56 2302 161 2376; x_wconf 90' lang='lat' dir='ltr'>postea</span> <span class='ocrx_word' id='word_1_188' title='bbox 183 2310 256 2353; x_wconf 89' lang='lat' dir='ltr'>vcro</span> <span class='ocrx_word' id='word_1_189' title='bbox 283 2307 366 2372; x_wconf 89' lang='lat' dir='ltr'>quam</span> <span class='ocrx_word' id='word_1_190' title='bbox 393 2289 471 2352; x_wconf 85' lang='lat' dir='ltr'>ritae</span> <span class='ocrx_word' id='word_1_191' title='bbox 497 2288 580 2352; x_wconf 85' lang='lat' dir='ltr'>nobis</span> <span class='ocrx_word' id='word_1_192' title='bbox 605 2288 746 2372; x_wconf 87' lang='lat' dir='ltr'>mysteria</span> <span class='ocrx_word' id='word_1_193' title='bbox 773 2289 986 2373; x_wconf 74' lang='lat' dir='ltr'>praedicasset,</span> <span class='ocrx_word' id='word_1_194' title='bbox 1021 2289 1149 2352; x_wconf 91' lang='lat' dir='ltr'>iustitiae</span> <span class='ocrx_word' id='word_1_195' title='bbox 1176 2289 1206 2351; x_wconf 93' lang='lat' dir='ltr'>in</span> 
     </span>
     <span class='ocr_line' id='line_1_21' title="bbox 56 2389 1206 2478; baseline 0 -22"><span class='ocrx_word' id='word_1_196' title='bbox 56 2393 172 2478; x_wconf 89' lang='lat' dir='ltr'>agendo</span> <span class='ocrx_word' id='word_1_197' title='bbox 186 2391 313 2455; x_wconf 84' lang='lat' dir='ltr'>cultores</span> <span class='ocrx_word' id='word_1_198' title='bbox 330 2390 487 2476; x_wconf 83' lang='lat' dir='ltr'>discipulos</span> <span class='ocrx_word' id='word_1_199' title='bbox 504 2389 671 2468; x_wconf 90' lang='lat' dir='ltr'>constitnit,</span> <span class='ocrx_word' id='word_1_200' title='bbox 697 2412 732 2453; x_wconf 93' lang='lat' dir='ltr'>ac</span> <span class='ocrx_word' id='word_1_201' title='bbox 748 2401 806 2453; x_wconf 93' lang='lat' dir='ltr'>tum</span> <span class='ocrx_word' id='word_1_202' title='bbox 822 2411 971 2476; x_wconf 80' lang='lat' dir='ltr'>praeese,</span> <span class='ocrx_word' id='word_1_203' title='bbox 997 2402 1056 2454; x_wconf 91' lang='lat' dir='ltr'>tum</span> <span class='ocrx_word' id='word_1_204' title='bbox 1074 2412 1126 2476; x_wconf 92' lang='lat' dir='ltr'>per</span> <span class='ocrx_word' id='word_1_205' title='bbox 1140 2389 1206 2456; x_wconf 85' lang='lat' dir='ltr'>ilios</span> 
     </span>
     <span class='ocr_line' id='line_1_22' title="bbox 57 2492 1270 2579; baseline -0.002 -21"><span class='ocrx_word' id='word_1_206' title='bbox 57 2495 214 2560; x_wconf 85' lang='lat' dir='ltr'>humanum</span> <span class='ocrx_word' id='word_1_207' title='bbox 233 2514 327 2576; x_wconf 87' lang='lat' dir='ltr'>genus</span> <span class='ocrx_word' id='word_1_208' title='bbox 346 2492 514 2578; x_wconf 87' lang='lat' dir='ltr'>disciptinae</span> <span class='ocrx_word' id='word_1_209' title='bbox 533 2513 605 2556; x_wconf 90' lang='lat' dir='ltr'>suae</span> <span class='ocrx_word' id='word_1_210' title='bbox 624 2493 805 2556; x_wconf 81' lang='lat' dir='ltr'>documentis</span> <span class='ocrx_word' id='word_1_211' title='bbox 822 2494 938 2557; x_wconf 89' lang='lat' dir='ltr'>erudiit.</span> <span class='ocrx_word' id='word_1_212' title='bbox 983 2493 1089 2579; x_wconf 88' lang='lat' dir='ltr'>Neque</span> <span class='ocrx_word' id='word_1_213' title='bbox 1109 2505 1205 2556; x_wconf 93' lang='lat' dir='ltr'>tamen</span> <span class='ocrx_word' id='word_1_214' title='bbox 1268 2519 1270 2522; x_wconf 93' lang='lat'>·</span> 
     </span>
     <span class='ocr_line' id='line_1_23' title="bbox 57 2592 1206 2682; baseline -0.002 -22"><span class='ocrx_word' id='word_1_215' title='bbox 57 2608 106 2660; x_wconf 92' lang='lat' dir='ltr'>aut</span> <span class='ocrx_word' id='word_1_216' title='bbox 123 2594 331 2661; x_wconf 87' lang='lat' dir='ltr'>Setbianorum</span> <span class='ocrx_word' id='word_1_217' title='bbox 349 2595 398 2659; x_wconf 89' lang='lat' dir='ltr'>itta</span> <span class='ocrx_word' id='word_1_218' title='bbox 414 2598 548 2682; x_wconf 86' lang='lat' dir='ltr'>dogmata</span> <span class='ocrx_word' id='word_1_219' title='bbox 564 2595 696 2674; x_wconf 86' lang='lat' dir='ltr'>tradidit,</span> <span class='ocrx_word' id='word_1_220' title='bbox 721 2605 770 2658; x_wconf 93' lang='lat' dir='ltr'>aut</span> <span class='ocrx_word' id='word_1_221' title='bbox 787 2595 912 2681; x_wconf 90' lang='lat' dir='ltr'>sibiipsi</span> <span class='ocrx_word' id='word_1_222' title='bbox 930 2592 1014 2660; x_wconf 91' lang='lat' dir='ltr'>Setbi</span> <span class='ocrx_word' id='word_1_223' title='bbox 1029 2617 1133 2659; x_wconf 86' lang='lat' dir='ltr'>ttamen</span> <span class='ocrx_word' id='word_1_224' title='bbox 1152 2595 1206 2658; x_wconf 92' lang='lat' dir='ltr'>im-</span> 
     </span>
     <span class='ocr_line' id='line_1_24' title="bbox 57 2697 1206 2786; baseline 0 -24"><span class='ocrx_word' id='word_1_225' title='bbox 57 2699 174 2786; x_wconf 85' lang='lat' dir='ltr'>posuit;</span> <span class='ocrx_word' id='word_1_226' title='bbox 195 2698 223 2762; x_wconf 95' lang='lat' dir='ltr'>id</span> <span class='ocrx_word' id='word_1_227' title='bbox 240 2699 315 2782; x_wconf 92' lang='lat' dir='ltr'>quod</span> <span class='ocrx_word' id='word_1_228' title='bbox 333 2699 445 2762; x_wconf 81' lang='lat' dir='ltr'>stream</span> <span class='ocrx_word' id='word_1_229' title='bbox 464 2697 505 2762; x_wconf 88' lang='lat' dir='ltr'>itti</span> <span class='ocrx_word' id='word_1_230' title='bbox 522 2708 699 2782; x_wconf 80' lang='lat' dir='ltr'>nugatores,</span> <span class='ocrx_word' id='word_1_231' title='bbox 723 2717 757 2760; x_wconf 87' lang='lat' dir='ltr'>ac</span> <span class='ocrx_word' id='word_1_232' title='bbox 775 2697 856 2762; x_wconf 85' lang='lat' dir='ltr'>vetut</span> <span class='ocrx_word' id='word_1_233' title='bbox 870 2698 960 2777; x_wconf 90' lang='lat' dir='ltr'>ebrii,</span> <span class='ocrx_word' id='word_1_234' title='bbox 984 2698 1206 2763; x_wconf 80' lang='lat' dir='ltr'>merrttacissimc</span> 
     </span>
     <span class='ocr_line' id='line_1_25' title="bbox 57 2801 239 2886; baseline -0.016 -20"><span class='ocrx_word' id='word_1_235' title='bbox 57 2801 239 2886; x_wconf 88' lang='lat' dir='ltr'>praedicant.</span> 
     </span>
    </p>

    <p class='ocr_par' dir='ltr' id='par_1_5' title="bbox 57 2902 1209 4526">
     <span class='ocr_line' id='line_1_26' title="bbox 144 2902 1208 2989; baseline 0.001 -23"><span class='ocrx_word' id='word_1_236' title='bbox 144 2902 255 2968; x_wconf 87' lang='lat' dir='ltr'>Verum</span> <span class='ocrx_word' id='word_1_237' title='bbox 275 2925 339 2967; x_wconf 91' lang='lat' dir='ltr'>oum</span> <span class='ocrx_word' id='word_1_238' title='bbox 357 2904 443 2967; x_wconf 90' lang='lat' dir='ltr'>bodie</span> <span class='ocrx_word' id='word_1_239' title='bbox 460 2923 601 2967; x_wconf 89' lang='lat' dir='ltr'>summam</span> <span class='ocrx_word' id='word_1_240' title='bbox 620 2903 654 2966; x_wconf 91' lang='lat' dir='ltr'>ad</span> <span class='ocrx_word' id='word_1_241' title='bbox 673 2903 847 2989; x_wconf 87' lang='lat' dir='ltr'>paucitatem</span> <span class='ocrx_word' id='word_1_242' title='bbox 866 2903 996 2967; x_wconf 85' lang='lat' dir='ltr'>haeresis</span> <span class='ocrx_word' id='word_1_243' title='bbox 1014 2903 1070 2966; x_wconf 89' lang='lat' dir='ltr'>ista</span> <span class='ocrx_word' id='word_1_244' title='bbox 1088 2903 1208 2967; x_wconf 89' lang='lat' dir='ltr'>redacta</span> 
     </span>
     <span class='ocr_line' id='line_1_27' title="bbox 57 3005 1207 3091; baseline -0.003 -20"><span class='ocrx_word' id='word_1_245' title='bbox 57 3009 110 3087; x_wconf 89' lang='lat' dir='ltr'>sit,</span> <span class='ocrx_word' id='word_1_246' title='bbox 135 3027 196 3070; x_wconf 91' lang='lat' dir='ltr'>non</span> <span class='ocrx_word' id='word_1_247' title='bbox 215 3027 337 3070; x_wconf 89' lang='lat' dir='ltr'>necesse</span> <span class='ocrx_word' id='word_1_248' title='bbox 355 3007 440 3070; x_wconf 90' lang='lat' dir='ltr'>habui</span> <span class='ocrx_word' id='word_1_249' title='bbox 458 3005 586 3070; x_wconf 88' lang='lat' dir='ltr'>uberiori</span> <span class='ocrx_word' id='word_1_250' title='bbox 604 3005 679 3068; x_wconf 86' lang='lat' dir='ltr'>itiam</span> <span class='ocrx_word' id='word_1_251' title='bbox 699 3009 832 3068; x_wconf 88' lang='lat' dir='ltr'>oratioue</span> <span class='ocrx_word' id='word_1_252' title='bbox 851 3005 1003 3086; x_wconf 80' lang='lat' dir='ltr'>retettere3</span> <span class='ocrx_word' id='word_1_253' title='bbox 1028 3005 1207 3091; x_wconf 88' lang='lat' dir='ltr'>proindeque</span> 
     </span>
     <span class='ocr_line' id='line_1_28' title="bbox 58 3104 1207 3194; baseline -0.003 -20"><span class='ocrx_word' id='word_1_254' title='bbox 58 3131 131 3194; x_wconf 92' lang='lat' dir='ltr'>quae</span> <span class='ocrx_word' id='word_1_255' title='bbox 150 3111 291 3172; x_wconf 87' lang='lat' dir='ltr'>haetenus</span> <span class='ocrx_word' id='word_1_256' title='bbox 305 3118 373 3171; x_wconf 88' lang='lat' dir='ltr'>sunt</span> <span class='ocrx_word' id='word_1_257' title='bbox 386 3109 461 3171; x_wconf 92' lang='lat' dir='ltr'>dicto</span> <span class='ocrx_word' id='word_1_258' title='bbox 476 3108 628 3172; x_wconf 87' lang='lat' dir='ltr'>sufficiant.</span> <span class='ocrx_word' id='word_1_259' title='bbox 667 3104 845 3171; x_wconf 87' lang='lat' dir='ltr'>Praesertim</span> <span class='ocrx_word' id='word_1_260' title='bbox 861 3109 935 3192; x_wconf 93' lang='lat' dir='ltr'>quod</span> <span class='ocrx_word' id='word_1_261' title='bbox 951 3108 1064 3171; x_wconf 84' lang='lat' dir='ltr'>illorum</span> <span class='ocrx_word' id='word_1_262' title='bbox 1081 3107 1207 3172; x_wconf 89' lang='lat' dir='ltr'>umentia</span> 
     </span>
     <span class='ocr_line' id='line_1_29' title="bbox 59 3209 1207 3298; baseline -0.002 -22"><span class='ocrx_word' id='word_1_263' title='bbox 59 3209 223 3298; x_wconf 85' lang='lat' dir='ltr'>expugnari</span> <span class='ocrx_word' id='word_1_264' title='bbox 241 3209 324 3273; x_wconf 84' lang='lat' dir='ltr'>tacite</span> <span class='ocrx_word' id='word_1_265' title='bbox 341 3220 454 3296; x_wconf 88' lang='lat' dir='ltr'>potest,</span> <span class='ocrx_word' id='word_1_266' title='bbox 478 3231 569 3294; x_wconf 91' lang='lat' dir='ltr'>seque</span> <span class='ocrx_word' id='word_1_267' title='bbox 585 3212 658 3273; x_wconf 91' lang='lat' dir='ltr'>odeo</span> <span class='ocrx_word' id='word_1_268' title='bbox 673 3210 764 3295; x_wconf 86' lang='lat' dir='ltr'>ipsam</span> <span class='ocrx_word' id='word_1_269' title='bbox 782 3210 930 3274; x_wconf 81' lang='lat' dir='ltr'>convincit</span> <span class='ocrx_word' id='word_1_270' title='bbox 946 3232 980 3273; x_wconf 88' lang='lat' dir='ltr'>ac</span> <span class='ocrx_word' id='word_1_271' title='bbox 999 3210 1124 3292; x_wconf 81' lang='lat' dir='ltr'>detegit3</span> <span class='ocrx_word' id='word_1_272' title='bbox 1149 3233 1207 3274; x_wconf 92' lang='lat' dir='ltr'>non</span> 
     </span>
     <span class='ocr_line' id='line_1_30' title="bbox 58 3309 1208 3398; baseline -0.002 -20"><span class='ocrx_word' id='word_1_273' title='bbox 58 3316 150 3379; x_wconf 89' lang='lat' dir='ltr'>solum</span> <span class='ocrx_word' id='word_1_274' title='bbox 176 3313 251 3397; x_wconf 92' lang='lat' dir='ltr'>quod</span> <span class='ocrx_word' id='word_1_275' title='bbox 273 3313 308 3378; x_wconf 92' lang='lat' dir='ltr'>ad</span> <span class='ocrx_word' id='word_1_276' title='bbox 329 3313 469 3378; x_wconf 89' lang='lat' dir='ltr'>educendi</span> <span class='ocrx_word' id='word_1_277' title='bbox 486 3309 597 3377; x_wconf 86' lang='lat' dir='ltr'>Christi</span> <span class='ocrx_word' id='word_1_278' title='bbox 620 3313 763 3376; x_wconf 89' lang='lat' dir='ltr'>rationem</span> <span class='ocrx_word' id='word_1_279' title='bbox 782 3312 885 3376; x_wconf 88' lang='lat' dir='ltr'>attinet</span> <span class='ocrx_word' id='word_1_280' title='bbox 902 3312 1156 3398; x_wconf 86' lang='lat' dir='ltr'>pienissimamque</span> <span class='ocrx_word' id='word_1_281' title='bbox 1175 3313 1208 3376; x_wconf 90' lang='lat' dir='ltr'>il-</span> 
     </span>
     <span class='ocr_line' id='line_1_31' title="bbox 58 3411 1208 3500; baseline -0.003 -20"><span class='ocrx_word' id='word_1_282' title='bbox 58 3419 111 3480; x_wconf 90' lang='lat' dir='ltr'>lam</span> <span class='ocrx_word' id='word_1_283' title='bbox 128 3415 294 3481; x_wconf 83' lang='lat' dir='ltr'>calumniae</span> <span class='ocrx_word' id='word_1_284' title='bbox 310 3414 483 3495; x_wconf 85' lang='lat' dir='ltr'>doctrinam,</span> <span class='ocrx_word' id='word_1_285' title='bbox 508 3437 562 3500; x_wconf 90' lang='lat' dir='ltr'>qua</span> <span class='ocrx_word' id='word_1_286' title='bbox 578 3413 699 3479; x_wconf 91' lang='lat' dir='ltr'>Setbum</span> <span class='ocrx_word' id='word_1_287' title='bbox 715 3416 837 3479; x_wconf 88' lang='lat' dir='ltr'>enodem</span> <span class='ocrx_word' id='word_1_288' title='bbox 853 3436 919 3478; x_wconf 90' lang='lat' dir='ltr'>esse</span> <span class='ocrx_word' id='word_1_289' title='bbox 934 3437 998 3478; x_wconf 92' lang='lat' dir='ltr'>cum</span> <span class='ocrx_word' id='word_1_290' title='bbox 1015 3411 1134 3479; x_wconf 86' lang='lat' dir='ltr'>Cbristo</span> <span class='ocrx_word' id='word_1_291' title='bbox 1149 3426 1208 3478; x_wconf 89' lang='lat' dir='ltr'>sta-</span> 
     </span>
     <span class='ocr_line' id='line_1_32' title="bbox 59 3503 1208 3603; baseline 0 -22"><span class='ocrx_word' id='word_1_292' title='bbox 59 3531 141 3584; x_wconf 91' lang='lat' dir='ltr'>tuunt</span> <span class='ocrx_word' id='word_1_293' title='bbox 166 3539 200 3581; x_wconf 86' lang='lat' dir='ltr'>ac</span> <span class='ocrx_word' id='word_1_294' title='bbox 217 3503 450 3603; x_wconf 81' lang='lat' dir='ltr'>pertinacissime</span> <span class='ocrx_word' id='word_1_295' title='bbox 469 3529 603 3596; x_wconf 89' lang='lat' dir='ltr'>tuentur,</span> <span class='ocrx_word' id='word_1_296' title='bbox 633 3539 734 3581; x_wconf 88' lang='lat' dir='ltr'>verum</span> <span class='ocrx_word' id='word_1_297' title='bbox 755 3518 841 3580; x_wconf 88' lang='lat' dir='ltr'>etiam</span> <span class='ocrx_word' id='word_1_298' title='bbox 864 3519 939 3602; x_wconf 94' lang='lat' dir='ltr'>quod</span> <span class='ocrx_word' id='word_1_299' title='bbox 963 3518 998 3580; x_wconf 88' lang='lat' dir='ltr'>de</span> <span class='ocrx_word' id='word_1_300' title='bbox 1017 3518 1129 3582; x_wconf 89' lang='lat' dir='ltr'>duobus</span> <span class='ocrx_word' id='word_1_301' title='bbox 1151 3518 1208 3581; x_wconf 84' lang='lat' dir='ltr'>iltis</span> 
     </span>
     <span class='ocr_line' id='line_1_33' title="bbox 59 3615 1206 3705; baseline -0.002 -22"><span class='ocrx_word' id='word_1_302' title='bbox 59 3621 225 3686; x_wconf 86' lang='lat' dir='ltr'>bominibus</span> <span class='ocrx_word' id='word_1_303' title='bbox 241 3630 425 3683; x_wconf 73' lang='lat' dir='ltr'>asseverant.</span> <span class='ocrx_word' id='word_1_304' title='bbox 470 3617 547 3684; x_wconf 92' lang='lat' dir='ltr'>Nam</span> <span class='ocrx_word' id='word_1_305' title='bbox 562 3621 587 3683; x_wconf 87' lang='lat' dir='ltr'>si</span> <span class='ocrx_word' id='word_1_306' title='bbox 605 3620 811 3700; x_wconf 80' lang='lat' dir='ltr'>montesilice,</span> <span class='ocrx_word' id='word_1_307' title='bbox 835 3641 907 3705; x_wconf 89' lang='lat' dir='ltr'>quas</span> <span class='ocrx_word' id='word_1_308' title='bbox 923 3615 1072 3699; x_wconf 79' lang='grc' dir='ltr'>Δυνάμεις</span> <span class='ocrx_word' id='word_1_309' title='bbox 1088 3631 1206 3701; x_wconf 87' lang='lat' dir='ltr'>vocant,</span> 
     </span>
     <span class='ocr_line' id='line_1_34' title="bbox 60 3722 1207 3809; baseline 0 -23"><span class='ocrx_word' id='word_1_310' title='bbox 60 3724 241 3809; x_wconf 85' lang='lat' dir='ltr'>superiorem</span> <span class='ocrx_word' id='word_1_311' title='bbox 267 3723 390 3808; x_wconf 81' lang='lat' dir='ltr'>aliquam</span> <span class='ocrx_word' id='word_1_312' title='bbox 416 3722 558 3806; x_wconf 83' lang='lat' dir='ltr'>originem</span> <span class='ocrx_word' id='word_1_313' title='bbox 584 3734 763 3806; x_wconf 85' lang='lat' dir='ltr'>agnoscunt,</span> <span class='ocrx_word' id='word_1_314' title='bbox 797 3727 927 3808; x_wconf 86' lang='lat' dir='ltr'>protecto</span> <span class='ocrx_word' id='word_1_315' title='bbox 952 3743 1025 3805; x_wconf 90' lang='lat' dir='ltr'>quae</span> <span class='ocrx_word' id='word_1_316' title='bbox 1056 3743 1072 3784; x_wconf 90' lang='lat' dir='ltr'>a</span> <span class='ocrx_word' id='word_1_317' title='bbox 1098 3723 1207 3787; x_wconf 88' lang='lat' dir='ltr'>duabus</span> 
     </span>
     <span class='ocr_line' id='line_1_35' title="bbox 61 3823 1209 3910; baseline -0.002 -20"><span class='ocrx_word' id='word_1_318' title='bbox 61 3838 127 3890; x_wconf 92' lang='lat' dir='ltr'>sunt</span> <span class='ocrx_word' id='word_1_319' title='bbox 144 3837 247 3910; x_wconf 85' lang='lat' dir='ltr'>gesta,</span> <span class='ocrx_word' id='word_1_320' title='bbox 271 3849 329 3890; x_wconf 88' lang='lat' dir='ltr'>uon</span> <span class='ocrx_word' id='word_1_321' title='bbox 345 3826 410 3889; x_wconf 87' lang='lat' dir='ltr'>sine</span> <span class='ocrx_word' id='word_1_322' title='bbox 425 3827 512 3889; x_wconf 90' lang='lat' dir='ltr'>unius</span> <span class='ocrx_word' id='word_1_323' title='bbox 529 3826 658 3906; x_wconf 77' lang='lat' dir='ltr'>auxilio,</span> <span class='ocrx_word' id='word_1_324' title='bbox 683 3847 767 3910; x_wconf 91' lang='lat' dir='ltr'>quam</span> <span class='ocrx_word' id='word_1_325' title='bbox 785 3826 910 3890; x_wconf 82' lang='lat' dir='ltr'>otnnium</span> <span class='ocrx_word' id='word_1_326' title='bbox 927 3823 1053 3890; x_wconf 89' lang='lat' dir='ltr'>Matrem</span> <span class='ocrx_word' id='word_1_327' title='bbox 1072 3847 1139 3889; x_wconf 89' lang='lat' dir='ltr'>esse</span> <span class='ocrx_word' id='word_1_328' title='bbox 1158 3827 1209 3888; x_wconf 92' lang='lat' dir='ltr'>de-</span> 
     </span>
     <span class='ocr_line' id='line_1_36' title="bbox 61 3926 1208 4012; baseline 0.002 -23"><span class='ocrx_word' id='word_1_329' title='bbox 61 3929 174 4005; x_wconf 86' lang='lat' dir='ltr'>finiunt,</span> <span class='ocrx_word' id='word_1_330' title='bbox 193 3929 255 3990; x_wconf 83' lang='lat' dir='ltr'>fieri</span> <span class='ocrx_word' id='word_1_331' title='bbox 270 3928 424 4012; x_wconf 81' lang='lat' dir='ltr'>perficique</span> <span class='ocrx_word' id='word_1_332' title='bbox 439 3938 607 4012; x_wconf 87' lang='lat' dir='ltr'>potnerunt.</span> <span class='ocrx_word' id='word_1_333' title='bbox 649 3929 696 3991; x_wconf 79' lang='lat' dir='ltr'>Ab</span> <span class='ocrx_word' id='word_1_334' title='bbox 713 3950 769 3991; x_wconf 88' lang='lat' dir='ltr'>una</span> <span class='ocrx_word' id='word_1_335' title='bbox 785 3930 888 4012; x_wconf 92' lang='lat' dir='ltr'>quippe</span> <span class='ocrx_word' id='word_1_336' title='bbox 904 3947 1006 3990; x_wconf 84' lang='lat' dir='ltr'>coarssa</span> <span class='ocrx_word' id='word_1_337' title='bbox 1023 3926 1124 3990; x_wconf 84' lang='lat' dir='ltr'>anabae</span> <span class='ocrx_word' id='word_1_338' title='bbox 1142 3929 1208 3992; x_wconf 87' lang='lat' dir='ltr'>ittae</span> 
     </span>
     <span class='ocr_line' id='line_1_37' title="bbox 63 4030 1208 4115; baseline 0.001 -24"><span class='ocrx_word' id='word_1_339' title='bbox 63 4041 174 4093; x_wconf 85' lang='lat' dir='ltr'>mentes</span> <span class='ocrx_word' id='word_1_340' title='bbox 190 4031 338 4114; x_wconf 83' lang='lat' dir='ltr'>protectae</span> <span class='ocrx_word' id='word_1_341' title='bbox 355 4041 440 4107; x_wconf 87' lang='lat' dir='ltr'>suut,</span> <span class='ocrx_word' id='word_1_342' title='bbox 472 4031 537 4094; x_wconf 90' lang='lat' dir='ltr'>sine</span> <span class='ocrx_word' id='word_1_343' title='bbox 557 4052 613 4115; x_wconf 92' lang='lat' dir='ltr'>qua</span> <span class='ocrx_word' id='word_1_344' title='bbox 631 4030 700 4094; x_wconf 89' lang='lat' dir='ltr'>nibil</span> <span class='ocrx_word' id='word_1_345' title='bbox 718 4032 836 4094; x_wconf 82' lang='lat' dir='ltr'>omrrino</span> <span class='ocrx_word' id='word_1_346' title='bbox 854 4051 892 4094; x_wconf 87' lang='lat' dir='ltr'>ex</span> <span class='ocrx_word' id='word_1_347' title='bbox 911 4030 947 4092; x_wconf 88' lang='lat' dir='ltr'>iis</span> <span class='ocrx_word' id='word_1_348' title='bbox 966 4051 1039 4114; x_wconf 90' lang='lat' dir='ltr'>qnae</span> <span class='ocrx_word' id='word_1_349' title='bbox 1056 4041 1124 4094; x_wconf 90' lang='lat' dir='ltr'>suot</span> <span class='ocrx_word' id='word_1_350' title='bbox 1142 4052 1208 4114; x_wconf 89' lang='lat' dir='ltr'>pro-</span> 
     </span>
     <span class='ocr_line' id='line_1_38' title="bbox 62 4129 1208 4217; baseline 0.003 -25"><span class='ocrx_word' id='word_1_351' title='bbox 62 4130 123 4194; x_wconf 89' lang='lat' dir='ltr'>duci</span> <span class='ocrx_word' id='word_1_352' title='bbox 141 4131 247 4217; x_wconf 87' lang='lat' dir='ltr'>potuit.</span> <span class='ocrx_word' id='word_1_353' title='bbox 294 4129 335 4195; x_wconf 85' lang='lat' dir='ltr'>tn</span> <span class='ocrx_word' id='word_1_354' title='bbox 351 4132 465 4196; x_wconf 71' lang='lat' dir='ltr'>undem</span> <span class='ocrx_word' id='word_1_355' title='bbox 485 4152 520 4196; x_wconf 93' lang='lat' dir='ltr'>eo</span> <span class='ocrx_word' id='word_1_356' title='bbox 538 4135 706 4199; x_wconf 86' lang='lat' dir='ltr'>necessario</span> <span class='ocrx_word' id='word_1_357' title='bbox 722 4145 886 4214; x_wconf 88' lang='lat' dir='ltr'>recurrent,</span> <span class='ocrx_word' id='word_1_358' title='bbox 910 4155 998 4197; x_wconf 87' lang='lat' dir='ltr'>unum</span> <span class='ocrx_word' id='word_1_359' title='bbox 1015 4143 1046 4195; x_wconf 92' lang='lat' dir='ltr'>nt</span> <span class='ocrx_word' id='word_1_360' title='bbox 1062 4133 1208 4197; x_wconf 92' lang='lat' dir='ltr'>dominum</span> 
     </span>
     <span class='ocr_line' id='line_1_39' title="bbox 63 4234 1208 4312; baseline 0.003 -18"><span class='ocrx_word' id='word_1_361' title='bbox 63 4253 158 4298; x_wconf 88' lang='lat' dir='ltr'>rerum</span> <span class='ocrx_word' id='word_1_362' title='bbox 174 4234 301 4298; x_wconf 89' lang='lat' dir='ltr'>omnium</span> <span class='ocrx_word' id='word_1_363' title='bbox 318 4244 347 4296; x_wconf 91' lang='lat' dir='ltr'>et</span> <span class='ocrx_word' id='word_1_364' title='bbox 358 4246 506 4298; x_wconf 88' lang='lat' dir='ltr'>auctorem</span> <span class='ocrx_word' id='word_1_365' title='bbox 520 4257 554 4300; x_wconf 91' lang='lat' dir='ltr'>ac</span> <span class='ocrx_word' id='word_1_366' title='bbox 569 4239 746 4301; x_wconf 90' lang='lat' dir='ltr'>conditorem</span> <span class='ocrx_word' id='word_1_367' title='bbox 762 4239 963 4301; x_wconf 88' lang='lat' dir='ltr'>universorum</span> <span class='ocrx_word' id='word_1_368' title='bbox 977 4236 1141 4312; x_wconf 89' lang='lat' dir='ltr'>admittant,</span> <span class='ocrx_word' id='word_1_369' title='bbox 1161 4235 1208 4299; x_wconf 93' lang='lat' dir='ltr'>ubi</span> 
     </span>
     <span class='ocr_line' id='line_1_40' title="bbox 63 4337 1208 4424; baseline 0.003 -26"><span class='ocrx_word' id='word_1_370' title='bbox 63 4337 150 4399; x_wconf 84' lang='lat' dir='ltr'>semet</span> <span class='ocrx_word' id='word_1_371' title='bbox 176 4337 346 4422; x_wconf 88' lang='lat' dir='ltr'>principiam</span> <span class='ocrx_word' id='word_1_372' title='bbox 370 4339 484 4402; x_wconf 79' lang='lat' dir='ltr'>triricum</span> <span class='ocrx_word' id='word_1_373' title='bbox 509 4359 575 4402; x_wconf 89' lang='lat' dir='ltr'>esse</span> <span class='ocrx_word' id='word_1_374' title='bbox 598 4339 812 4424; x_wconf 89' lang='lat' dir='ltr'>comprobatum</span> <span class='ocrx_word' id='word_1_375' title='bbox 842 4339 938 4401; x_wconf 84' lang='lat' dir='ltr'>tuerit.</span> <span class='ocrx_word' id='word_1_376' title='bbox 988 4337 1044 4401; x_wconf 84' lang='lat' dir='ltr'>His</span> <span class='ocrx_word' id='word_1_377' title='bbox 1066 4339 1208 4402; x_wconf 88' lang='lat' dir='ltr'>adversus</span> 
     </span>
     <span class='ocr_line' id='line_1_41' title="bbox 65 4435 1208 4526; baseline 0.008 -28"><span class='ocrx_word' id='word_1_378' title='bbox 65 4435 133 4504; x_wconf 87' lang='lat' dir='ltr'>banc</span> <span class='ocrx_word' id='word_1_379' title='bbox 152 4439 290 4503; x_wconf 88' lang='lat' dir='ltr'>haeresin</span> <span class='ocrx_word' id='word_1_380' title='bbox 308 4438 478 4524; x_wconf 88' lang='lat' dir='ltr'>disputatis,</span> <span class='ocrx_word' id='word_1_381' title='bbox 508 4459 541 4503; x_wconf 93' lang='lat' dir='ltr'>ac</span> <span class='ocrx_word' id='word_1_382' title='bbox 561 4442 700 4526; x_wconf 77' lang='lat' dir='ltr'>pestifero</span> <span class='ocrx_word' id='word_1_383' title='bbox 717 4441 832 4506; x_wconf 85' lang='lat' dir='ltr'>iliorum</span> <span class='ocrx_word' id='word_1_384' title='bbox 848 4441 929 4506; x_wconf 85' lang='lat' dir='ltr'>velut</span> <span class='ocrx_word' id='word_1_385' title='bbox 945 4439 1074 4524; x_wconf 89' lang='lat' dir='ltr'>aspidum</span> <span class='ocrx_word' id='word_1_386' title='bbox 1093 4462 1208 4508; x_wconf 83' lang='lat' dir='ltr'>veneno</span> 
     </span>
    </p>
   </div>
   <div class='ocr_carea' id='block_1_4' title="bbox 0 0 1516 5000">
    <p class='ocr_par' dir='ltr' id='par_1_6' title="bbox 0 0 1516 5000">
     <span class='ocr_line' id='line_1_42' title="bbox 0 0 1516 5000; baseline 0 0"><span class='ocrx_word' id='word_1_387' title='bbox 0 0 1516 5000; x_wconf 95' lang='lat' dir='ltr'> </span> 
     </span>
    </p>
   </div>
  </div>
 </body>
</html>
