3008 4996
332 311 467 364 naemu
484 311 546 364 ma.
559 312 579 362 1.
595 310 676 364 rou.
690 312 720 366 u.
743 311 842 364 saun
859 312 965 366 xxvii.
1156 302 1214 368 211

84 431 236 516 pretaudae
249 429 405 516 parabolae
421 430 542 496 fabulam
555 430 695 514 quandam
711 430 866 494 commenti
878 439 958 512 aunt,
975 442 1006 496 et
1019 431 1216 498 adressarium

83 533 153 598 illum
177 555 267 598 annm
291 551 358 598 essa
377 553 416 596 ex
434 532 532 596 mundi
550 530 771 596 fabricatoribus
788 531 900 615 angelis
922 543 1040 614 putant,
1062 535 1110 618 qui
1132 533 1216 602 buius

82 635 120 698 rei
135 657 243 700 caussa
262 633 301 700 sit
321 635 497 698 constitutus
515 643 546 696 ut
564 632 715 696 exsolutae
732 636 863 717 corporis
880 633 1022 712 vinculis,
1045 645 1131 720 atque
1149 636 1216 704 binc

83 735 238 820 nigrantes
258 736 371 800 animas
395 736 431 800 ad
453 734 576 800 iudicem
600 735 738 812 deducat3
763 733 810 798 ubi
833 735 959 800 nondum
978 737 1073 802 omnia
1093 740 1216 821 praesti-

82 837 146 902 tisse
172 836 327 902 convictae
351 858 369 902 a
393 836 522 922 principe
545 834 678 900 ministro
703 835 872 913 traduntur,
904 838 952 930 poi
978 857 1017 902 ea
1045 839 1215 922 angelorum

81 959 259 1026 progenitus
281 939 375 1023 opifici
394 937 492 1002 muudi
513 936 597 1002 buius
616 936 702 1000 iudici
721 937 755 1000 ad
772 939 1007 1018 transferendas,
1030 951 1061 1003 ct
1081 939 1112 1004 iu
1133 943 1215 1008 vada

8 1104 9 1130 1
81 1059 199 1124 corpora
216 1041 410 1126 deportandas
426 1040 538 1104 animas
554 1059 670 1123 operam
687 1059 768 1102 suam
785 1038 918 1104 collocat.
962 1037 1039 1104 Essa
1057 1061 1144 1126 porro
1165 1044 1214 1108 at-

8 1133 9 1136 '
80 1143 238 1206 versarium
259 1143 340 1206 ilium
362 1162 446 1226 quern
468 1139 620 1204 adomiuo
636 1151 892 1204 commemoratum
914 1140 945 1204 in
966 1143 1118 1226 evangalio
1139 1145 1215 1210 dixi-

79 1263 154 1321 uos,
180 1265 269 1308 uuum
285 1265 326 1308 ex
340 1243 438 1307 mundi
456 1241 615 1306 artificibus
635 1241 747 1324 angelis
768 1242 883 1304 nornine
901 1242 1039 1308 Abolum.
1082 1242 1161 1308 Nam
1183 1257 1214 1312 et

8 1373 9 1430 3
80 1345 235 1408 custodiam
252 1365 319 1410 esse
334 1365 440 1428 corpus
454 1344 693 1427 interpretantur,
712 1352 744 1406 et
755 1342 943 1408 novissimum
960 1345 1147 1428 quadrantem
1159 1347 1214 1412 mi-

79 1448 238 1528 grationem
255 1446 429 1525 animarum,
453 1465 524 1528 quas
539 1442 755 1508 accessionibus
770 1443 806 1508 ad
822 1465 944 1530 corpora
960 1444 1082 1529 siugulis
1098 1448 1213 1516 ultimus

77 1547 202 1612 actiones
217 1547 300 1612 obire
317 1568 440 1612 neceme
461 1546 516 1624 sit,
540 1545 648 1610 nullum
665 1555 697 1610 ut
712 1546 833 1631 amplius
849 1546 945 1611 soclus
959 1567 994 1610 ac
1008 1547 1146 1632 flagitium
1163 1571 1213 1618 su-

78 1651 176 1732 persit.
223 1645 350 1734 Oportet
365 1648 460 1729 enirn,
484 1658 517 1712 ut
531 1658 619 1712 antea
633 1648 738 1712 dictum
755 1657 818 1728 cst,
841 1659 1025 1733 pervagatam
1041 1651 1139 1716 omnia
1153 1653 1215 1718 sin·

77 1749 205 1835 gulisque
231 1752 412 1836 perfunctam
438 1750 582 1830 animam,
612 1748 811 1829 assolitam,
842 1750 939 1814 mundi
966 1751 1152 1820 effectoribus
1178 1776 1214 1820 ao

75 1853 229 1938 praecipuo
244 1851 328 1918 buius
340 1862 462 1916 auctore
474 1850 631 1935 superatis,
647 1851 683 1914 ad
693 1871 858 1936 supremum
872 1852 951 1916 illum
964 1851 1152 1938 ignotumque
1163 1877 1213 1941 pe·

75 1965 200 2018 natrare.
245 1954 366 2018 Addunt
380 1954 501 2038 iusuper
516 1953 564 2016 vel
578 1952 608 2016 in
625 1952 716 2037 prima
732 1953 906 2036 migratione
921 1954 1063 2020 coniectis
1079 1958 1213 2024 omuibus

75 2074 187 2120 sursum
213 2055 333 2120 evolare
351 2055 457 2119 liberas
480 2075 552 2139 opus
574 2073 660 2132 esse,
684 2053 732 2118 vel
750 2054 806 2118 nisi
826 2055 912 2118 unico
929 2057 979 2120 illo
1001 2058 1127 2124 adventu
1149 2059 1213 2125 uni·

75 2175 159 2220 versa
175 2158 365 2242 perfecerint,
388 2167 447 2220 tum
463 2176 535 2219 vero
553 2175 723 2238 unaquaque
740 2156 911 2220 transitione
927 2159 1062 2242 paulatim
1080 2160 1213 2228 omnibus

74 2258 250 2322 iecinoribus
265 2257 439 2342 flagitiisque
456 2257 608 2320 deiunctae
623 2276 691 2320 sese
705 2257 734 2320 in
750 2257 914 2322 libertatem
931 2279 1077 2325 asserere.
1121 2260 1213 2330 Prae·

73 2367 152 2424 terea
173 2382 228 2424 nos
245 2361 282 2424 iis
302 2359 349 2444 qui
367 2359 446 2442 digni
459 2368 545 2436 suut,
568 2357 718 2441 inquiunt,
740 2378 847 2422 aroana
865 2359 920 2424 ista
937 2361 1157 2443 committimus,
1182 2376 1213 2430 ut

71 2483 145 2542 quae
169 2483 235 2526 ease
256 2461 392 2526 videntur
410 2461 502 2536 anda,
525 2471 629 2524 natura
652 2469 747 2522 antem
770 2460 888 2524 minime
909 2470 993 2540 sunt,
1016 2475 1211 2548 exequantur,

70 2581 166 2645 eaque
189 2585 223 2626 re
251 2565 367 2646 cognita
392 2561 564 2626 liberentur.
610 2558 714 2624 Solent
737 2583 809 2624 vero
833 2557 1053 2647 Carpocratiuui
1081 2587 1154 2649 quos
1175 2568 1212 2632 ad

68 2683 154 2726 suam
169 2673 280 2728 sestam
297 2663 494 2728 fraudulenter
508 2662 700 2748 pellexerint,
724 2662 761 2726 iis
779 2665 920 2728 candente
939 2667 1034 2745 ferro,
1057 2668 1106 2731 vel
1120 2689 1211 2734 noua·

65 2764 150 2844 cula,
174 2767 220 2828 vel
239 2787 295 2830 acu
314 2776 411 2829 notam
426 2765 567 2848 quandam
587 2764 623 2827 ad
640 2765 725 2826 imam
743 2765 903 2828 auriculam
920 2765 1098 2850 imprimere.

151 2865 201 2932 Ex
217 2867 319 2932 borum
335 2865 462 2930 factione
475 2863 646 2930 Marcelline
663 2868 803 2949 quaedam
819 2867 854 2930 ad
868 2888 923 2931 nos
939 2868 1030 2948 veuit,
1048 2891 1124 2953 quae
1138 2870 1213 2936 Ani·
1231 2872 1290 2944 0¹1³·
1303 2877 1343 2928 vt.

62 2968 121 3032 ceti
136 2967 263 3032 Romani
281 2968 408 3053 episcopi
424 2977 553 3051 tempore
569 2968 722 3052 plerosque
738 2968 934 3049 labefactarit,
958 2969 1076 3034 Aniceti
1092 2974 1210 3056 inquam

63 3067 142 3134 illius
168 3071 217 3154 qui
238 3067 294 3132 Pio
316 3069 438 3152 aliisque
456 3069 637 3153 pontificibus
656 3071 811 3134 succeseit.
855 3069 973 3134 Etenim
994 3069 1108 3136 Romae
1124 3074 1209 3158 primi

61 3171 193 3237 omnium
217 3168 324 3235 Petrus
351 3181 380 3234 et
404 3167 512 3234 Paulus
534 3171 658 3255 apostoli
681 3170 790 3255 pariter
816 3181 903 3256 atque
926 3171 1054 3258 episcopi
1078 3175 1206 3240 luerunt.

61 3267 134 3336 lude
151 3271 265 3351 Linus,
288 3282 348 3336 tum
366 3269 481 3336 Gletes.
525 3269 598 3336 Post
613 3273 688 3336 bunc
706 3269 862 3352 Clemens,
892 3271 974 3338 Petri
992 3285 1021 3338 et
1037 3272 1120 3340 Pauli
1136 3287 1208 3340 tem-

59 3393 164 3454 porum
181 3372 330 3458 aequalis,
353 3374 389 3437 de
405 3395 461 3456 quo
475 3371 583 3438 Paulus
597 3374 727 3438 meminit
741 3375 778 3438 ad
795 3373 946 3440 Romanos
961 3375 1104 3442 scribens.
1144 3376 1350 3488 Nepffffigpfplp
1373 3453 1379 3466 ,

58 3495 115 3554 qne
134 3495 210 3540 vero
234 3473 357 3539 miretur
379 3474 481 3558 aliquis
504 3477 578 3560 quod
604 3485 672 3540 ante
687 3476 780 3562 ipsum
797 3477 827 3540 in
847 3477 1020 3561 pontificiam
1039 3477 1207 3562 dignitatem
1326 3464 1356 3490 ’⁸

56 3575 106 3638 alii
124 3577 269 3662 apostolis
282 3578 495 3654 successerint,
519 3597 583 3640 curn
597 3574 678 3641 Petri
695 3599 729 3640 ac
746 3575 829 3642 Pauli
847 3590 926 3644 esset
940 3578 1080 3663 aequalis,
1104 3581 1205 3646 iisdem

56 3678 136 3742 amm
155 3679 205 3743 iile
221 3679 398 3763 temporibus
412 3677 500 3742 vixit.
545 3675 650 3744 Utrum
665 3679 723 3744 illis
738 3681 832 3744 adbuc
846 3682 1049 3766 superstitibus
1063 3679 1207 3767 impositis

54 3779 195 3844 manibus
214 3779 368 3864 opiscopus
389 3800 406 3842 a
423 3777 514 3844 Petro
531 3790 737 3858 consecratus,
768 3802 861 3865 eaque
878 3784 1037 3848 detrectata
1056 3785 1205 3868 provincia

53 3879 91 3942 ab
108 3880 193 3944 omni
210 3881 459 3946 administratione
478 3883 628 3947 sanarerit
643 3881 697 3962 (ita
716 3883 792 3946 anim
809 3883 840 3948 in
858 3885 980 3968 quadam
995 3885 1117 3968 epistola
1131 3887 1206 3952 scri-

51 3983 132 4066 psitr
159 3987 283 4058 Recedo,
307 4006 390 4056 meo,
415 3988 501 4046 rasae
510 3987 632 4063 populu
648 3987 708 4058 dei,
734 3985 879 4049 nonnullis
897 3986 1033 4050 uidelicet
1048 3986 1102 4050 boo
1118 3989 1204 4055 modo

50 4085 236 4162 consulens,
262 4105 326 4148 naas
345 4085 375 4148 in
391 4084 558 4168 quibusdam
575 4085 791 4150 commentariis
810 4086 848 4148 ita
862 4086 999 4170 scriptum
1015 4087 1202 4170 reperimus),

48 4205 89 4249 an
113 4185 217 4270 potius
235 4185 393 4250 secundnm
410 4185 557 4270 apostolos
575 4185 610 4248 ab
629 4186 765 4272 episcopo
783 4183 868 4252 Cleto
888 4187 928 4252 sit
945 4187 1137 4265 constitutus,
1169 4189 1204 4254 li·

47 4287 144 4372 potue
162 4309 222 4352 uon
239 4298 365 4352 coastat.
409 4286 590 4370 Quamquam
609 4287 657 4351 vel
675 4287 729 4352 bac
746 4290 859 4372 quidem
878 4290 991 4354 ratione
1009 4301 1142 4373 poterant
1160 4291 1203 4356 vi·

77 4457 105 4508 3.
124 4451 213 4522 occisso
231 4457 282 4508 cort
298 4459 394 4520 timia.
431 4459 503 4522 Valeo
526 4453 614 4510 πάντα,
682 4451 706 4507 l.
724 4459 835 4520 Suspicor
850 4455 913 4523 πρὸς
927 4455 968 4511 τὸν
985 4451 1037 4512 ἅνω
1051 4449 1186 4526 deeora.

41 4527 153 4577 emoto
168 4525 260 4587 ptem
276 4522 313 4585 εἰς
328 4520 414 4578 πάντα.
680 4525 704 4576 b.
724 4528 796 4590 l'ulpo
812 4523 967 4596 κπαβραχὺ.
983 4609 1001 4650 *

929 4617 966 4678 ll
