3036 4998
399 291 533 342 sannen
552 291 615 340 urs.
628 292 645 341 ι.
664 289 746 342 ron.
762 291 794 340 ιι.
814 289 910 340 unas.
925 291 1026 342 xxxr.
1214 279 1274 342 333

130 410 270 496 petisset,
294 410 369 494 quod
387 409 450 474 eius
469 419 641 495 potestatem
660 409 912 494 cognitionemque
930 421 1099 494 superaret,
1122 409 1274 474 intormem

130 512 272 596 quandam
296 523 382 596 atque
400 511 576 576 inconditam
598 512 724 575 edidisse
744 511 954 590 substantiam,
985 512 1171 596 eiusdemque
1191 533 1276 596 quam

130 613 254 678 hahebat
268 623 390 679 naturae
405 615 540 678 irminam
556 615 715 700 peperisse.
762 611 857 696 Quam
873 625 904 677 ut
919 614 1133 692 animadvertit,
1154 614 1275 699 primum

131 715 166 780 oh
183 737 315 781 mancam
333 717 555 803 inchoatumque
572 717 792 801 generationem
810 717 907 780 auimo
926 716 1070 794 doluisse,
1103 726 1162 780 tum
1179 718 1276 782 vereri

131 821 264 905 coepisse
282 841 318 882 ne
335 821 380 884 rel
396 820 459 905 ipsa
475 839 542 882 esse
561 818 679 882 omnino
696 818 861 897 desineret3
885 817 1062 902 proindeque
1079 821 1231 884 attonitam
1248 830 1278 883 et

131 920 323 986 haesitantem
343 943 473 986 caussam
493 921 631 1006 indagare
648 921 826 999 instituisso,
858 941 893 984 uc
910 921 1147 1004 quemadmodum
1169 923 1277 987 foetum

131 1043 214 1086 suurn
231 1025 376 1088 occultare
392 1035 501 1111 posset.
535 1022 615 1110 Ergo
633 1024 661 1086 in
678 1023 799 1108 pristina
813 1022 861 1086 ihu
877 1024 1071 1088 commotione
1085 1045 1278 1110 perseuerau-

132 1135 189 1188 tem
211 1126 394 1192 conuertisse
416 1147 500 1206 sese,
531 1139 561 1190 et
582 1126 616 1189 ad
636 1123 793 1189 Parentem
813 1124 960 1190 studuisse
979 1147 1145 1191 recurrere.
1191 1125 1276 1210 Quod

133 1249 197 1290 cum
216 1228 364 1312 aiiqoanto
382 1239 510 1312 tempore
530 1228 745 1306 contendisset,
775 1227 962 1292 succubuisse
980 1229 1110 1308 demum,
1139 1239 1225 1313 atque
1242 1229 1277 1293 ad

130 1326 289 1394 Parentem
303 1351 370 1394 sese
385 1331 542 1416 supplicem
559 1331 719 1396 abiecisse:
743 1329 863 1394 affuisse
878 1340 908 1393 et
922 1331 1079 1394 advocatus
1094 1331 1216 1395 Aeonas
1233 1352 1278 1394 rc·

131 1433 242 1518 liquos,
267 1455 300 1496 ae
314 1429 445 1508 Mentem
461 1433 612 1518 imprimis.
658 1432 755 1516 Atque
769 1431 843 1496 hane
857 1431 977 1517 primam
995 1432 1174 1497 substantiae
1189 1435 1277 1516 crigi-

132 1555 197 1599 nem
214 1535 368 1614 extitisse,
392 1557 466 1620 quae
484 1557 524 1600 ex
539 1535 705 1620 igrrorantin
725 1547 754 1598 et
769 1534 869 1598 dolore
883 1556 917 1600 ac
935 1545 1013 1599 metu
1032 1546 1061 1598 et
1078 1547 1197 1621 stupore
1212 1557 1278 1620 pru-

132 1637 229 1700 dierit.
274 1636 317 1700 At
342 1634 432 1702 Pater
454 1636 585 1718 Horum,
616 1637 681 1701 siue
705 1635 894 1716 Terminum,
929 1657 1013 1721 quern
1039 1637 1183 1718 diximus,
1213 1650 1279 1724 post

132 1725 196 1804 illos
215 1758 318 1804 omues
334 1759 416 1804 suam
432 1741 467 1804 ad
483 1741 604 1826 effigiem
622 1739 761 1825 produxit
775 1739 919 1823 comparis
935 1760 970 1802 ac
988 1740 1103 1804 feminei
1116 1761 1209 1806 sexus
1224 1761 1278 1804 ex-

130 1853 255 1927 pertem.
302 1839 387 1906 Hunc
402 1843 479 1906 euim
496 1843 588 1929 ipsum
606 1840 764 1906 Parentum
779 1841 850 1906 adias
866 1863 931 1906 cum
949 1839 1020 1925 Sige
1037 1844 1183 1928 copulant,
1207 1843 1279 1908 alius

131 1965 219 2028 supra
240 1945 330 2008 maris
353 1965 387 2010 ac
411 1946 535 2010 feminac
557 1945 751 2009 conditionem
768 1944 924 2008 extollunt.
969 1943 1080 2008 Horum
1102 1966 1173 2010 vero
1192 1945 1278 2011 etiam

130 2045 377 2130 Redemptorem,
408 2070 443 2111 ac
465 2043 640 2134 Carpisten,
672 2058 702 2110 et
723 2045 924 2125 Horctheten,
955 2068 989 2110 ac
1009 2043 1278 2112 circumductorem

130 2160 250 2213 vocarit.
295 2148 398 2234 Aquo
414 2161 615 2236 perpurgatam
633 2171 667 2212 ac
683 2149 878 2214 coinfirmatam
895 2146 1075 2234 Sapientiam
1094 2159 1224 2230 narrant,
1249 2162 1279 2214 et

130 2250 270 2334 coniugio
286 2251 461 2316 restitutam.
506 2249 699 2336 Posteaquam
715 2251 792 2315 enim
806 2249 1012 2336 Enthymesis,
1038 2251 1092 2315 huc
1109 2263 1155 2316 est
1170 2253 1280 2337 cogita-

131 2353 190 2432 tio,
222 2353 259 2416 ah
280 2354 331 2417 iila
351 2366 398 2419 ost
419 2376 483 2418 cum
505 2353 730 2440 superueniente
750 2351 954 2418 Commotiunc
975 2366 1106 2435 secreta,
1139 2366 1197 2418 tum
1216 2357 1279 2441 ipsa

130 2454 247 2540 quidem
260 2456 337 2520 intra
350 2454 486 2521 Pleroma
502 2468 632 2543 recepta,
651 2455 840 2542 Enthymesis
856 2475 928 2518 vero
944 2476 1009 2518 cum
1025 2452 1228 2522 Commntioue
1243 2459 1279 2523 ah

130 2555 217 2622 Horu
234 2557 375 2642 relegata,
399 2569 428 2622 et
441 2559 470 2623 in
487 2557 585 2624 Cruce
601 2561 718 2637 suffixa,
743 2569 829 2641 atque
845 2567 931 2621 extra
946 2555 1196 2642 Compiementum
1213 2583 1280 2647 prc-

132 2661 180 2724 cul
195 2661 348 2724 amandata
364 2661 511 2743 constitit;
539 2673 571 2725 nt
586 2661 748 2725 substantia
764 2659 811 2723 itta
826 2660 940 2743 quidem
958 2660 1096 2745 spiritatis
1111 2674 1209 2742 esset,
1234 2676 1280 2727 ut·

131 2773 200 2847 pote
217 2761 356 2826 naturalis
369 2764 510 2846 quaedam
525 2764 570 2828 vis
588 2763 700 2827 Aeonis
717 2772 746 2826 et
760 2763 896 2847 impetus,
919 2762 971 2826 sed
984 2763 1064 2826 rudis
1077 2764 1176 2828 eudem
1192 2775 1223 2828 et
1234 2765 1279 2828 in·

132 2865 246 2944 dormis,
263 2867 338 2950 quod
352 2864 420 2929 nihii
433 2877 514 2930 esset
525 2866 644 2932 omnino
656 2873 824 2930 consecuta.
859 2861 905 2929 Oh
919 2864 1005 2950 idque
1018 2885 1187 2950 praecocem
1199 2867 1278 2930 ilium

132 2969 259 3032 fructum
279 2978 365 3051 atque
382 2967 554 3033 imbecillum
575 2978 604 3032 et
620 2967 769 3032 muliebris
786 2966 961 3032 conditionis
979 2986 1046 3030 esse
1063 2979 1234 3032 memorant.

220 3063 359 3134 Ceterum
377 3069 424 3133 ubi
439 3071 510 3135 haec
528 3067 725 3136 aPleromate
741 3069 860 3154 depuisa
879 3080 935 3148 est,
958 3066 1057 3132 Mater
1072 3091 1144 3134 uero
1157 3071 1193 3134 ad
1210 3092 1280 3135 cun·
1296 3081 1431 3153 capxtv.

132 3171 244 3257 iugium
261 3191 344 3234 suum
360 3171 535 3256 postliminio
551 3193 690 3251 reuersa,
718 3182 777 3236 tum
794 3173 829 3235 de
843 3168 980 3234 Parentis
997 3171 1136 3252 consilio,
1161 3193 1197 3236 ue
1214 3173 1281 3257 qnid

131 3271 230 3338 simile
248 3273 368 3358 posthac
383 3273 481 3338 Aeoni
499 3274 584 3338 alicui
605 3275 805 3359 contingeret,
835 3273 980 3336 iniciendo
998 3275 1196 3359 firmaudcque
1213 3272 1281 3340 Pio·

132 3376 241 3442 romati
257 3396 365 3440 uorum
382 3397 434 3461 par
450 3378 546 3440 ierunt
564 3375 600 3440 uh
617 3374 752 3461 Unigena
767 3377 948 3462 productum,
971 3371 1121 3440 Christum
1136 3398 1170 3441 ac
1187 3374 1280 3463 Spiri-

131 3489 196 3544 tum
214 3488 363 3559 sauotump
393 3499 515 3562 quorum
533 3499 622 3564 opera
640 3480 761 3543 Aeones
780 3479 929 3542 ordinatos
952 3498 986 3542 ac
1005 3478 1181 3564 compositus
1200 3499 1279 3545 csse.

132 3577 250 3666 Quippe
280 3575 429 3644 Christum
460 3580 587 3664 coniugii
617 3590 721 3644 natura
750 3591 836 3665 atque
866 3577 991 3664 ingeniti
1020 3583 1281 3667 comprehensione

130 3684 251 3768 cognita
273 3682 407 3748 docuisse
428 3692 581 3749 contentus
604 3702 671 3748 esse
688 3683 753 3748 iilos
770 3692 923 3768 oportere,
955 3679 1110 3768 Patrisque
1123 3683 1202 3749 inter
1215 3685 1281 3750 iilos

130 3841 334 3899 interpretation
350 3840 403 3888 aruc
417 3852 477 3900 quor
491 3839 556 3900 infru
570 3843 695 3900 requiraturr
727 3838 830 3888 neudum
843 3837 935 3887 υιάιιιιι
948 3839 999 3886 r'om
1015 3839 1120 3888 Gruhtur.
1156 3841 1229 3903 Vutpc
1243 3853 1284 3890 ea-

130 3907 227 3961 umnec
240 3905 296 3955 nuc
307 3907 439 3968 peccam.
469 3908 541 3956 serat
553 3907 695 3956 mturare·
728 3911 761 3955 ur
779 3899 848 3958 :troc

130 3977 182 4026 brr's
197 3975 256 4022 matr
269 3976 383 4036 ommuni,
397 3979 447 4025 ιαιη
457 3975 549 4036 scrpta
560 3987 632 4036 mom
645 3975 694 4024 rdt-
764 3971 801 4024 13.
819 3975 855 4024 tto
869 3986 947 4022 omues
959 3975 1020 4023 tttrr'.
1044 3975 1091 4024 Sed
1103 3976 1284 4026 manuductum.

130 4047 179 4104 tta,
197 4037 242 4092 και
258 4038 446 4106 mircenorum
462 4042 525 4104 quod
540 4043 623 4091 uitium
638 4056 694 4104 quc·
727 4043 816 4091 innuet
832 4041 964 4102 interpretis
979 4043 1105 4092 uodonem
1121 4049 1142 4091 et
1158 4044 1285 4094 amandum

130 4110 205 4162 modo
219 4113 295 4158 ortum
308 4112 337 4159 sit
351 4111 492 4160 dnmunrot
507 4111 570 4159 iocus
582 4123 635 4170 cup.
647 4109 694 4170 15,
728 4111 820 4158 Tertutt.
836 4109 896 4158 ddu-
913 4110 1001 4158 i'utent.
1013 4123 1065 4172 cop.
1078 4109 1117 4159 10.
1135 4113 1203 4160 er'tr'us
1218 4125 1285 4174 repc-

132 4181 177 4229 uht
189 4179 304 4240 scriptum
320 4181 352 4226 est
365 4175 409 4229 καὶ
423 4173 522 4229 Στῦλου
535 4174 579 4228 και
591 4177 694 4241 Aurem·
726 4179 829 4226 neudum
840 4171 1066 4242 rr’croororupuhriuar
1076 4178 1191 4228 uideatur.
1212 4180 1238 4228 V.
1248 4182 1285 4230 in·

130 4247 234 4307 moero
245 4242 290 4296 iret
299 4239 416 4311 Σταύρου
425 4243 470 4298 καὶ
478 4243 621 4311 desponsari,
633 4244 695 4308 quod
728 4249 800 4306 teror.
818 4247 913 4295 damari.
956 4246 1105 4306 Quemquam
1127 4260 1169 4309 epo
1191 4249 1285 4309 quidem

129 4327 217 4366 orrum
234 4316 274 4362 est
728 4314 823 4362 notram
836 4305 1065 4378 duocrspeuhriroq
1082 4319 1185 4376 remorto
1196 4317 1287 4377 panrrttr'

169 4379 211 4434 11.
228 4375 357 4444 suadeam
373 4383 423 4432 cod.
440 4383 496 4436 Van.
729 4381 774 4430 tort
790 4382 853 4443 tusco
869 4395 921 4442 cup.
935 4379 975 4432 37,

170 4448 211 4499 12.
229 4449 266 4498 nc
277 4450 329 4498 cod.
341 4449 405 4512 Vem,
417 4452 562 4512 conmmanit
573 4454 615 4500 nrt.
625 4452 697 4499 inim·
765 4447 823 4498 Car.
834 4447 906 4500 Xtv.
920 4475 949 4485 -·
966 4449 989 4499 1.
1005 4441 1083 4516 airus
1095 4449 1152 4518 (air)
1166 4452 1218 4501 sod.
1230 4453 1285 4502 Van.

130 4522 199 4582 prete
209 4519 326 4580 quiumtt
335 4531 512 4584 perseuerasse.
536 4521 619 4585 peiren
630 4529 697 4580 repo·
764 4516 789 4568 ¹2.
805 4509 891 4578 δαΐξαι
907 4517 958 4568 rad.
977 4517 1031 4568 Vra.
