2994 5024
350 329 486 384 ununnu
503 329 755 384 mensuum.
772 329 967 380 uuunxuu.
1176 321 1238 384 585

173 448 227 514 ΠΙ.
262 452 410 530 Testificar
433 471 564 524 rursum,
599 455 728 531 qnoniam
755 453 835 512 dono
860 454 1041 512 circumcisus
1063 453 1172 514 debitor
1195 465 1238 514 est
1251 467 1363 522 nouus.

86 557 236 614 uniuersae
258 556 329 632 legas
350 555 513 632 implendae.

172 653 227 718 lv.
260 652 319 718 Pro
341 655 472 738 eoquod
496 665 558 733 ast,
592 661 733 720 Modicum
746 658 918 739 firmentum
938 668 1023 718 totam
1041 677 1159 720 massam
1176 679 1239 718 eor·
1254 672 1309 716 luna.
1321 676 1342 717 s.

82 763 206 838 rumpit,
232 757 400 841 rescripsit,
422 760 587 820 Adulterat.

173 857 212 924 V.
245 865 339 924 Omnis
352 865 423 922 enim
438 863 486 924 lec
503 863 580 922 nobes
594 864 734 940 impietur.
775 863 883 941 Diliges
895 865 1055 941 proximum
1071 873 1147 924 tunm
1164 867 1239 924 sient
1251 879 1307 922 luta.
1323 881 1353 924 u.

84 968 215 1042 teipsum.

176 1062 229 1129 Vl.
261 1068 413 1149 Manifesta
434 1079 502 1128 sunt
523 1078 615 1127 autem
640 1087 724 1146 opera
747 1071 857 1139 carna's,
894 1087 965 1146 quae
984 1077 1054 1128 sunt
1065 1068 1235 1148 fornicatio,
1252 1083 1309 1126 luta.
1323 1086 1356 1130 u.

83 1171 276 1240 immunditia,
309 1171 441 1242 damnaria,
474 1171 612 1230 idolorum
631 1173 767 1242 seruitus,
799 1170 947 1248 ueneficae,
971 1171 1149 1242 inimicitiae,
1174 1193 1240 1232 cora·

84 1275 234 1344 tentiones,
257 1273 470 1344 aemulationes,
497 1275 573 1344 irae,
598 1275 695 1344 ranae,
719 1274 920 1342 dissensiones,
944 1282 1052 1344 sectae,
1078 1273 1236 1346 nominatim,

83 1375 248 1447 ebrietates,
274 1377 501 1446 comessationes,
527 1395 598 1454 qnae
609 1376 743 1452 praedica
759 1375 834 1434 nobule
850 1378 925 1434 siem
936 1377 1086 1452 praeduci,
1111 1378 1239 1454 quantana

82 1481 140 1556 qui
160 1479 229 1538 talio
249 1489 354 1556 agunt,
379 1497 496 1556 regnum
518 1479 566 1538 dei
584 1497 639 1536 nan
657 1477 849 1556 possidebunt.

176 1575 244 1641 VH.
276 1583 334 1657 Qui
345 1590 436 1640 autem
455 1581 568 1642 Christi
580 1599 691 1640 carmem
706 1579 915 1655 cruriiuerunt
928 1599 990 1640 cum
1008 1583 1083 1640 nitius
1099 1590 1129 1639 et
1139 1599 1240 1640 canen·
1254 1595 1312 1640 lma.
1323 1599 1355 1642 us.

79 1685 243 1760 pa'scentiie

176 1781 260 1846 thl.
293 1787 389 1865 Neque
409 1789 480 1846 enim
503 1787 554 1864 qni
572 1786 829 1858 circumciduntur,
855 1787 943 1862 legem
964 1785 1134 1844 caestodiunt.
1255 1801 1339 1858 caus,
1351 1805 1380 1848 n.

134 1989 178 2039 AD
199 1987 398 2040 CORINTHIOS
418 1991 452 2054 1.,
470 1989 561 2052 QUAE
580 1989 642 2040 EST
659 1990 749 2040 APUD
765 1987 964 2038 MARCIONEM
985 1987 1031 2038 UT
1048 1987 1092 2037 ET
1110 1987 1198 2038 APUU

607 2075 671 2124 Nos
690 2077 721 2124 11.

175 2192 199 2256 Ι.
234 2199 376 2274 Scriptum
394 2207 437 2254 est
452 2200 540 2268 enim,
565 2197 682 2256 Perdam
697 2197 861 2273 sapoentiam
879 2197 1051 2272 sapientum,
1075 2204 1104 2254 et
1116 2194 1240 2272 pruden·
1254 2205 1353 2260 worn,
1364 2207 1394 2250 n.

85 2303 157 2359 aaut
176 2301 356 2378 prudentium
377 2298 541 2376 reprobabo.

175 2397 215 2460 Π.
251 2403 301 2472 tn,
334 2402 558 2478 quemadmodum
582 2405 717 2478 scriptum
745 2409 803 2470 est,
838 2403 890 2478 qut
907 2401 1053 2477 gloriatur
1075 2401 1103 2456 in
1130 2399 1240 2457 domim
1253 2411 1308 2455 seia.
1323 2413 1356 2456 au.

82 2506 240 2581 glorietur.
325 2576 327 2580 Ι

178 2600 234 2666 ΙΙΙ.
269 2608 427 2684 I'rnnnpnrn
449 2607 532 2666 duim
554 2607 659 2677 occuli,
684 2608 735 2684 qni
753 2615 935 2664 evacuantur.
1257 2618 1312 2674 unp.
1321 2620 1342 2674 s,
1350 2620 1370 2663 s.

174 2703 230 2768 lv.
264 2711 406 2786 Scriptum
418 2717 462 2766 est
470 2711 560 2768 enim.-
581 2709 813 2787 Cumprehendam
826 2709 966 2786 sapientes
978 2711 1007 2768 in
1019 2710 1124 2768 astutia
1136 2727 1239 2768 eornm.
1257 2721 1312 2777 cop.
1320 2722 1341 2777 s,
1350 2721 1382 2764 n.

84 2811 129 2872 Eu
151 2809 274 2872 iterum:
298 2813 430 2870 Bumn'rans
451 2815 530 2870 nouit
549 2814 733 2888 cagitationes
754 2812 908 2882 dominum,
933 2811 999 2888 quia
1021 2828 1109 2870 uanae
1129 2820 1205 2869 sunt.

176 3012 215 3076 V.
249 3019 358 3076 Etenim
381 3017 487 3076 Pascha
509 3025 635 3076 nastrum
657 3017 814 3074 nmrnutatus
835 3024 879 3073 est
900 3017 1039 3075 carnem.
1256 3029 1362 3084 capsa

179 3113 233 3178 Vi.
266 3121 388 3179 Nescitis
415 3121 489 3197 quud
516 3121 567 3198 qui
589 3117 723 3176 adhaeret
751 3119 907 3186 meretrici,
944 3137 1028 3178 annm
1055 3137 1157 3195 corpus
1185 3127 1236 3175 est.
1256 3133 1381 3187 causus.

88 3223 188 3280 Erunt
208 3223 294 3294 ertum,
320 3223 426 3299 inquit,
450 3223 505 3280 dua
528 3224 556 3280 in
578 3239 689 3280 carnem
713 3239 806 3280 rmum.

180 3317 247 3383 vll.
277 3317 409 3384 Mutatus
432 3331 478 3384 est
499 3321 592 3384 loeus.
636 3317 714 3384 Nam
738 3340 790 3404 pro
814 3340 850 3382 eo
869 3318 943 3403 quod
961 3329 1024 3397 est,
1058 3323 1097 3380 Et
1110 3321 1159 3380 lex
1175 3321 1242 3380 iaec
1257 3337 1369 3394 capno.

88 3447 147 3486 non
169 3427 256 3496 dacn't,
284 3423 370 3486 habet
391 3422 456 3500 ille,
482 3426 548 3486 Etsi
568 3426 614 3484 ten
636 3427 746 3503 Moqsis
767 3427 836 3484 iaec
858 3443 914 3484 nan
936 3425 1015 3484 dicit.

179 3522 262 3586 Vlli.
295 3527 439 3606 Numquid
458 3531 492 3587 de
513 3527 598 3588 baites
619 3547 688 3588 uma
710 3538 756 3588 est
774 3529 846 3588 dea?
1257 3533 1345 3578 lcii-⁹-

179 3625 235 3692 lx.
267 3630 340 3690 Nutu
356 3631 428 3688 enim
445 3649 493 3690 uos
510 3632 659 3706 ignorare,
676 3631 808 3710 fratres,
833 3631 962 3708 quarn'am
973 3638 1072 3706 patres
1085 3631 1180 3686 nostri
1192 3627 1245 3688 snb
1259 3635 1354 3693 capus,
1366 3641 1384 3683 1.

88 3735 165 3796 nube
177 3733 310 3814 suerunt,
334 3741 363 3790 et
377 3751 470 3792 omnes
485 3751 562 3792 rorare
579 3734 767 3804 transierunt,
798 3743 826 3792 et
842 3751 935 3792 ornnes
951 3732 1062 3791 eandem
1079 3749 1169 3790 escam
1186 3734 1244 3809 spi-

89 3837 204 3898 ritaiem
219 3835 465 3894 manducaverunt.
512 3833 648 3894 Bn'iedunt
662 3839 734 3894 enim
748 3838 782 3895 de
796 3834 923 3914 speritati
937 3841 1119 3911 consequente
1136 3853 1182 3892 eas
1195 3825 1244 3912 pe·

91 3951 157 4011 tra,·
185 3947 268 4014 petra
285 3945 376 3996 antem
395 3946 458 3996 erat
477 3937 617 3996 Cirr'stns.
664 3940 722 3997 Sed
736 3959 792 3998 non
810 3935 985 4015 emptoribus
1003 3955 1097 3996 earum
1119 3934 1246 4014 benepla-

91 4045 179 4101 citum
198 4049 242 4100 est
258 4041 319 4098 dea.
365 4041 442 4098 Haec
461 4049 553 4100 autem
571 4041 599 4100 in
608 4041 713 4118 figura
723 4041 807 4120 factu
825 4051 891 4100 sunt
907 4042 1013 4110 nostri,
1040 4049 1140 4098 utnon
1156 4041 1243 4098 simus

91 4144 318 4222 concupiscentes
339 4143 491 4214 malorum,
524 4145 599 4202 siout
619 4143 666 4202 nn
675 4143 808 4221 suerunt.
852 4143 948 4220 Neque
964 4142 1102 4201 adolorum
1121 4143 1244 4202 cultores

92 4245 270 4324 efficiamini,
298 4247 373 4304 ciem
387 4247 498 4324 quodam
517 4267 554 4304 eo
569 4247 653 4323 ἐρεῖς,
684 4245 907 4322 quemadmodum
925 4247 1060 4322 cereptum
1075 4255 1134 4304 est.-
1166 4247 1245 4306 Sedit

90 4348 214 4427 papulus
229 4348 397 4406 manducare
414 4357 444 4405 et
456 4347 564 4420 bibere,
596 4357 625 4406 et
639 4356 828 4406 surrexerunt
844 4347 948 4405 indere.
997 4347 1094 4425 Neqne
1111 4357 1244 4407 tentemus

95 4497 196 4549 tertium
214 4495 261 4550 ta':
280 4507 305 4546 et
321 4497 358 4546 sie
374 4497 399 4546 in
417 4497 543 4564 reliquunt·
722 4494 762 4548 40.
776 4494 823 4564 μή,
837 4499 1054 4561 quaddesiderntur
1064 4502 1089 4548 in
1101 4501 1245 4563 editprinc,

129 4565 170 4620 ³9.
191 4570 263 4630 tuoe
279 4565 496 4633 Μιτηλλαγμένος.
688 4569 799 4618 Petauius
815 4581 844 4618 en
859 4564 910 4618 cod.
932 4569 1002 4618 Vattc.
1018 4570 1125 4620 rennuit.
