3018 4994
338 285 473 340 arurau
490 289 551 342 uro.
565 291 583 340 ι.
599 289 681 343 rou.
698 291 727 342 u.
746 289 843 342 urea.
859 291 985 344 xxxnr.
1176 281 1238 344 415

87 428 188 494 ungas
209 407 274 472 illos
297 407 470 472 deridendos
494 408 621 495 putabit,
655 419 741 495 atquc
763 432 802 474 cx
826 410 883 474 illis
905 411 977 496 ipsis
999 432 1073 495 quae
1095 411 1242 496 disputant

86 511 331 596 quemadmodum
350 511 472 575 relutari
490 512 602 596 possint
618 511 765 598 perspicit.
812 509 846 576 Si
863 511 977 597 quidem
993 514 1054 578 suis
1071 514 1125 599 ipsi
1143 514 1241 577 vanis-

85 613 174 677 simis
188 611 347 676 mendaciis
364 625 467 678 contra
481 634 513 678 se
530 614 633 678 armati
649 635 716 678 esse
733 613 847 699 penitus
863 626 1035 698 arguuntur.
1070 613 1147 680 Volo
1163 614 1240 679 enim

85 714 161 779 mihi
182 716 401 800 respondeatis,
434 737 452 780 o
473 715 634 781 Ptolemaei
657 737 758 781 donnes
782 739 815 780 ac
837 714 1043 798 Ptolemaeae,
1076 719 1152 782 unde
1172 716 1241 781 illae

85 817 174 882 vohis
191 815 280 903 Bythi
295 839 466 899 mensurae,
490 840 525 884 ac
540 830 674 904 partuum
690 818 961 914 obstetricuatioocs,
985 831 1015 884 et
1029 821 1175 884 variarum
1189 841 1241 905 ge·

86 922 274 986 uenationum
292 923 431 1008 cognitio.
478 917 529 986 Sic
546 921 623 986 enim
641 932 775 1006 tauquam
792 933 962 1007 praesentes
979 923 1182 1002 interfueritis,
1206 943 1240 986 ac

86 1023 261 1088 coelestium
290 1035 423 1088 naturam
448 1023 633 1109 contemplati
658 1024 739 1101 sitis,
773 1023 831 1088 imo
855 1021 1084 1110 Bpthum11illnm
1109 1035 1239 1089 vestrum

85 1127 328 1206 antecesseritis,
352 1147 453 1191 earum
473 1127 556 1190 nohis
573 1147 672 1190 rerum
690 1126 840 1190 scientiam
859 1126 1023 1191 ostenditis.
1067 1127 1157 1211 Atqui
1175 1128 1239 1192 nul-

84 1228 135 1292 lus
157 1227 187 1292 id
203 1249 326 1314 unquam
343 1251 360 1293 e
378 1229 582 1314 prophetarum
602 1249 724 1293 numero
741 1229 832 1308 dixit,
856 1251 914 1292 non
933 1226 1057 1315 Moyses
1073 1229 1156 1315 ipse,
1180 1251 1238 1294 non

83 1328 198 1416 Moyse
215 1332 296 1416 prior
312 1332 416 1416 aliquis
433 1332 480 1395 vel
495 1329 658 1417 posterior,
684 1352 741 1394 uon
759 1331 1021 1414 evangelistarum,
1045 1353 1103 1396 nou
1121 1343 1239 1418 aposto-

84 1434 183 1496 lorum
200 1432 324 1519 denique
339 1435 492 1521 quispiam.
536 1432 604 1498 Nisi
620 1435 695 1496 iorte
711 1433 747 1497 ud
762 1433 911 1517 gentilium
929 1441 1061 1519 po'e‘mata
1073 1435 1237 1518 confugias,

83 1535 186 1619 qualia
201 1547 271 1600 sunt
285 1533 414 1622 Orphei,
438 1534 577 1614 Hesiodi,
601 1533 782 1615 Stesichori,
807 1536 879 1621 apud
899 1557 971 1620 quos
987 1536 1132 1601 hominum
1148 1557 1239 1622 genc-

83 1638 221 1701 raticnes
242 1639 277 1702 ad
300 1639 420 1703 deorum
439 1638 647 1722 appellationes
666 1639 824 1703 translatae
843 1649 927 1718 sunt,
957 1659 1049 1724 eaque
1068 1661 1143 1724 quae
1161 1639 1239 1705 inter

85 1739 230 1804 mortales
245 1750 328 1824 gesta
344 1743 460 1806 lucrant
474 1741 587 1824 politico
602 1761 684 1804 more
700 1743 893 1805 conformata.
928 1737 999 1805 Fuit
1012 1743 1088 1806 enim
1104 1743 1238 1808 huiusce·

85 1843 167 1907 modi
189 1841 304 1907 illorum
327 1843 442 1929 opinio,
469 1865 534 1906 cum
557 1840 674 1922 lovem,
700 1865 733 1908 ac
754 1841 886 1924 Rheum,
911 1854 940 1908 et
961 1841 1119 1925 lunonem,
1142 1843 1237 1911 Pallu-

85 1947 168 2023 dem,
184 1943 352 2030 Apollinem
368 1943 574 2029 Veneremque
590 1945 697 2010 diuinis
713 1946 871 2010 honoribus
886 1957 1105 2027 consecrantes,
1123 1969 1238 2014 eorum·

83 2068 144 2131 que
165 2049 320 2134 pessimam
339 2048 471 2112 sobolem
491 2050 640 2128 verremti,
672 2058 762 2112 totum
782 2050 881 2114 orhem
900 2050 1046 2114 uariorum
1064 2051 1183 2114 deorum
1202 2072 1237 2116 ac

84 2151 310 2215 simulacrorum
329 2150 457 2215 inanium
480 2151 629 2214 erroribus
647 2151 823 2215 imbuerunt.
866 2148 941 2215 Mihi
957 2173 1029 2217 vero
1046 2153 1081 2216 ad
1099 2164 1194 2233 tuam,
1218 2175 1235 2216 o

84 2250 276 2333 Ptolomaee,
299 2265 473 2340 tuorumque
490 2254 717 2318 confutationem
736 2254 805 2317 nihil
821 2253 930 2318 idcirco
947 2275 1122 2340 magnopere
1139 2255 1236 2339 requi·

83 2355 211 2419 rendum
231 2367 292 2437 est,
316 2359 392 2442 quod
410 2357 536 2421 maiores
554 2367 619 2421 tuos
636 2356 748 2420 chuade
765 2356 821 2420 iam
839 2356 1007 2420 refellimus.
1053 2354 1153 2440 Quare
1170 2378 1235 2422 cum

83 2479 126 2522 ex
143 2457 182 2523 iis
198 2480 272 2542 quae
288 2459 363 2524 dicta
379 2471 447 2523 sunt
461 2481 545 2544 quam
562 2459 698 2546 pudenda
710 2459 769 2521 sint
784 2469 832 2522 tua
847 2459 896 2522 illa
909 2459 1042 2542 dogmata
1057 2459 1233 2524 declaratum

83 2561 193 2640 luerit,
218 2561 369 2647 implorata
389 2562 469 2647 prius
486 2583 541 2646 ope
559 2561 685 2626 numinis
701 2559 743 2624 uti
760 2581 842 2624 meae
859 2560 988 2624 tenuitati
1003 2575 1172 2642 succurrat,
1196 2566 1233 2628 ad

83 2651 212 2727 alioruin
235 2664 430 2729 discutiendos
453 2685 571 2728 errores
594 2685 640 2728 me
663 2664 831 2741 conseram,
865 2675 897 2726 ut
917 2683 990 2747 quae
1011 2664 1041 2727 iu
1065 2685 1235 2751 unaquaque

84 2776 176 2847 gente
195 2767 353 2851 pestilerae
370 2767 521 2852 opiniones
538 2768 674 2832 inventae
690 2777 774 2845 suot,
798 2787 849 2830 eas
865 2767 1015 2849 detegam,
1039 2788 1074 2830 ac
1090 2767 1125 2831 de
1142 2769 1234 2832 omni·

82 2867 140 2932 hus
159 2869 370 2952 quodammodo
388 2869 572 2956 triumphem.
618 2868 705 2954 Quod
720 2868 882 2933 institutum
901 2889 918 2930 a
935 2889 981 2932 me
1000 2869 1234 2954 propositumque

84 2970 214 3034 studium
235 2982 267 3035 ut
286 2992 418 3058 exequar
437 2973 594 3037 coelestem
614 2971 683 3034 mihi
702 2973 831 3038 levorem
851 2971 1031 3056 gratiamque
1048 2970 1211 3056 postulabo.

172 3070 285 3138 Verum
306 3085 336 3138 ut
355 3097 445 3162 pauca
463 3075 513 3140 illa
532 3074 622 3139 verha
638 3073 755 3138 interim
772 3074 989 3159 expendamus,
1020 3095 1094 3157 quae
1112 3074 1147 3138 ad
1164 3071 1234 3138 Flo·
1252 3077 1368 3146 Gap-lx·

84 3195 146 3238 ram
169 3174 283 3259 ingenti
307 3199 371 3242 cum
396 3179 472 3242 lastu
489 3176 712 3262 arrogantisque
730 3175 871 3262 scripsisti
894 3177 1005 3258 (solent
1020 3175 1098 3240 enim
1113 3187 1235 3241 onosma

84 3277 215 3361 peccatis
229 3279 435 3359 mulierculae,
459 3291 491 3344 nt
506 3281 547 3342 ait
563 3279 729 3365 apostolus,
753 3279 880 3364 vipereis
895 3279 1034 3342 eiusmodi
1051 3279 1233 3364 dogmatibus
1245 3297 1385 3354 vrsano.

84 3378 213 3464 decipi),
241 3391 306 3445 tuas
328 3382 424 3468 ipsas,
447 3380 634 3462 Ptolemaeo,
657 3401 748 3445 voces
770 3381 825 3446 hoc
843 3381 907 3444 loco
925 3401 1100 3467 proponam,
1125 3401 1233 3466 easque

84 3481 264 3547 necessitate
287 3495 423 3562 coactus,
456 3505 492 3550 ne
516 3507 571 3570 qua
594 3483 718 3547 infelicis
740 3483 799 3548 lolii
823 3484 906 3548 rudis
927 3482 1072 3569 supersit,
1103 3505 1233 3567 congruo

83 3585 187 3648 ordine
209 3585 353 3650 refellam.
397 3585 509 3672 Legem
529 3585 640 3651 asseris
662 3586 804 3650 trilasiam
822 3607 888 3651 esse
907 3585 1046 3665 divisam,
1079 3596 1110 3650 ut
1128 3586 1232 3671 partim

82 3688 195 3766 adeo,
218 3689 323 3772 partim
342 3709 358 3752 a
376 3687 501 3776 Mopse,
526 3690 627 3775 partim
647 3709 665 3752 a
683 3688 849 3754 seuiorihus
867 3689 1000 3752 manarit.
1045 3687 1091 3752 lle
1107 3687 1233 3753 seniori-

83 3787 136 3852 hos
151 3809 241 3875 porro
256 3812 309 3855 cur
323 3791 363 3855 ita
380 3792 502 3871 sentias,
527 3791 615 3870 nihil,
639 3801 671 3856 ut
685 3801 821 3876 apparet,
845 3791 952 3856 ah'errc
967 3801 1050 3876 potes
1063 3791 1094 3854 in
1110 3789 1233 3875 scriptu-

82 3889 123 3954 ris
141 3912 329 3976 expressom.
374 3889 527 3979 Nusquam
545 3894 622 3957 enim
643 3894 674 3956 in
693 3895 759 3978 lege
775 3890 880 3958 tradita
898 3894 947 3957 illa
963 3915 980 3957 a
998 3893 1164 3957 senioribus
1176 3893 1231 3956 ‘de-

83 4005 163 4058 creto
188 4006 399 4060 memorantur.
448 3997 508 4060 Sed
534 4016 684 4062 sacrorum
708 3995 846 4060 librorum
871 4015 1016 4080 peraeque
1043 4015 1078 4060 ac
1099 3993 1232 4059 ueritatis

83 4095 204 4180 ignarus
220 4097 391 4163 calumniari
407 4099 505 4163 sciens
520 4099 667 4177 instituis,
690 4108 902 4182 accurataeque
917 4098 1096 4184 singulorum
1112 4095 1234 4160 notitiae

84 4201 322 4285 consequentiam
341 4221 398 4266 nou
416 4200 511 4266 vides.
555 4199 631 4265 Nam
650 4199 798 4266 seniorum
815 4199 987 4265 traditiones
1003 4194 1233 4282 Δευτεριὶσειςιι

113 4353 137 4406 2.
155 4357 258 4419 liepcsul
280 4351 427 4421 dpuplpcsrcr
449 4369 479 4405 es
497 4355 549 4406 eod.
567 4358 638 4407 lutto.
671 4369 725 4405 rum
736 4357 809 4418 pacto
824 4357 895 4417 intro.
932 4357 966 4418 Ol.
980 4353 1023 4418 25,
1036 4353 1061 4406 l.
1077 4353 1119 4416 3⁰,
1136 4351 1174 4405 13.
1192 4351 1234 4415 32,

83 4427 150 4474 tmct
163 4425 313 4488 Epiphanius
328 4424 451 4475 heccardo
464 4427 506 4474 ult.
542 4425 583 4474 stc
597 4427 639 4474 tte·
672 4419 697 4474 4.
713 4422 756 4485 69,
770 4423 812 4476 61.
848 4426 920 4486 Vutpo
936 4429 1002 4475 estut
1019 4421 1172 4491 ἐκφέρονται.
