3018 4994
328 341 463 394 ransart
481 341 544 392 nnn.
559 343 577 392 t.
595 341 675 394 ron.
692 341 722 390 u.
741 339 837 392 annu.
851 339 971 394 xxxin.
1164 328 1225 398 409

74 473 142 542 est,
175 481 335 548 quaecum
357 462 387 525 in
408 463 515 527 ceteris
538 462 573 526 al
594 460 740 545 antiquam
760 459 893 524 haeresin
913 460 1085 540 ascribitur,
1117 472 1176 524 tum
1196 461 1225 524 in

75 566 113 630 iia
137 585 211 650 quae
235 565 306 630 dnus
329 565 408 630 lnisce
429 563 527 628 verbis
551 563 669 628 statuit:
703 566 759 641 (tul
777 565 953 627 maledixerit
970 571 1052 646 patra·
1067 567 1113 626 uel
1126 569 1220 638 mutrr',
1239 577 1364 634 naam

74 679 166 732 morte
183 673 330 730 momatur.
377 666 425 730 Ad
447 666 515 730 illul
542 687 614 729 vero
639 685 732 750 genuus
753 665 827 748 qnod
847 668 971 750 typicum
989 668 1052 732 siue
1071 646 1377 732 anauahen-M‘lll‘·

77 783 139 834 tum
158 770 281 846 dicitur,
313 769 340 832 iu
359 789 445 832 omnc
463 769 605 854 pertinet,
637 768 712 852 quoti
730 766 900 850 spiritalium
916 779 1002 853 atque
1019 768 1225 834 excellentium

76 894 177 936 rerum
195 873 301 957 figuras
317 873 464 953 contiust;
488 870 648 934 cuiusmodi
665 879 732 934 sunt
747 890 896 934 sacrorum
912 871 1126 936 offerendorum
1145 893 1227 936 cece·

76 975 208 1054 monice,
232 975 427 1052 circumcisio,
451 973 619 1051 sabbatum,
643 970 798 1050 ieiunium,
823 971 942 1057 pascha,
967 995 1088 1059 azymo,
1112 973 1226 1058 alioque

76 1077 185 1140 similia
201 1077 264 1161 lcgc
281 1076 470 1162 praescripta.
517 1072 602 1158 Quae
616 1075 713 1138 omnia
729 1096 793 1138 cum
810 1074 880 1138 nihil
896 1075 970 1138 aliud
986 1086 1102 1161 praeter
1119 1077 1227 1160 figuras

76 1191 168 1264 atquc
189 1179 331 1264 imagines
352 1179 466 1256 lorent,
499 1179 640 1262 patefacta
661 1175 786 1241 veritate
807 1175 944 1240 translata
965 1188 1049 1256 sunt,
1079 1178 1136 1241 imo
1155 1197 1227 1241 veno

75 1281 154 1368 quod
178 1282 212 1346 atl
237 1291 390 1346 externam
415 1280 542 1366 speciem
565 1281 686 1358 attinet,
718 1299 858 1363 usumque
883 1299 1070 1364 corporeum,
1100 1280 1225 1357 sublata,

75 1384 202 1470 spiritali
219 1385 341 1468 quadam
358 1383 470 1446 ratione
486 1391 599 1446 retenta
614 1393 693 1446 sunt.
735 1378 842 1446 lisdem
859 1381 964 1467 quippe
980 1382 1161 1447 manentibus
1177 1383 1227 1445 au-

76 1488 136 1550 buo
153 1486 318 1550 nominibus
337 1505 434 1549 rerum
452 1495 498 1549 est
517 1486 592 1547 lacta
614 1483 746 1548 mutatio.
790 1481 869 1548 Nam
888 1484 993 1548 offerre
1013 1485 1126 1569 qtridem
1144 1505 1228 1550 sacru

75 1587 215 1652 domninus
229 1580 370 1652 instituit}
394 1597 424 1650 al
437 1608 495 1650 non
513 1596 655 1650 mutarum
672 1587 831 1671 pecudum,
856 1588 946 1651 antid
962 1609 1054 1670 genus
1070 1588 1226 1664 suffituum,

76 1691 131 1756 scd
152 1690 292 1776 spiritalis
312 1689 407 1778 potius
424 1689 516 1753 landis
534 1710 569 1752 ac
588 1688 812 1773 praedicationis
833 1699 862 1753 et
881 1689 1089 1768 eucharistiae,
1121 1700 1179 1754 tum
1198 1689 1227 1752 iu

76 1793 227 1858 hominurn
243 1813 336 1874 genus
354 1791 535 1856 liberalitatis
550 1813 584 1854 ac
600 1791 821 1854 betteliccutiae.
866 1789 945 1856 lelcrn
962 1791 1127 1856 circumcidi
1144 1812 1228 1876 prae·

76 1907 162 1960 terea
179 1917 238 1960 non
253 1896 401 1982 corporis,
425 1895 477 1959 sed
492 1895 588 1958 cordis
603 1893 749 1978 animique
765 1894 944 1979 praeputium
960 1893 1051 1959 iubet.
1097 1892 1226 1978 ltemqne

74 1997 192 2060 servari
211 1996 379 2076 sabbatum,
413 2008 443 2060 ut
462 2019 479 2060 a
498 1997 594 2082 pravis
613 1997 755 2060 duntaxat
772 1997 935 2060 actionibus
955 1997 1104 2076 laniemur.
1150 1993 1227 2059 laiu-

75 2120 151 2163 nare
167 2119 256 2185 porro
273 2121 337 2162 cuna
351 2099 484 2185 imperat,
510 2121 567 2162 non
583 2099 660 2162 illam
676 2099 808 2183 corporis
823 2099 960 2177 taeniam,
984 2100 1035 2164 sed
1052 2098 1139 2162 animi
1156 2107 1228 2161 tcm-

76 2201 242 2287 perantinm
259 2202 407 2280 decernit,
432 2213 463 2265 ut
479 2223 495 2264 a
512 2199 628 2284 flagitiis
643 2199 776 2264 omnibus
791 2200 999 2266 abstineamus.
1044 2198 1226 2286 Quicmqunm

76 2325 94 2366 a
112 2302 224 2366 nostris
239 2303 390 2366 exercitiis
407 2304 475 2368 ittnu
492 2323 606 2388 quoquo
623 2303 760 2366 ieiunium
777 2302 939 2382 adltibetnn,
959 2315 1101 2388 quatenus
1115 2305 1149 2366 ad
1167 2303 1229 2368 ani·

75 2426 194 2468 morum
210 2405 361 2469 unitionem
378 2407 491 2470 conlert
508 2405 634 2489 aliquid,
657 2405 682 2468 si
699 2427 763 2470 oum
783 2406 895 2470 ratione
911 2406 1065 2490 suscipias,
1089 2427 1147 2469 non
1164 2385 1228 2468 inii-¹

75 2506 159 2572 tandi
177 2507 346 2593 cuiusquam
362 2509 476 2586 studio,
501 2529 559 2571 non
575 2507 797 2585 consuetudine,
822 2529 880 2572 non
896 2520 1040 2572 certarum
1056 2508 1166 2570 alierum
1182 2528 1229 2572 rc·

75 2611 201 2694 ligione,
226 2610 273 2673 vel
289 2610 408 2674 delinito
422 2610 519 2694 aliquo
534 2625 682 2696 temporc3
706 2611 877 2696 pracsertim
894 2633 958 2674 cnm
976 2609 1038 2674 veri
1055 2611 1154 2674 ieiunii
1171 2629 1230 2672 nte·

74 2711 202 2776 moriam
221 2711 358 2788 refricet,
383 2712 478 2796 utqui
498 2713 623 2776 ninnium
642 2711 710 2776 illul
729 2713 856 2777 assecuti
878 2713 1002 2789 luerint,
1027 2712 1062 2775 ab
1079 2713 1229 2777 exteriora

75 2812 305 2878 commonefacti
320 2814 441 2878 alterins
457 2816 658 2878 recordentur.
705 2811 848 2880 Similiter
862 2826 891 2878 et
905 2814 1011 2900 pascha
1027 2813 1179 2898 animaque
1195 2815 1226 2876 li·

73 2937 168 3002 guras
184 2917 318 2980 extitisse
330 2917 470 2999 quasdam
484 2913 589 2980 l'aulns
602 2917 664 3001 ipsc
680 2917 824 2980 declarate
842 2921 960 2992 Pescla,
980 2917 1083 3001 inquit,
1101 2929 1226 2978 anstrum
1241 2929 1259 2982 1.
1269 2929 1383 2987 conss·

74 3021 239 3082 einmolutua
252 3029 295 3080 est
309 3021 455 3080 Christus:
481 3029 526 3096 et,
554 3023 680 3093 lltsala's,
704 3019 762 3098 ait,
785 3025 883 3100 captui
894 3042 950 3082 non
962 3021 1230 3102 Mlenlessernren·

75 3135 136 3184 tarn
159 3122 348 3204 (termentum
372 3141 444 3184 vcro
467 3121 603 3184 malitiam
625 3122 781 3205 appellat),
811 3126 944 3184 scalellas
964 3143 1035 3184 nonu
1056 3126 1225 3203 conspersae.

165 3321 218 3390 Sic
235 3325 324 3408 igitur
343 3324 393 3388 len
411 3325 493 3410 ipsa,
518 3347 602 3410 quam
623 3347 640 3388 n
661 3327 716 3390 lec
734 3345 868 3390 manasse
890 3327 1016 3390 latentur
1034 3347 1153 3406 omnes,
1177 3326 1228 3389 tri·
1248 3327 1307 3394 unp.
1323 3327 1365 3378 vt.

76 3428 184 3493 loriam
201 3427 350 3491 dividitur.
383 3425 415 3490 ln
432 3448 493 3490 cnm
513 3439 622 3513 partem
639 3449 721 3512 qnam
738 3429 867 3493 salvator
882 3430 1022 3514 implevit.
1058 3429 1138 3492 llaec
1153 3428 1231 3493 cuiun

75 3531 195 3607 omnia,
226 3533 290 3594 Non
306 3534 430 3604 occides,
457 3533 522 3592 Non
537 3534 740 3606 moeclulernir,
765 3535 829 3594 Non
841 3535 997 3613 perieulis,
1022 3532 1051 3594 in
1069 3531 1141 3596 iiscc
1158 3553 1228 3595 oon-
1242 3543 1311 3588 Esau.
1325 3529 1363 3602 aa,

74 3634 221 3710 tinentur,
245 3635 311 3695 Noa
325 3637 469 3706 irasceris,
493 3635 558 3696 Nou
572 3639 759 3715 concupisces.
808 3631 841 3697 ln
859 3655 923 3698 cam
938 3655 1012 3720 quoe
1027 3633 1142 3720 penitus
1158 3633 1227 3698 snn-
1240 3597 1359 3710 Μιξηῗί,

74 3737 136 3800 Ιι1ι
152 3747 210 3798 cst.
257 3733 311 3798 llis
327 3735 402 3798 enim
419 3735 598 3820 praeceptis,
623 3741 739 3800 Oculm
751 3759 806 3818 pro
823 3741 919 3812 oculo,
944 3742 1050 3800 dentem
1063 3761 1118 3818 pro
1132 3741 1224 3810 dente,
1235 3750 1381 3810 cavasanae.

74 3857 154 3923 quae
177 3858 241 3900 cunr
267 3835 407 3900 iniustitia
429 3837 569 3922 permista
590 3849 676 3917 sunt,
703 3840 825 3925 eiusque
847 3861 947 3904 secum
970 3839 1076 3925 aliquid
1099 3840 1228 3918 trahunt,

74 3939 235 4004 contrariis
262 3939 373 4023 legibus
398 3940 566 4024 derogatur.
619 3937 776 4006 Contraria
801 3963 889 4028 porro
911 3963 979 4006 sese
1003 3942 1127 4005 invicem
1154 3941 1230 4024 peri-

74 4053 171 4108 munt.
216 4045 281 4122 Ego
296 4047 367 4104 curin
389 4047 452 4104 alico
468 4046 545 4105 nolu
563 4049 673 4107 omnuim
694 4067 749 4107 non
767 4051 899 4108 resistcre
916 4049 999 4107 mulo.
1045 4047 1104 4106 Sed
1120 4049 1149 4105 si
1162 4047 1379 4125 pessulanum.

111 4175 152 4231 16.
166 4175 347 4244 λέγωιιιῃσιιιί
357 4181 463 4230 excedo
476 4183 547 4231 Voltc.
563 4183 636 4231 venel.
670 4195 722 4232 curn
739 4185 800 4232 otiis,

76 4251 153 4312 vulpe
170 4253 234 4296 estut
250 4245 357 4314 λέγεται.
703 4249 728 4300 ¹2.
746 4247 902 4316 ἐπιθυμῆσαι
915 4251 982 4300 codd.
993 4251 1065 4300 Vatlc.
1078 4253 1151 4300 Vcnct.
1176 4247 1228 4302 lnc-

111 4315 151 4370 17.
171 4317 227 4364 God.
244 4318 318 4366 Venct.
336 4315 384 4382 τῆς
403 4310 492 4382 ζύμης.
671 4315 796 4386 lupariam<
814 4322 865 4369 cod.
879 4319 976 4380 snecta.
993 4322 1014 4366 el
1030 4319 1085 4367 catat
1100 4319 1161 4366 litari.

109 4385 151 4436 18.
167 4380 198 4436 δὲ
214 4387 298 4446 ecrtpst
312 4399 356 4447 pro
371 4399 414 4449 τι,
438 4385 500 4446 pund
515 4385 569 4433 titan·
583 4387 637 4434 reta·-
703 4387 727 4436 3.
746 4383 813 4452 μηδὲ
830 4379 925 4448 ὀμόσαι
941 4387 1019 4436 oduei
1031 4400 1061 4435 cc
1074 4386 1142 4436 codd.
1158 4388 1229 4436 torte.

73 4459 137 4504 nent.
672 4456 748 4504 Vena.
781 4456 808 4505 ln
823 4457 891 4504 cutttts
905 4456 984 4515 flama,
1009 4459 1034 4503 ut
1051 4457 1121 4504 etlam
1136 4457 1162 4506 in
1178 4455 1229 4506 conl

111 4517 152 4573 19.
171 4521 228 4571 Gall.
247 4522 323 4571 Venct.
340 4517 426 4586 λέγειν.
671 4523 784 4587 1111ιι119.,
801 4537 829 4573 rc
846 4525 917 4572 nobo
933 4523 1104 4573 coiceretur.

111 4589 170 4640 Cur.
182 4589 225 4640 Vl.
238 4615 272 4628 -·-
288 4587 310 4639 1.
326 4581 416 4648 Οὕτως
427 4591 518 4641 cannot
529 4591 639 4652 omnum,
705 4587 729 4641 l.
748 4593 805 4642 cod.
822 4593 897 4642 l'rntt.
913 4587 989 4647 lonis.
