3036 4998
366 312 501 366 rinnon
520 311 583 364 mn
596 313 618 365 ι
631 313 715 365 nono
728 313 761 364 11.
778 312 878 364 nuru.
893 313 984 365 xxx.
1184 301 1246 368 ter

100 431 178 496 euim
193 431 263 508 olim
276 431 393 516 aspides
408 433 514 496 iuuisse
528 439 660 510 numani,
677 453 799 517 quorum
812 452 877 496 uum
892 433 1021 498 inuiuue
1036 431 1119 498 duiiis
1133 445 1246 514 essent,

99 535 222 598 nitoeosn
240 534 333 598 nitere
350 533 513 598 devoruvit.
560 532 637 598 Tum
656 553 729 617 qnue
745 532 874 596 ierooiur
888 555 923 598 ae
939 534 1086 598 crudelior
1102 547 1167 600 erut
1183 538 1247 600 solu

98 655 274 713 renonem,
298 645 460 719 euentuque
477 636 565 714 inme,
588 634 716 720 seipsam
732 635 854 698 uouudn
868 636 1012 722 incipiens
1028 637 1163 722 puniotim
1178 659 1248 700 oon·

98 737 238 822 sumpsitp
267 737 353 820 idque
368 736 462 821 ipsum
480 735 511 800 in
526 736 663 822 Aegypto
681 735 839 820 contigisse
858 737 1054 815 nonnullis,
1084 739 1133 822 qui
1147 739 1183 801 de
1200 759 1248 802 re·

98 859 162 901 rum
180 849 285 902 nature
301 839 498 921 uoripsernnt‚
522 839 665 922 proditum
683 849 739 902 est.
784 836 867 902 Unde
886 848 915 901 et
931 839 968 902 ob
986 837 1176 925 Gorgoneum
1195 859 1247 902 ve-

97 937 149 1003 luti
164 951 255 1024 eaput
268 939 523 1024 Aspidogorpouis
537 939 642 1002 merito
656 939 684 1003 ei
699 949 747 1002 est
760 959 866 1003 numen
881 940 1059 1025 impositum.
1104 938 1248 1004 Similiter

96 1039 215 1126 ineptus
229 1061 264 1104 no
278 1040 402 1104 stolidus
416 1038 512 1103 Ebion
527 1038 707 1125 Ebionisque
723 1041 852 1106 iontores
869 1039 1023 1106 oonoidero
1037 1042 1152 1126 seipsos
1164 1053 1247 1106 unte-

98 1152 270 1218 verterunt‚
301 1161 395 1225 enque
422 1140 526 1225 quibus
548 1141 729 1226 potissimum
753 1144 917 1228 gloriantur
943 1142 1026 1206 initio
1051 1142 1244 1208 sustulerunt.

95 1239 167 1306 Non
186 1242 265 1306 enim
285 1239 440 1320 Christus,
462 1253 563 1327 utpote
579 1265 645 1307 oum
661 1244 758 1308 iniens
774 1243 867 1308 odino
883 1256 979 1321 esset,
1002 1254 1097 1307 semet
1110 1244 1172 1328 ipse
1189 1245 1247 1306 oir-

97 1345 244 1408 oumoidit.
291 1341 350 1408 Sed
373 1345 532 1408 iundondns
554 1356 708 1430 propterea
731 1347 899 1410 miserirors
921 1345 1137 1423 deminuunt,
1170 1347 1247 1429 qnod

96 1444 136 1508 itu
153 1465 188 1508 se
208 1443 305 1510 Eiion
321 1445 489 1530 imprudens
505 1445 662 1525 minuerit,
685 1457 719 1510 nt
733 1447 850 1510 minimo
866 1467 938 1512 vern
954 1449 1108 1510 ouniessus
1123 1447 1246 1510 nonnin-

96 1546 183 1608 nondi
205 1546 253 1612 sni
269 1567 370 1610 nusum
388 1546 472 1610 nobis
492 1547 672 1612 obtruderet.
717 1545 752 1614 Si
773 1549 849 1612 enim
869 1549 954 1612 deum
974 1548 1052 1611 iilum
1070 1566 1137 1610 erse
1156 1548 1246 1612 eneti·

97 1657 202 1730 tueque
219 1648 366 1733 delapsum
382 1659 542 1728 assereret,
566 1657 729 1733 octavoque
744 1650 790 1714 die
804 1671 821 1714 n
833 1647 929 1714 Mario
948 1649 1161 1728 circumcisum,
1185 1657 1245 1712 tum

95 1749 210 1830 quidem
230 1759 374 1832 quotenus
392 1760 423 1813 et
439 1750 511 1814 dous
528 1750 621 1826 foret,
651 1760 681 1813 et
699 1751 728 1813 id
746 1752 822 1814 nitro
836 1772 871 1815 uo
886 1751 1036 1816 voluntate
1051 1750 1243 1835 permisisset,

95 1849 261 1934 specioso·
280 1847 415 1934 quiddorir
436 1851 640 1935 adprobabile
660 1851 695 1914 nd
713 1851 944 1916 oiroomoisionis
964 1851 1244 1916 commendationem

94 1951 329 2016 eironmioruueo
350 1949 400 2014 iuti
421 1952 615 2036 proeioisset.
659 1951 720 2016 inm
741 1973 813 2017 vero
836 1974 900 2016 oum
919 1973 1031 2016 merrom
1050 1952 1130 2017 iilum
1151 1953 1244 2016 homi·

95 2071 160 2114 nem
183 2072 270 2132 osse,
298 2062 387 2136 utque
408 2053 443 2116 ub
463 2053 626 2117 homiuibus
644 2053 844 2117 oironmoisom
867 2055 959 2118 inisse
980 2053 1105 2132 sentiat,
1134 2073 1245 2138 nequo·

97 2173 182 2235 qnam
206 2174 298 2237 puero
320 2154 360 2217 ilii
382 2155 464 2218 reiut
484 2155 596 2218 auctori
616 2155 796 2219 tribuendum
817 2166 879 2233 est,
910 2156 985 2241 quod
1000 2166 1106 2219 ootnvn
1122 2155 1162 2220 sit
1179 2156 1244 2220 luen

96 2253 299 2318 eironmoisns.
342 2252 450 2338 Neque
467 2256 543 2320 enim
560 2256 745 2340 semetipsum
762 2257 913 2342 praecidit,
938 2256 988 2320 sed
1002 2257 1029 2320 id
1049 2258 1085 2320 ob
1099 2257 1163 2322 aliis
1178 2278 1245 2341 pns-

94 2373 143 2418 sns
168 2365 232 2435 est3
267 2356 344 2440 quod
369 2357 423 2420 sibi
450 2356 519 2441 ipsis
543 2356 624 2442 pueri
653 2377 712 2420 non
735 2357 861 2435 iaciunt,
894 2379 986 2443 neque
1012 2357 1242 2422 circumcisionis

94 2466 231 2520 onotures
247 2457 320 2541 ipsi,
343 2459 395 2520 sod
412 2477 513 2520 eornm
530 2459 624 2542 potins
639 2468 776 2542 parentes
792 2459 915 2522 habendi
931 2471 1011 2524 sunt.
1056 2457 1174 2522 Etenim
1191 2479 1242 2544 pu·

94 2555 196 2620 sionee
217 2557 258 2620 iili
282 2579 352 2642 pree
374 2559 494 2622 iniuntin
517 2560 583 2643 quid
605 2559 659 2622 sibi
683 2579 699 2622 n
721 2561 889 2645 parentibus
911 2561 961 2624 flnt
982 2562 1127 2646 ignorant.

172 2658 218 2722 As
232 2677 287 2722 nos
303 2671 333 2722 et
346 2661 430 2724 dorum
445 2659 526 2724 iilum
540 2682 557 2724 o
572 2660 654 2724 oueio
670 2661 858 2726 descendisse
875 2662 1013 2740 dicimus,
1037 2672 1068 2725 et
1082 2661 1112 2725 in
1125 2659 1242 2726 Mariae
1258 2658 1360 2778 Χξᾶξὴ

95 2758 220 2842 virginis
237 2769 322 2824 utero
340 2761 470 2845 legitimo
489 2772 617 2846 tempore
635 2763 847 2846 permansisse,
881 2773 987 2848 quanto
1005 2763 1118 2828 seilicet
1133 2763 1243 2846 gesturi
1360 2762 1369 2779 '

93 2859 188 2922 ueteri
205 2861 357 2924 insontium
372 2863 487 2940 uolent,
520 2863 611 2927 donee
629 2883 668 2926 ex
685 2864 735 2927 iiio
751 2865 874 2949 virginio
890 2875 975 2928 utero
992 2867 1144 2948 minens,
1175 2882 1242 2950 per·

95 2961 172 3024 teoto
194 2960 255 3024 iam
279 2962 402 3026 hominis
426 2963 502 3047 qnod
523 2963 658 3027 indueret
680 2985 820 3050 oorpore,
853 2977 1018 3052 susceptum
1044 2987 1117 3030 uso
1138 2965 1242 3030 suintis

94 3073 213 3125 nostrus
229 3064 463 3146 procurationem
479 3065 597 3148 aggredi
615 3064 750 3130 institnit.
794 3063 830 3131 in
844 3089 902 3152 qna
916 3078 947 3130 et
961 3068 997 3132 nd
1014 3067 1089 3130 diem
1106 3077 1240 3132 oouvum

91 3181 149 3224 uon
165 3162 266 3246 speeie
284 3173 387 3244 tenus,
418 3167 471 3228 sed
488 3165 586 3252 reipsa
603 3167 791 3232 oiroumoisns
809 3179 866 3232 est.
912 3173 994 3232 Venit
1010 3174 1082 3231 moin
1101 3181 1133 3230 nt
1149 3173 1237 3250 legem
1245 3177 1390 3229 Mumm-

90 3284 125 3323 ae
138 3267 342 3344 popkwnm
357 3270 486 3347 uinplmt
496 3271 623 3342 munrtu,
646 3287 702 3330 uon
717 3281 868 3345 comto-et,-
891 3279 979 3354 etque
992 3281 1023 3334 nt
1039 3269 1166 3334 alienum
1179 3291 1239 3334 non

93 3363 186 3428 inisse
199 3363 295 3448 iegem
311 3369 493 3445 ostenderet,
515 3370 567 3432 sed
583 3390 600 3432 n
616 3369 714 3454 seipso
727 3391 896 3434 conoessum
912 3371 947 3436 nd
962 3392 1046 3436 ouum
1059 3391 1151 3455 usque
1165 3381 1239 3435 tenu·

93 3485 146 3547 pus
171 3465 226 3528 suit
249 3466 418 3550 quibusdum
443 3469 599 3552 iignrnrum
622 3470 700 3534 velut
722 3471 895 3536 umbruoniis
916 3472 1097 3556 perstitisses
1129 3493 1187 3557 qno
1207 3471 1239 3538 iu

92 3583 159 3628 seue
178 3587 214 3629 uo
229 3588 282 3650 per
297 3589 365 3633 sese
381 3570 580 3654 quodeunque
595 3571 653 3655 legi
668 3572 768 3636 deerat
782 3581 929 3656 postremo
942 3574 1102 3659 suppleret,
1123 3576 1238 3638 eodem·

91 3683 148 3748 pne
167 3666 217 3729 iiio
237 3669 393 3754 figurarum
411 3669 562 3736 invoinoru
577 3673 615 3736 sd
631 3673 790 3758 spiritaiem
808 3675 1016 3758 perfectionem
1034 3693 1069 3739 no
1084 3676 1239 3740 veritatem

92 3768 233 3849 perducto
250 3769 356 3854 tigerus
373 3791 440 3834 esse
457 3768 581 3836 desiisse
600 3785 686 3858 utque
704 3777 740 3837 nd
757 3775 910 3838 veritatem
930 3775 1082 3840 transiisse
1099 3785 1158 3838 tum
1176 3777 1240 3860 ipse

90 3887 178 3950 quum
199 3870 263 3934 eius
283 3871 406 3954 upostoii
425 3873 636 3956 proedioorent.
682 3871 715 3938 in
734 3876 784 3938 iiio
800 3875 906 3962 quippe
925 3877 1000 3960 quod
1017 3876 1156 3961 seriptum
1173 3886 1240 3940 erni

90 3967 121 4030 iu
135 3969 205 4052 tege
218 3973 378 4055 periootum
393 3983 458 4053 est,
481 3973 526 4054 id,
548 3976 675 4060 inquom,
700 3979 774 4060 qnod
787 3979 823 4040 ud
840 3978 905 4042 eins
918 3997 1011 4061 nsque
1027 3987 1159 4062 temporo
1172 3991 1239 4062 per·

89 4067 226 4150 duravit,
250 4083 280 4136 et
294 4071 325 4136 in
341 4074 405 4157 ipsu
422 4077 479 4138 ium
494 4075 655 4140 nmointnm
672 4078 876 4162 impletumque
890 4077 988 4156 desiit,
1013 4078 1146 4142 nimirum
1162 4079 1240 4163 quod

90 4165 226 4254 Sepborn
243 4173 376 4238 dioeietz
406 4179 493 4238 Steu't
506 4183 625 4258 sangnis
642 4183 860 4241 cinnamomi
868 4183 936 4260 fito·
953 4185 1016 4242 moi.
1061 4177 1132 4244 Non
1151 4180 1237 4260 dixit,
1252 4185 1389 4244 resonem

91 4273 370 4357 Cmcnnrridifidiem
383 4299 481 4340 meum.
526 4275 632 4364 Neque
652 4281 728 4343 enim
745 4281 774 4345 id
791 4280 895 4365 agebat
906 4281 1042 4366 ungulus,
1065 4293 1098 4346 ut
1115 4283 1239 4348 oironm·

89 4371 166 4437 nisio
181 4373 285 4456 ieret,
315 4395 410 4462 nequ
425 4379 576 4463 unguinis
594 4391 673 4445 metu
689 4383 830 4460 rooessit,
859 4383 911 4446 sed
929 4391 961 4446 ut
977 4403 1044 4446 enm
1061 4384 1203 4450 iniontem
1221 4407 1240 4449 n
