2986 4996
303 327 437 382 rossan
455 327 530 381 aov.
549 327 715 382 uasussss
733 329 794 380 ure.
812 333 831 381 1.
848 331 927 382 rou.
944 333 962 381 r.
1165 321 1199 380 51

260 549 497 626 CONTRA
534 551 995 646 PYTHAGOREOS,

203 693 282 765 quae
309 675 361 743 est
387 668 567 745 Gentilium
592 670 738 747 haeresis
759 671 819 764 V„
842 671 962 750 ,ordine
981 671 1059 746 Vll.

146 817 201 884 Sed
221 831 290 884 ante
310 820 385 884 huno
401 817 585 906 Pythagoras
607 843 641 887 ac
660 819 848 907 Peripatetici
869 843 932 886 cum
954 842 987 886 se
1009 823 1094 886 deum
1113 844 1201 888 unum
1220 827 1278 897 Cap.
1298 833 1316 882 t.

76 921 179 986 definire
202 925 407 1008 profiterentur
428 922 457 986 in
478 922 553 987 alind
576 923 772 1008 philosophiae
792 944 903 1006 genus,
932 924 1045 1008 aliaque
1067 925 1201 1010 dogmata

74 1035 130 1086 sunt
147 1025 283 1109 prolapsi.
328 1021 368 1088 Et
389 1034 449 1088 tum
470 1024 535 1103 ille,
566 1035 624 1088 tnm
648 1025 711 1089 eius
733 1035 893 1090 sectatores
917 1025 1017 1088 eadem
1045 1047 1110 1090 cum
1134 1024 1201 1091 Pla·

76 1126 162 1190 touicis
184 1126 333 1205 sentiunt,
365 1126 440 1209 quod
467 1127 502 1190 ad
527 1125 679 1190 nefandam
703 1125 874 1212 impiamque
893 1127 1066 1190 sententiam
1089 1139 1202 1213 spectat

74 1227 275 1290 demutatione
300 1247 453 1312 corporum
471 1227 688 1311 animarumque
707 1228 895 1307 transitione,
925 1251 959 1292 ac
981 1228 1017 1292 dc
1034 1231 1201 1294 eorumdem
1256 1209 1275 1250 ⁴

73 1329 243 1414 maruptinne
265 1349 432 1413 corporum.
475 1328 521 1392 Ac
543 1325 726 1413 Pythagoras
750 1329 863 1412 quidem
887 1341 1034 1415 postremo
1057 1329 1144 1395 vimus
1172 1333 1201 1394 in

72 1426 155 1493 bledla
177 1431 264 1493 sotis.
308 1426 369 1512 Qui
390 1429 509 1514 insuper
530 1430 614 1493 deum
637 1450 705 1494 esse
726 1449 897 1515 corporeum
914 1431 1035 1511 asserit,
1066 1432 1202 1496 videlicet

72 1533 183 1596 eoelum.
228 1527 322 1596 Cuius
339 1531 440 1595 oculos
457 1541 644 1616 caeterasque
664 1541 797 1616 tanquam
817 1532 845 1594 in
862 1532 977 1596 homine
993 1544 1091 1617 partes
1108 1534 1200 1598 solem

70 1645 95 1695 et
113 1635 206 1698 lunam
228 1632 396 1713 constitnit,
419 1653 453 1696 ac
474 1632 601 1716 reliquas
622 1632 723 1698 stellas
744 1632 943 1718 meque
965 1633 1116 1699 coelestia.

388 1853 867 1948 bubulconum,

179 1995 264 2071 qnae
289 1979 340 2048 est
364 1973 426 2048 VI.
453 1971 822 2067 esculentiores,
848 1973 963 2048 ordine
983 1973 1080 2050 vlu.

139 2121 179 2190 Ut
195 2145 212 2188 a
228 2123 375 2210 prioribus
395 2121 558 2200 discedam,
581 2119 726 2209 Epicurus
746 2123 955 2212 providentiam
972 2145 989 2188 e
1007 2125 1114 2190 mundo
1134 2149 1199 2192 sus·
1217 2137 1276 2206 cop.
1295 2143 1315 2191 1.

67 2227 132 2291 tuit.
171 2223 253 2290 ldem
274 2247 313 2289 ex
332 2225 436 2289 atomis
456 2223 594 2289 universa
612 2236 765 2305 constare,
794 2239 880 2310 atque
904 2225 934 2290 in
956 2237 1069 2291 atomos
1090 2231 1200 2294 resolvi

65 2328 187 2392 eredidit.
237 2327 285 2391 Ad
314 2325 387 2391 baec
415 2325 533 2390 fortuito
558 2327 622 2390 lieri
652 2327 766 2408 omnia,
801 2327 994 2413 mundumque
1024 2330 1198 2410 consistere,

63 2442 214 2514 generante
238 2441 344 2494 natura
366 2439 561 2514 pereunteque
582 2439 737 2514 perpetuo,
769 2427 834 2492 dum
858 2449 961 2492 rursus
984 2451 1023 2493 es
1045 2433 1200 2516 semetipsa

63 2533 239 2608 renascitur,
273 2551 309 2595 ac
337 2529 445 2594 nullum
477 2529 653 2615 propagandi
685 2531 731 2594 sui
761 2529 968 2614 occidendique
998 2531 1084 2596 finem
1116 2535 1196 2598 lacit.

61 2631 160 2699 Fuisse
180 2645 335 2720 praeterea
354 2631 403 2697 ovi
419 2631 512 2695 instar
529 2631 748 2696 urtiversitatem
768 2652 900 2710 omnem,
924 2632 1002 2696 circa
1019 2633 1094 2718 quod
1112 2656 1197 2699 ovum

62 2737 180 2800 sinuosis
206 2734 332 2798 flexibus
354 2731 528 2817 implicatum
551 2733 694 2818 serpentis
722 2755 802 2797 more
827 2732 975 2820 spiritum,
1009 2733 1088 2798 velut
1113 2755 1198 2799 eoro—
1256 2813 1261 2825 Χ

61 2857 119 2900 nan
141 2859 176 2901 ac
198 2835 364 2920 cingulum,
395 2835 484 2920 ipsam
507 2835 701 2898 adstrinxisse
723 2845 867 2899 naturam.
913 2831 973 2899 Sed
995 2837 1061 2900 dum
1081 2840 1197 2900 oculer-

61 2939 259 3003 tausinanum
276 2937 424 3000 materiam
441 2935 625 3020 universique
642 2946 772 3000 naturam
789 2935 988 3000 vehementius
1002 2949 1115 3002 arctare
1130 2937 1196 3002 niti-

61 3050 113 3120 tur,
138 3039 261 3104 subinde
278 3037 383 3101 molem
399 3059 512 3101 omuern
529 3039 558 3100 in
573 3037 782 3121 hemisphaeria
800 3037 856 3100 duo
870 3058 1034 3121 separasse,
1056 3039 1196 3103 indidem·
1319 3113 1324 3126 ·

61 3161 110 3226 qne
127 3138 347 3204 indivisibilium
366 3137 601 3224 corpusculorum
620 3134 818 3202 exorationem
837 3158 903 3202 esse
921 3139 1042 3220 iactam,
1075 3142 1148 3205 adeo
1165 3153 1197 3206 nt

60 3243 165 3305 leviora
186 3239 398 3324 subtilioraque
421 3259 536 3304 sorsum
559 3239 727 3319 evolarent,
758 3237 892 3302 nimirum
917 3239 985 3321 lus,
1015 3241 1134 3321 aether,
1166 3254 1197 3307 et

60 3343 129 3426 qnod
147 3353 210 3406 erat
227 3341 347 3428 spiritns
364 3341 581 3420 tenuissimum,
612 3358 685 3425 quac
703 3362 774 3404 vero
791 3340 943 3425 granoso,
973 3363 1008 3405 ao
1023 3343 1111 3406 veluti
1127 3367 1194 3430 pur-

59 3455 187 3528 gamenta
210 3445 324 3523 locent,
354 3461 470 3527 pessum
490 3442 690 3520 subsiderent,
721 3441 879 3505 cuiusmodi
899 3452 1025 3522 terram,
1054 3443 1117 3508 sive
1137 3446 1193 3508 sic·

59 3568 119 3610 eom
142 3545 252 3631 ipsnrn,
282 3552 311 3607 et
334 3565 473 3627 aquarum
497 3542 639 3606 humidam
659 3553 786 3605 naturam
806 3542 907 3606 fnisse.
951 3544 1041 3607 Addit
1058 3567 1110 3629 per
1126 3567 1193 3609 sese

59 3648 190 3711 demersa
212 3645 325 3710 moveri
345 3665 379 3710 ac
404 3644 534 3729 polorum
554 3643 736 3728 siderumque
755 3643 899 3728 vertigiue
921 3643 1023 3728 raptim
1044 3646 1125 3710 velut
1142 3647 1192 3710 ue-

57 3749 142 3812 xnosi
157 3749 232 3811 illins
250 3747 367 3830 spiritus
383 3746 542 3830 agitatione
557 3745 675 3832 corripi.
720 3742 802 3810 llaec
817 3765 871 3810 nos
887 3745 922 3809 de
938 3745 1060 3810 istorum
1075 3748 1191 3832 dogma-

57 3850 130 3914 tibus
152 3849 247 3914 obiter
267 3849 407 3912 duntaxat
428 3846 587 3932 attigimus.

54 4055 161 4104 annosis
176 4057 255 4105 minos
269 4068 358 4116 pucros
376 4056 398 4102 et
414 4053 548 4101 mrdtticms
561 4065 606 4114 po-
671 4050 686 4081 ‘
705 4051 877 4113 tosera'psoaem
892 4066 936 4102 oro.
951 4053 1001 4102 cod.
1015 4051 1112 4114 lthedip.
1144 4053 1191 4103 Pro

54 4135 103 4172 rsa
120 4123 208 4184 Μὰ,
232 4135 263 4171 es
277 4133 333 4172 occe
349 4117 431 4169 inedie
451 4121 495 4168 uta
511 4121 608 4181 effocent
637 4111 806 4182 'Emancipato
821 4119 874 4168 edtt
888 4122 963 4181 princ.
981 4133 1026 4180 pro
1046 4131 1109 4168 more
1124 4121 1192 4171 babet

53 4187 180 4238 Mediam?
214 4191 261 4241 Sed
277 4191 333 4240 hose
348 4201 386 4238 aas
405 4190 430 4238 to
446 4187 522 4236 medlo
536 4189 606 4236 raha-
637 4181 799 4251 'Eureeipcoa
813 4187 849 4236 lto
862 4190 1015 4248 mproettnm
1028 4187 1078 4236 cod.
1092 4189 1189 4251 lthedtp.

52 4257 152 4318 qoem
638 4269 687 4303 nac
702 4267 754 4303 eum
769 4255 823 4303 edd.
836 4257 910 4316 princ.
928 4247 1090 4318 llobopo'paoc

85 4323 109 4374 5.
122 4325 184 4374 seo
195 4326 289 4374 whose
298 4325 421 4373 Patauium
431 4324 541 4387 στοιχεῖα
551 4317 606 4369 ele-
673 4320 731 4369 Gar.
747 4321 766 4370 l.
782 4347 811 4358 -·
831 4323 853 4371 1.
871 4315 916 4384 ἧδ’
930 4310 963 4373 mi
977 4318 1048 4374 πάλιν
1064 4323 1102 4372 ed.
1114 4325 1189 4386 pclare.

52 4400 144 4450 maa,
155 4395 244 4441 mano
255 4393 356 4440 saumas.
368 4391 397 4439 ιιι
407 4392 466 4438 aaa
478 4391 606 4439 camoena,
638 4381 680 4456 ds
697 4376 730 4440 ad
746 4381 817 4441 πάλιν
833 4391 869 4437 aa
886 4391 967 4439 reno.
1097 4429 1101 4437 .

51 4457 144 4518 phiti-
175 4461 238 4510 snat
253 4461 316 4510 snb
332 4453 476 4524 μορφώσας
495 4455 539 4508 τοῦ
558 4457 605 4519 to-
671 4444 1016 4522 suithleiscranne.
1040 4449 1084 4524 aid
1097 4445 1130 4511 mi
1142 4453 1190 4510 nai-

53 4526 148 4580 oms.
638 4525 673 4578 ltu
689 4525 726 4576 ed.
739 4527 821 4578 Peion.
1019 4593 1022 4599 Ι

942 4611 991 4676 4*
