3010 5000
269 311 330 372 496
693 319 814 372 SANCTI
831 320 999 372 ΕΡΙΡΗΑΝΙΙ

269 463 380 523 χονται,
403 433 444 512 σίς
458 433 518 502 άπά
533 443 586 518 τῆς
599 437 815 522 προειρημένης
828 435 967 521 βρώσεως
981 442 1034 518 τῆς
1048 439 1210 518 θυςοθμλας
1223 437 1425 520 ἐμπεπλησμέ

271 565 334 616 νοι,
357 541 407 604 καί
422 535 462 614 σός
477 536 546 603 κενά
563 537 702 621 δαιμόνια
718 535 920 620 άπατηθέντες
934 531 1020 604 οὗτοι
1032 535 1082 604 τόν
1098 537 1188 619 ὅφιν,
1210 536 1252 614 οἷς
1264 547 1425 622 προεῖπον,

271 638 432 718 δοξάζουσι.
479 643 538 704 ίίαί
553 639 609 725 ὅρα
623 643 665 716 είς
679 639 754 723 ὅσην
770 642 884 725 προέβη
900 646 1119 724 κακομηχανίαν
1135 638 1154 708 ύ
1169 639 1292 717 τούτους
1305 639 1424 723 dm}-

271 767 325 819 σας
348 741 426 824 όφις.
472 741 618 828 Καθάπερ
641 741 697 828 γάρ
716 745 746 820 ἐξ
764 739 898 826 ύπαρχῆς
913 740 985 819 τοῦς
1003 745 1070 828 περί
1088 741 1175 808 Εῦαν
1192 745 1242 808 καί
1258 741 1309 809 τόν
1326 741 1426 826 Ἀδάμ

270 845 435 929 ἠπάτησεν,
459 843 537 911 οῦτω
554 848 605 910 καί
621 851 676 910 νῦν
692 844 833 925 κρύπτων
848 843 955 910 ἐαυτόν
971 847 1004 912 ἐν
1020 871 1050 910 τε
1065 851 1106 934 τῷ
1122 844 1245 932 παρόντι
1263 847 1314 911 καί
1330 847 1366 910 ἐν
1384 851 1427 934 τῷ

269 947 364 1036 χρόνω
379 952 439 1013 τῶν
452 945 604 1012 Ἰουδαίων
617 946 683 1032 άχρι
698 953 750 1030 τής
763 951 816 1013 τοῦ
832 953 964 1034 Χριστοῦ
978 952 1150 1034 παρουσίας.
1194 945 1270 1012 Είτα
1282 947 1334 1013 καλ
1348 973 1427 1030 προ·

271 1049 433 1133 βαινόντων
448 1055 506 1115 τῶν
521 1048 636 1133 χρόνων
651 1053 766 1132 λίχνους
782 1047 869 1126 ὄντας
887 1049 958 1126 τούς
972 1047 1156 1136 άνθρσίπους
1172 1057 1208 1140 τῇ
1225 1047 1262 1116 δι’
1278 1047 1376 1115 αύτοῦ
1391 1053 1426 1116 ἐκ

1498 1709 1499 1762 ί

271 1160 322 1236 τῆς
339 1159 494 1238 παρακοῆς
509 1155 657 1240 ληφθείση
676 1150 783 1236 βρύσει
805 1155 848 1217 ἐτι
862 1150 1062 1219 ύττονοθεύων
1083 1154 1135 1218 καί
1154 1154 1291 1235 ἐρεθίζων
1312 1153 1355 1226 είς
1372 1177 1424 1216 πε-

271 1257 441 1339 ρισσοτέραν
455 1251 572 1336 άπάτην
587 1251 645 1319 άπό
661 1259 714 1320 τοῦ
729 1252 813 1329 ὄντος
825 1261 902 1320 θεοῦ
916 1252 1068 1337 άφίσιησι,
1091 1253 1182 1321 πολλά
1196 1255 1250 1337 μίν
1265 1251 1426 1336 ύπισχνού·

272 1383 359 1440 μενος
376 1354 436 1436 άεί,
459 1352 501 1432 τός
515 1358 565 1421 καί
581 1359 610 1432 ἐξ
626 1353 724 1441 άρχής.
769 1360 830 1422 Καὶ
846 1355 900 1442 γάρ
916 1359 967 1422 καὶ
980 1356 1045 1424 τότε
1059 1353 1200 1440 ήπάτησε,
1221 1359 1323 1442 λέχων,
1336 1355 1423 1420 ’Ἐσε-

271 1469 327 1523 σθε
349 1456 390 1534 τίς
407 1461 486 1523 θεοί·
515 1455 576 1522 είτα
593 1455 759 1542 προϊόντων
780 1465 837 1523 τοῖν
854 1457 969 1546 χρόνων
987 1458 1042 1541 τήν
1059 1457 1256 1544 πολύμορφον
1272 1461 1324 1524 καλ
1339 1483 1424 1544 τερα-

271 1562 350 1643 τοίῦη
369 1564 532 1642 φαντασίαν
549 1557 651 1635 αύτοίς
668 1560 860 1647 ἐξειργάσατο.
903 1559 976 1627 ’Λπό
993 1559 1049 1647 γάρ
1067 1566 1120 1627 τοῦ
1134 1559 1200 1638 ἐνός
1217 1564 1269 1626 καὶ
1285 1569 1337 1628 τοῦ
1352 1560 1424 1644 άλη-

272 1670 362 1728 θινοῦ
376 1668 452 1727 θεοῦ
466 1659 633 1744 άποστήσας
650 1660 759 1739 αύτούς
773 1666 938 1746 ἐνεκίσσησε
952 1663 1041 1729 πάλαι
1055 1664 1107 1747 τήν
1122 1671 1175 1747 τῆς
1188 1667 1426 1748 είύωλσλοτρείας

273 1767 324 1831 καί
338 1769 500 1840 πολυθεϊας
516 1763 690 1848 βλάσφημον
703 1771 898 1846 κενοφωνίαν.
945 1764 1163 1851 Ούόίποτεχάρ
1178 1759 1255 1849 ἦσαν
1268 1769 1345 1846 θεολ,
1369 1765 1424 1842 ι’ύς-

273 1893 326 1952 ιτερ
342 1864 412 1933 ούῦέ
428 1869 509 1943 είσιν,
532 1863 602 1930 άλλά
618 1863 637 1932 ό
650 1866 729 1942 θεός.
776 1872 942 1952 Προεκίσσα
958 1869 990 1934 όέ
1005 1867 1058 1952 τήν
1074 1871 1286 1952 είῦωλομανίαν
1303 1871 1355 1934 καί
1368 1895 1424 1934 πο·

271 1975 395 2036 λυθεΐαν
412 1972 464 2034 καί
481 1965 632 2051 ἀπατηλήν
647 1967 794 2034 διάνοιαν·
818 1967 873 2036 οῦκ
893 1963 928 2053 ἦν
945 1971 977 2036 δέ
993 1974 1087 2048 αίτισς
1101 1970 1194 2053 μόνος
1208 1969 1226 2038 ό
1242 1969 1424 2054 φαινόμενος

271 2071 336 2138 τότε
353 2069 440 2154 όφις,
471 2067 541 2135 άλλά
558 2068 577 2135 ό
594 2074 625 2136 ἐν
640 2076 681 2159 τῷ
698 2070 767 2152 όφει
784 2071 855 2152 όφις
871 2071 1012 2156 λαλήσας,
1044 2075 1123 2155 φημί
1139 2074 1172 2138 δέ
1188 2071 1342 2156 διάβολος,
1370 2075 1423 2137 καί

274 2172 325 2256 τήν
340 2171 434 2254 ιίκοήν
449 2178 501 2238 τοῦ
516 2171 682 2258 άνθρούττου
697 2173 824 2258 παροίξας
838 2173 888 2240 διά
902 2183 954 2258 τῆς
969 2173 1117 2261 γυναικός.
1162 2177 1223 2239 Καὶ
1239 2172 1310 2240 οῦδὲ
1324 2173 1357 2240 τό
1374 2175 1422 2251 ξύ-

273 2283 323 2340 λον
336 2268 374 2358 ήν
388 2271 513 2360 άμαρτία
530 2273 615 2352 (θεός
629 2273 685 2360 γάρ
698 2273 784 2340 οῦδὲν
797 2276 930 2363 πονηρόν
944 2275 1090 2357 φυτεύει)·
1107 2280 1215 2362 γνοῦσιν
1228 2277 1260 2342 δὲ
1272 2279 1423 2358 ἐνεποίησε

273 2377 306 2442 τό
324 2375 410 2454 ξύλον
425 2383 478 2442 τοῦ
496 2377 604 2442 είῦὲναι
620 2374 738 2463 άχαθόν
755 2405 785 2444 τε
801 2381 853 2444 καί
869 2385 992 2460 φαῦλον.
1037 2381 1097 2444 Καί
1115 2376 1180 2462 ου’χλ
1196 2378 1246 2444 διά
1265 2377 1298 2444 τό
1314 2379 1422 2444 είῦίνοιι

274 2475 292 2544 ύ
312 2477 459 2557 θάνατος,
488 2475 559 2544 άλλά
580 2477 630 2544 διά
651 2479 705 2562 τήν
725 2479 888 2566 παρακοήν.
933 2483 992 2546 Καὶ
1015 2479 1071 2567 γάρ
1092 2477 1114 2562 ή
1134 2486 1216 2546 πᾶσα
1236 2487 1290 2546 τοῦ
1310 2481 1421 2562 ἐχθροῦ

275 2579 338 2645 τότε
355 2578 481 2662 συσκευή
500 2578 553 2664 ούχ
568 2583 664 2646 ἕνεκεν
680 2587 734 2647 τοῦ
748 2581 903 2668 βριόματος
921 2585 1053 2668 γέγονεν,
1083 2579 1141 2646 ἄλλ’
1157 2585 1254 2648 ἕνεκεν
1271 2587 1324 2648 τοῦ
1338 2579 1421 2667 ἐρχό-

275 2691 386 2748 σασθαι
408 2679 509 2756 αύτοῐς
533 2679 588 2764 τήν
611 2682 773 2768 παρακοήν.
808 2683 906 2749 Ὅθεν
931 2683 1170 2768 παρακούσαντες
1196 2684 1261 2752 τότε
1290 2690 1343 2749 τοῦ
1368 2683 1421 2764 μίν

277 2787 466 2870 Παραῦείσου
484 2787 594 2861 ἔξωθεν
614 2789 757 2870 γίνονται,
786 2788 1005 2870 ἐπιτιμηθέντες
1024 2785 1209 2868 ίικαιότατα,
1232 2785 1269 2852 ού
1284 2783 1358 2852 κατά
1374 2793 1419 2865 μῖ·

274 2909 336 2966 σος,
353 2883 423 2950 άλλά
437 2885 511 2951 κατά
525 2888 687 2968 ε’ττιμὲλειαν
701 2895 755 2952 τοῦ
772 2895 856 2953 θεοῦ.
904 2889 982 2972 Φησὶ
997 2887 1054 2974 γάρ
1069 2888 1144 2976 πρός
1159 2886 1268 2966 αύτούς
1281 2885 1419 2974 άκύριος,

275 2995 319 3071 Γῆ
337 2985 378 3068 εί,
408 2990 458 3053 καὶ
477 2989 518 3062 τίς
533 2995 588 3072 μήν
605 2986 758 3078 άπελεύσ-η.
792 2987 874 3056 Ἔδει
893 2989 948 3077 γάρ
967 2989 1017 3056 τόν
1035 2990 1128 3068 ύντως
1145 2989 1217 3057 ῦντα
1235 2995 1363 3075 τεχνίτην
1374 3013 1419 3054 κε·

275 3091 390 3175 ραμέως
411 3093 497 3172 δίκην
514 3089 722 3173 ἐπιμελόμενον
742 3098 796 3157 τοῦ
814 3095 893 3158 ίιλίσυ
915 3091 965 3158 όιά
983 3101 1087 3181 χειρῶν
1106 3095 1311 3176 πεπλασμένον
1329 3090 1419 3158 αύτοῦ

273 3191 442 3273 πλάσματός
456 3217 486 3256 τε
501 3195 550 3256 καί
567 3190 676 3278 άχχους
690 3199 777 3259 τοῦτο
795 3192 917 3280 ύστερον
933 3198 965 3261 ἐν
979 3195 1155 3280 ἐλαττούματι
1169 3193 1292 3282 χεχονός
1306 3191 1356 3260 όιά
1368 3199 1419 3274 τῆς
1499 3241 1500 3268 ι

153 3327 203 3372 ηις.
217 3315 261 3360 ns.
276 3301 430 3378 παρακοῆς
451 3333 493 3344 -
514 3295 579 3372 καὶ,
610 3291 650 3369 σός
663 3297 770 3374 εἰπεῖν,
793 3298 835 3361 ἐτι
851 3305 947 3380 πηλοῦ
962 3295 1063 3377 ὄντος,
1084 3299 1135 3363 καί
1153 3295 1195 3372 οἷς
1213 3293 1299 3363 ὅύτιῦ
1316 3293 1419 3382 βοχάόι
1499 3345 1500 3350 1

275 3392 481 3481 άπορρύμσιτος
496 3393 647 3480 γεγονότος
663 3405 717 3461 τοῦ
734 3396 843 3482 άχγους
864 3437 904 3450 --
926 3398 968 3482 μή
985 3398 1069 3465 ἐάσαι
1083 3399 1189 3480 οῦτως,
1211 3397 1284 3464 άλλά
1299 3400 1417 3482 μετοβσ-
1499 3403 1500 3408 '

273 3505 331 3562 λεῖν
346 3500 388 3574 είς
403 3495 436 3562 τό
455 3495 576 3582 άρχαῖον
592 3496 727 3581 φύραμα·
752 3503 802 3563 ίνα
817 3493 909 3577 αὖθις
924 3503 956 3566 ἐν
970 3509 1005 3590 τῇ
1022 3501 1221 3589 πσλιχγενεσίμ
1236 3497 1417 3585 α’νασιιευάοη

273 3599 307 3664 τό
326 3598 415 3685 άχχος
430 3601 462 3664 ἐν
477 3605 511 3688 τῇ
526 3598 677 3664 άναστάσει
694 3603 735 3676 είς
747 3598 801 3683 τήν
817 3599 942 3686 άρχαίαν
956 3601 1148 3686 φαιδρότητα,
1170 3605 1220 3668 καὶ
1238 3605 1281 3668 ἔτι
1292 3598 1417 3688 περιπό-

274 3727 366 3785 τερον,
388 3703 517 3766 τουτίστι
533 3701 568 3766 τά
581 3701 702 3784 σάματα
718 3707 775 3766 ττῦν
790 3702 827 3767 τά
843 3702 1009 3774 άῦικιότατα
1027 3704 1201 3790 πραξάντων
1215 3707 1267 3770 καί
1284 3727 1417 3786 μετανοη-

274 3803 387 3870 σάντων
402 3805 454 3868 καλ
467 3801 656 3868 άποστάντων
668 3812 727 3869 τῶν
741 3807 825 3870 ίόίων
840 3808 1018 3888 σφαλμάτων
1030 3809 1081 3872 καὶ
1095 3809 1126 3872 ἐν
1139 3813 1174 3896 τῇ
1186 3805 1292 3892 χνσόσει
1305 3811 1356 3870 τοῦ
1367 3829 1415 3868 κυ-

275 3911 340 3991 ρίου
362 3903 447 3988 ήμσῦν
463 3903 559 3988 Ἰησοῦ
576 3913 706 3986 Χριστοῦ
721 3909 948 3986 τελειωθέντων,
977 3911 1027 3974 ἵνα
1046 3909 1160 3994 γίνηται
1177 3916 1233 3973 τοῦ
1251 3907 1416 3994 φυράματος

275 4005 295 4090 ή
311 4005 468 4082 άνάστασις
484 4011 516 4072 ἐκ
533 4014 583 4090 τῆς
599 4017 667 4094 χής,
690 4006 731 4084 οίς
746 4007 869 4095 φύραμα
884 4012 1032 4092 μαλαχθέν
1046 4008 1127 4095 παρά
1142 4015 1195 4076 τοῦ
1211 4015 1349 4093 τεχνίτου,
1368 4007 1414 4071 καί

275 4101 367 4186 αὖθις
388 4113 429 4184 είς
451 4107 504 4192 τήν
525 4108 647 4196 άρχαίαν
667 4115 718 4176 καί
740 4114 781 4177 ἐτι
803 4117 904 4194 βελτίω
926 4109 1113 4180 άνατύπωσιν
1133 4116 1365 4200 κατασκευασθῇ.

308 4267 384 4316 {aua
401 4269 498 4318 correxi.
535 4271 608 4331 λἰιίρο
624 4271 685 4318 enim
701 4272 765 4318 ιτλσλ
784 4263 832 4320 ῦπί
867 4269 926 4348 τρε),
943 4283 1002 4320 ιστισ
1020 4275 1042 4320 ιλ
1056 4275 1113 4332 ομίσ
1129 4272 1176 4320 αἰεί
1189 4281 1298 4320 evasura.
1333 4269 1412 4318 cum·

276 4327 408 4398 ραχοίδα’
391 4331 525 4400 απόρρνμοι
541 4332 671 4401 γεγονότος
687 4341 753 4396 τελλ,
774 4349 834 4398 quae
865 4338 915 4386 αὐτ
928 4337 1165 4388 ιἰιυιτιλοιιιλσίίκο
1178 4338 1317 4388 λαισιοτθο
1328 4325 1413 4388 καλάς

273 4415 354 4452 υττιοτ
375 4407 401 4451 ιιι
421 4416 449 4452 ιιι
471 4401 515 4454 κοιλ
534 4405 626 4466 quidem
642 4371 760 4464 ρσιίίουλίι
781 4409 834 4453 ουλε
866 4399 942 4454 τίκτειν
957 4433 989 4442 -
1002 4432 1036 4443 -
1049 4431 1081 4444 ··-
1096 4405 1139 4456 τοῦ
1155 4397 1339 4470 άχγουςοιιιὶειλ.
1366 4399 1411 4448 ΡΝ

275 4460 409 4533 α’πόρρυμα
422 4471 506 4518 addim
516 4471 573 4533 (ηυο
583 4471 676 4533 quidem
687 4473 755 4520 ποιλο
764 4473 833 4520 Pem-
867 4467 903 4522 ίτι
913 4465 1023 4554 πηλοῦ”
1009 4487 1078 4531 οντος
1089 4473 1159 4533 [acite
1170 4475 1310 4536 τιροινιτλιιι
1324 4467 1357 4522 ίτι
1368 4481 1412 4526 τε,-

275 4537 329 4584 υίιιι
344 4539 486 4598 corruptelae
506 4552 554 4588 ιεετ
570 4539 708 4588 medendum
724 4541 833 4600 ομίπσλνε
865 4533 940 4590 Rosa*
926 4555 961 4593 ον
