3006 4990
317 280 453 333 rancun
472 279 554 332 aur.
566 277 736 332 aseensus
753 279 815 331 ern.
828 281 848 330 r.
865 277 947 331 ross.
961 279 993 330 11.
1171 265 1231 328 119

13 405 14 412 ’
88 401 147 466 aliis
165 409 385 486 praepostera·
410 398 558 464 libidinem
585 417 732 464 exercere
758 417 829 462 suns
844 397 963 471 docuit.
1009 392 1069 461 set
1096 406 1127 460 et
1150 391 1230 460 Cau·

86 502 177 568 lamch
195 513 227 566 et
240 499 417 580 Prnuicum,
441 511 471 565 et
488 500 545 566 aha
562 499 711 566 nominum
728 508 875 586 portenta,
900 497 1023 584 turpiter
1042 498 1072 562 io
1091 497 1228 564 mundun

86 604 204 670 invexit.

160 703 217 770 Vf.
239 703 353 768 Harum
364 700 498 768 Gnostici
512 723 703 768 successores
715 703 868 768 haeresum
881 703 969 786 longe
983 721 1085 766 omnes
1102 703 1226 788 turpitu-

85 807 153 872 dinis
164 819 251 891 atque
266 807 453 870 execrandae
468 805 616 870 foeditatis
626 805 747 870 vesania
760 814 947 889 superarunt.
979 800 1125 868 Militares
1137 827 1225 890 porro

83 909 255 994 indepypto
272 907 419 986 dicuutur,
443 915 474 970 et
486 904 684 988 Phibionitac,
707 907 737 971 iu
753 905 904 992 superiore
920 915 1014 967 tractu
1030 902 1223 986 secundiani,

83 1010 143 1082 alibi
162 1007 349 1088 Socratitse,
372 1007 410 1072 ah
431 1007 497 1072 afiis
517 1007 658 1072 Zachaei.
704 1007 781 1074 Sunt
806 1005 854 1092 qui
872 1027 924 1070 eos
942 1002 1110 1072 Coddianos
1130 1008 1224 1071 norni-

83 1121 162 1190 neut,
186 1111 302 1194 quidam
323 1110 523 1193 Βορβορίτας,
545 1109 610 1174 sire
629 1109 800 1173 lutulentos.
844 1109 893 1172 Ah
908 1109 972 1172 istis
990 1103 1134 1190 Barhelo,
1158 1109 1223 1174 sive

83 1209 226 1288 Brrhern,
250 1209 449 1296 nescioquas
471 1211 632 1297 praedicari
655 1211 743 1275 solet.

155 1310 230 1378 Vfi.
256 1308 478 1396 Carpoerutiani
496 1333 512 1376 a
533 1307 712 1397 Carpocrates
727 1310 850 1398 quodam
864 1309 999 1376 Asiatico
1018 1312 1098 1392 dicti,
1120 1315 1168 1398 qui
1182 1315 1219 1378 ad

83 1434 159 1478 omne
176 1413 385 1498 turpitudinum
398 1435 432 1477 ao
444 1413 619 1500 flagitiorum
634 1434 728 1498 genus
742 1414 898 1500 discipulos
914 1413 1101 1479 informabat.
1133 1412 1220 1497 Quod

81 1515 183 1600 siquis,
202 1515 310 1594 aiehat,
330 1536 389 1579 non
401 1515 499 1580 omnia
511 1514 700 1601 percurrerit,
718 1516 996 1600 nequednomonum
1008 1517 1220 1600 etanqeforum

81 1616 199 1680 omnium
223 1616 366 1680 voluntati
386 1616 581 1697 satisfecerit,
613 1637 781 1703 supremum
804 1615 834 1680 in
859 1617 972 1680 coelum
994 1617 1079 1681 evehi
1101 1619 1221 1682 minium

80 1728 183 1801 potest,
215 1737 311 1802 neque
338 1717 516 1804 principatus
548 1727 767 1803 potestatesque
791 1718 1011 1784 transcendere.
1055 1719 1222 1784 Asserehat

79 1818 145 1882 idem
162 1817 263 1884 lesum
278 1831 376 1884 mente
392 1821 551 1903 praeditam
568 1819 691 1884 animum
710 1819 889 1904 sumpsisse,
913 1829 943 1882 et
960 1820 1127 1905 cognitione
1150 1841 1220 1884 coe·

79 1920 185 1985 fotium
201 1921 342 1986 imbutum
358 1921 521 1986 hominihus
536 1943 571 1986 ca
587 1922 761 2000 nunciasse,
784 1941 819 1984 ao
835 1921 861 1984 si
877 1921 942 2005 qnis
960 1923 1062 1986 endem
1080 1943 1155 2008 quae
1171 1921 1219 1988 ie·

78 2043 121 2086 sus
136 2023 205 2086 ofim
221 2033 381 2108 perpetret,
406 2023 480 2087 haud
497 2045 533 2086 cn
549 2023 718 2087 inferiorem
737 2025 876 2087 futurum.
909 2021 1034 2088 Demum
1049 2025 1143 2108 fugem
1159 2047 1219 2090 una

78 2144 132 2186 com
151 2135 333 2188 mortuorum
358 2124 577 2196 resurrectione
601 2123 770 2204 damnabat,
803 2124 1041 2208 quemadmodum
1068 2136 1099 2190 et
1119 2125 1217 2192 Simo·

78 2224 146 2287 niani
164 2226 333 2310 caeterique
351 2247 454 2290 omnes
472 2247 545 2310 quos
563 2226 710 2310 hucusque
732 2225 899 2310 percensui.
945 2221 994 2290 Ex
1020 2226 1104 2291 huius
1124 2249 1216 2314 grege

76 2321 244 2391 hiarceflina
259 2327 308 2390 ifle
322 2327 435 2392 Romae
452 2328 517 2392 fuit.
561 2326 659 2411 Atque
673 2327 749 2390 idem
766 2324 833 2390 lesu
850 2325 1007 2411 Paulique,
1034 2349 1088 2392 neo
1105 2351 1163 2394 non
1186 2340 1218 2394 et

76 2424 190 2492 Homeri
204 2449 240 2492 ac
256 2427 458 2515 Pythagorae,
482 2427 644 2494 clanculum
659 2428 801 2513 imagines
819 2430 932 2513 fingens
947 2429 1089 2494 suffitibus
1111 2451 1163 2494 eas
1185 2441 1216 2494 et

76 2531 237 2594 adoratione
261 2543 430 2615 prosecutus
453 2542 510 2596 est.

152 2628 238 2696 fof.
265 2628 459 2710 Cerinthiani‚
477 2632 540 2696 sive
554 2629 759 2711 Meriothiani,
783 2627 968 2711 aCerinthc‚
987 2628 1213 2714 oelMerintho,

76 2726 177 2795 fudaiei
188 2733 308 2816 generis
318 2734 491 2813 extiterunt,
512 2733 558 2818 qui
570 2734 821 2797 circumcisionem
833 2753 902 2818 prae
914 2755 946 2798 se
958 2732 1101 2796 ferehant.
1124 2731 1214 2799 Mun·

75 2831 135 2896 dum
154 2835 192 2897 ah
208 2836 320 2919 angelis
339 2835 527 2913 fabricatum,
552 2831 647 2898 lesum
668 2836 703 2898 ad
720 2832 832 2900 Christi
855 2834 1024 2920 dignitatem
1046 2855 1100 2921 per
1119 2835 1212 2900 virtu-

74 2943 127 2996 tum
148 2936 328 3000 incrementa
351 2935 521 3021 pervenisse
543 2937 692 3000 dixerunt.

152 3033 209 3100 fX.
240 3035 391 3101 Nazareni
414 3036 455 3100 ita
471 3035 568 3101 iesum
589 3057 656 3101 esse
672 3034 821 3102 Christum
844 3037 948 3122 deique
970 3036 1057 3103 hlium
1075 3057 1212 3102 asserue-

73 3148 151 3216 runt,
174 3149 207 3202 ut
228 3137 326 3203 Musis
347 3140 441 3223 legem
463 3139 580 3202 omniuo
603 3139 681 3202 vitae
703 3140 738 3201 ad
759 3140 922 3203 institutum
946 3139 1135 3204 adsciverint.

147 3238 192 3306 X.
226 3236 425 3304 Corinthiacis
439 3262 474 3304 ac
489 3239 658 3304 Nazarenis
674 3241 812 3306 simiffimi
825 3252 894 3306 sont
906 3238 1081 3320 Ebionitae,
1105 3239 1209 3326 quihus

72 3359 129 3404 num
146 3339 317 3427 Sampsaeis
333 3351 363 3405 et
376 3340 528 3406 Efoesacis
543 3343 637 3426 afiqua
656 3363 697 3406 ex
713 3352 793 3427 parte
810 3345 958 3406 convenit.
1004 3339 1044 3406 Hi
1059 3340 1209 3418 Christum

71 3439 97 3503 in
114 3444 195 3508 coelo
214 3453 364 3524 creatum,
387 3445 506 3527 eiusque
524 3455 654 3508 sanctum
670 3444 802 3529 spiritum
819 3444 972 3506 affirmant.
1016 3439 1098 3507 Illum
1115 3443 1208 3528 ipsum

73 3540 98 3604 in
110 3545 336 3609 Adamum'sese
349 3545 491 3608 infudisse
507 3545 599 3626 primo
611 3567 644 3608 ac
661 3546 764 3609 deinde
779 3546 899 3608 exuisse
914 3554 1047 3624 narrant,
1067 3556 1126 3618 tum
1141 3544 1209 3608 suh-

73 3642 137 3707 iisse
152 3647 261 3724 denuo,
285 3647 369 3730 idque
385 3648 565 3711 commodum
581 3647 685 3710 fecisse
705 3667 769 3709 cum
785 3645 815 3708 in
834 3656 929 3709 terras
947 3666 1070 3731 corpore
1086 3645 1209 3708 circum-

74 3744 146 3809 fusus
168 3747 298 3812 advenit.
345 3750 390 3811 Ac
407 3748 476 3811 licet
492 3745 591 3811 ludaei
614 3748 687 3827 sint,
712 3746 894 3831 evangelium
919 3747 1106 3810 nihilominus
1128 3745 1209 3810 adhi-

73 3843 145 3910 hent.
190 3845 331 3914 Carnium
362 3870 443 3913 esum
473 3852 666 3914 detestantur.
711 3848 825 3932 Aquam
855 3870 906 3932 pro
933 3849 988 3912 deo
1014 3857 1206 3912 venerantur.

73 3941 214 4014 Christum
231 3949 262 4013 in
279 3971 334 4014 sun
347 3951 411 4030 illo,
432 3950 472 4014 uti
487 3951 626 4030 diximus,
650 3951 776 4015 adventu
791 3949 935 4014 hominem
950 3950 1080 4013 induisse
1095 3951 1206 4014 dicunt.

71 4043 197 4137 Denique
218 4053 302 4137 aquis
324 4072 357 4117 se
379 4054 536 4117 identidem
560 4063 617 4116 tam
635 4051 730 4116 hieme
751 4073 835 4136 quam
857 4061 968 4116 aestate
984 4053 1099 4131 lavant,
1124 4051 1209 4114 nimi·

72 4169 131 4214 rom
148 4155 281 4240 puritatis
301 4155 501 4218 conciliandae
522 4155 576 4218 sibi
597 4155 709 4238 gratia,
732 4154 970 4238 quomadmodum
988 4150 1164 4217 Samaritae.

75 4355 90 4398 γ
102 4287 138 4338 11.
160 4293 261 4356 ftcporoi
285 4307 324 4350 τις
335 4256 341 4269 ·
354 4305 383 4342 en
414 4294 617 4354 dnncephutoccs'e
686 4286 725 4372 ¹⁴:
743 4287 866 4357 σαμψέων
890 4295 941 4340 erot
959 4305 975 4339 e
994 4303 1026 4340 nt.
1045 4305 1083 4352 pr.
1107 4293 1132 4340 in
1154 4293 1207 4340 cod.

90 4357 140 4473 Ἥ
154 4375 286 4478 tehersem
300 4427 434 4476 codVotic.
447 4428 617 4489 ctanoccptct.
650 4359 765 4478 thqqqqt
782 4425 923 4487 duncephof.
958 4426 1032 4487 Vntqo
1046 4430 1110 4475 estat
1126 4425 1156 4476 ch

105 4487 141 4540 te
157 4491 179 4544 οἳ
195 4496 246 4545 cod.
262 4495 361 4557 fiftediq,
398 4495 470 4557 Votpo
488 4493 518 4546 ci.
