2984 4996
371 295 504 349 rossan
520 297 581 351 nra.
595 299 616 352 1.
634 297 715 352 rom.
728 299 773 352 ut.
789 299 887 352 ussa.
899 299 980 353 xnu.
1184 293 1247 356 nto

95 415 271 482 translatam
286 417 424 504 itemque,
441 421 528 480 Novit
541 422 668 482 domabas
682 431 734 482 etc.
755 419 808 484 bec
826 421 999 484 auctoritate
1012 419 1243 506 comprobatum,

95 517 224 582 alienum
249 520 284 584 ab
310 541 346 584 eo
371 521 487 584 minime
512 531 666 600 censetur,
696 520 745 605 qui
768 521 842 584 benc
865 541 881 584 e
904 522 1048 608 scriptura
1069 524 1244 588 sententiam

96 622 236 706 protulit,
261 623 393 708 apostolo
409 623 559 703 videlicet,
584 643 674 707 aquo
687 624 741 686 ista
759 622 880 686 collecta
897 636 976 688 sunt.
1022 626 1120 709 Atque
1139 626 1194 690 boo
1208 647 1247 690 ex

94 744 156 788 usn
172 725 301 788 locorum
316 725 388 790 satis
402 737 521 810 apparet
536 726 714 812 apostolicae
729 726 878 790 doetrinae
892 727 1014 790 sormam
1030 727 1099 791 nibil
1114 748 1131 791 a
1145 740 1247 792 vetere

95 835 276 890 testamento
299 827 458 904 dissidere,
483 829 564 890 cuius
586 828 634 891 ille
658 828 854 892 testimoniam
874 829 1014 892 adhibuit.

185 925 286 992 Scbol.
301 927 327 992 V
343 940 371 991 et
386 927 473 992 XIII.
503 933 611 992 Etruria
621 934 728 1012 pascha
739 942 865 992 nostrum
878 934 1035 992 immolatus
1047 943 1090 992 cst
1102 935 1241 996 Christus.
1259 951 1397 1006 1.car.s‚u.

185 1029 285 1093 lleiut.
304 1029 332 1095 V
348 1043 379 1094 et
395 1027 483 1093 XIII.
517 1027 590 1094 Cum
613 1043 644 1096 et
664 1033 771 1119 pascha
790 1033 939 1117 apostolus
957 1044 1113 1116 agnoscat,
1144 1045 1174 1097 ct
1193 1035 1245 1098 iuu-

96 1131 237 1194 molatum
256 1129 404 1198 Christum
428 1153 486 1195 non
510 1145 612 1218 neget,
647 1156 704 1198 non
723 1145 769 1198 est
786 1133 1007 1198 abalienaudnm
1027 1155 1044 1196 a
1061 1131 1179 1199 Cbristo
1197 1157 1247 1220 pa·

96 1233 172 1296 soba
193 1233 240 1318 qui
263 1257 302 1298 ex
320 1235 466 1321 paschatis
484 1235 548 1320 lege
566 1257 665 1299 varrum
686 1257 793 1320 agnum
812 1257 871 1299 uon
889 1236 986 1321 specie
1004 1246 1088 1301 tenus
1105 1237 1244 1315 immolat,

97 1335 182 1399 cuius
197 1337 264 1420 agni
284 1338 403 1401 formem
422 1358 480 1400 non
497 1337 593 1422 specie
612 1340 680 1402 item
698 1339 759 1402 sola
776 1337 940 1402 immolatus
958 1333 1093 1403 Christus
1112 1359 1166 1402 uec
1181 1339 1245 1402 sine

96 1457 189 1500 carue
210 1459 313 1523 passus
336 1439 497 1523 expressit.
541 1438 599 1523 Qui
620 1439 698 1504 euim
721 1439 841 1504 mactari
864 1440 983 1526 spiritns
1005 1441 1122 1525 possett
1166 1437 1245 1505 Saue

98 1539 164 1602 lieri
178 1539 255 1603 istud
274 1541 393 1604 omniuo
410 1541 526 1626 nequit,
558 1541 609 1604 sed
627 1563 720 1628 neque
738 1541 802 1606 siue
820 1563 908 1606 cartre
926 1552 1021 1628 potest
1036 1540 1140 1605 occidi.
1186 1539 1246 1606 On·

97 1641 192 1704 cisum
209 1653 304 1706 autem
322 1663 389 1706 esse
409 1663 513 1706 revera
535 1643 709 1708 hauddubie
727 1645 850 1730 apostoli
867 1645 1052 1708 confessione
1070 1643 1244 1708 declaratur.

99 1742 299 1826 Quamobrem
317 1746 482 1810 necessarie
500 1745 569 1809 illud
587 1746 699 1810 ratione
717 1747 877 1831 colligitur,
902 1767 959 1809 nou
979 1745 1102 1810 alienam
1120 1767 1188 1814 esse
1205 1747 1246 1811 le·

95 1866 183 1930 gom,
207 1867 281 1929 quae
298 1847 476 1912 adumbratis
492 1847 579 1912 rebus
595 1869 630 1910 ao
644 1849 744 1933 liguris
760 1848 865 1912 tamdiu
882 1848 1047 1927 constabat,
1071 1850 1163 1912 donec
1180 1869 1245 1934 per·

97 1947 222 2026 lectior,
246 1949 379 2034 idemque
398 1951 569 2014 manifestus
586 1971 677 2034 agrius
692 1951 880 2030 succederet,
911 1951 965 2014 boc
983 1962 1028 2014 est
1046 1947 1182 2016 Christus
1199 1973 1246 2016 re·

95 2049 162 2135 ipse
184 2061 343 2130 mactatus,
374 2073 458 2137 quem
479 2053 580 2136 priscis
598 2053 773 2138 temporibus
792 2054 950 2118 antecessit
967 2053 1042 2117 alter
1061 2053 1110 2116 ille
1126 2053 1176 2138 qui
1193 2054 1245 2116 im·

97 2149 264 2216 molebatur
277 2174 382 2238 eguus,
407 2155 513 2238 quique
528 2175 618 2218 sensu
636 2156 741 2241 percipi
759 2165 888 2240 poterat:
913 2159 1048 2218 Nostrum
1062 2178 1127 2218 uero
1139 2159 1247 2238 pareda

95 2257 257 2316 ιἰιιιιιιὶιιιιιι
279 2268 323 2317 est
348 2259 490 2321 Cirr'stas.

186 2353 287 2420 Scbol.
304 2356 347 2421 Vl
363 2369 393 2420 et
407 2355 496 2423 XIV.
531 2362 654 2422 Nescitis
671 2363 745 2442 qnod
759 2365 810 2441 qai
824 2363 959 2422 adhaeret
975 2364 1130 2435 meretm'ci,
1162 2383 1246 2424 auum
1260 2381 1384 2438 napata.

97 2479 204 2538 corpas
225 2471 276 2521 est.
323 2465 418 2524 Errant
439 2465 526 2535 enam,
551 2465 658 2543 abpuit,
682 2467 736 2524 duo
759 2468 787 2524 ιἰι
808 2485 919 2525 caruem
941 2484 1034 2524 ιιιιιιιι.

185 2559 284 2625 llelut.
306 2561 346 2625 Vl
370 2574 399 2626 et
416 2559 504 2626 XIV.
538 2561 606 2627 Nisi
633 2585 701 2628 vera
727 2564 776 2628 lex
800 2565 856 2641 sit,
893 2574 937 2630 est
961 2565 1075 2628 tandem
1101 2565 1175 2648 quod
1199 2565 1246 2649 qui

94 2662 216 2726 veritati
231 2666 347 2728 student
361 2665 550 2730 auctoritates
566 2687 604 2728 es
620 2666 667 2728 illa
686 2666 876 2751 depromunt?
891 2667 1050 2730 cuiusmodi
1067 2677 1185 2730 sanctus
1199 2665 1245 2729 dei

94 2765 249 2850 apostolos
271 2778 316 2831 est
332 2765 439 2832 Paulas
462 2769 509 2852 qui
533 2789 597 2831 cum
615 2767 679 2830 aliis
696 2768 856 2832 innumeris
875 2769 929 2833 hoc
946 2769 1030 2832 etiam
1049 2767 1244 2832 testimonium

94 2868 134 2932 ad
151 2868 302 2932 veritatem
318 2869 445 2953 bonique
461 2869 506 2933 dei
521 2870 765 2954 praedicationem
781 2871 933 2934 evidenter
946 2869 1171 2934 asseverandam
1186 2891 1244 2933 oon
1281 2911 1283 2914 -

94 2969 241 3034 dubitarit
262 2971 389 3035 afferre?

182 3069 283 3135 Scbol.
302 3071 360 3136 Vll
378 3083 407 3136 et
421 3071 493 3138 XV
527 3071 660 3139 Mutatus
677 3085 722 3137 est
737 3073 830 3138 locus
875 3071 953 3137 Nem
970 3095 1022 3159 pro
1040 3093 1074 3136 eo
1092 3073 1167 3156 qnod
1185 3083 1293 3152 est
1260 3096 1332 3192 ⁰2,t·
1327 3098 1377 3150 us

94 3179 131 3237 ln
149 3176 226 3254 lege,
251 3173 386 3260 scripsit,
411 3181 443 3238 lu
460 3181 567 3256 Moysis
585 3181 656 3258 lege.
703 3173 763 3239 Sed
783 3186 870 3240 antea
889 3177 1022 3254 discret,
1059 3179 1181 3238 Tametsi
1197 3161 1296 3238 [αι’

87 3299 130 3338 eu
152 3297 208 3338 non
228 3280 313 3340 dabat.

183 3377 284 3442 liciat.
304 3377 361 3442 Vll
380 3391 409 3443 et
426 3378 498 3444 XV.
535 3378 650 3445 Licet
642 3403 670 3444 ru
688 3381 815 3444 secunda
834 3379 979 3445 sententie
998 3379 1119 3442 formem
1136 3379 1244 3444 oratio·

93 3479 143 3544 uls
160 3481 374 3560 immutaveris,
398 3479 525 3562 Marcio,
549 3494 635 3568 atque
649 3505 689 3547 ax
704 3505 739 3547 ro
755 3483 849 3567 qaod,
872 3489 905 3546 Iu
918 3485 981 3563 iege
996 3487 1104 3562 Moysis
1119 3482 1245 3567 scripse-

92 3583 151 3660 ris,
178 3583 231 3646 bao
248 3604 332 3662 roca,
356 3588 474 3664 Moyse,
500 3586 625 3650 alienum
641 3607 657 3650 a
673 3586 737 3669 lege
753 3586 837 3649 deum
854 3585 967 3648 ostendi
982 3583 1131 3672 putareris
1146 3605 1243 3670 posse,

93 3697 196 3748 tamen
222 3686 357 3771 superior
378 3685 426 3750 illa
455 3688 621 3752 cortiunctio
648 3689 797 3752 vesaniam
828 3698 903 3752 tuam
927 3687 1091 3772 redarguit,
1128 3692 1250 3749 Tametsi

91 3793 145 3850 Iex
158 3792 214 3850 istu
227 3811 281 3850 nou
295 3793 380 3850 dabat.
430 3786 462 3852 In
480 3789 544 3874 loge
558 3790 662 3874 quippe
677 3790 815 3875 scriptum
831 3801 893 3854 estc
917 3793 980 3852 Nou
994 3791 1127 3870 alligabis
1140 3812 1171 3851 os
1183 3792 1248 3852 doni
1260 3806 1396 3862 nisenus

92 3895 255 3952 tnbmaun'.
303 3887 441 3954 Ceterum
462 3893 536 3976 quod
556 3903 585 3954 tu
603 3893 695 3976 legem
715 3890 832 3978 Moysis
851 3892 981 3956 scribere
999 3892 1143 3971 maluisti,
1175 3893 1245 3956 nibil

90 3992 183 4055 uobis
199 3991 316 4056 omuino
334 3994 475 4073 nocuisti,
499 3995 550 4058 scd
569 3995 702 4081 profuisti
719 3996 831 4080 potius,
855 4015 889 4058 ao
906 3993 1079 4058 luculentius
1098 4003 1199 4057 eontra
1217 4004 1246 4058 te

133 4177 174 4231 13.
192 4179 272 4241 Supra
287 4171 456 4233 ''Eocurnt
425 4198 488 4248 γαρ,
512 4180 607 4250 φησιν,
633 4183 656 4236 οἱ
724 4183 762 4234 15.
779 4185 843 4232 Editi
858 4185 912 4232 tibus·
927 4179 963 4234 El
980 4181 1031 4234 καὶ.

90 4241 142 4302 δύο
159 4252 209 4296 ott.
722 4247 760 4302 16.
777 4253 813 4301 lto
827 4253 877 4300 cod.
891 4253 964 4299 Vntic.
981 4255 1002 4300 et
1016 4253 1052 4300 ed.
1064 4253 1146 4301 Peion
1170 4253 1244 4302 laed.

132 4311 171 4366 tt.
189 4317 362 4398 itr'terqsupru:
377 4312 445 4370 ’Arri
462 4313 511 4383 pale
528 4319 582 4382 τοῦ,
600 4317 654 4372 Kal
684 4321 759 4402 petua.
775 4321 858 4381 tepidas
873 4317 1005 4378 Masiniss.
1039 4321 1074 4370 lto
1089 4321 1160 4383 vulpe
1175 4322 1245 4370 ettam

92 4379 109 4436 d
126 4378 204 4448 νόμος
220 4383 301 4435 ταῦτα
316 4399 344 4436 οι
338 4377 439 4450 ’,λέγει
468 4383 534 4451 puel
551 4384 653 4446 istiusce
687 4391 713 4438 iu
728 4401 789 4450 seqq.

90 4449 131 4504 EI
147 4431 222 4503 alal
207 4467 221 4503 o
236 4449 312 4517 νόμος
327 4451 460 4513 Masiniss
474 4453 553 4506 ταῦτα
569 4471 598 4508 aa
592 4421 654 4508 'tl-
724 4453 762 4506 li.
779 4455 842 4504 Eds'ti
859 4451 894 4508 Et
910 4451 961 4506 aab

90 4535 142 4586 γει.
