3006 4990
341 333 477 386 rausum
495 333 571 386 suv.
590 331 759 386 casusne
777 333 840 386 ern.
856 334 875 384 ι.
892 331 973 386 rou.
985 333 1005 386 1.
1208 317 1248 382 85

120 451 254 536 pleraque,
278 455 484 537 praedicantur
502 452 701 533 nihilominus,
725 473 760 516 ac
776 461 913 536 tanquam
929 450 965 515 ab
984 449 1140 515 excellenti
1161 449 1247 514 disci-

120 552 184 634 plina
204 557 328 639 prolecta
350 577 462 620 summa
482 554 679 620 ostentatione
701 554 898 618 celebrantur.

316 877 620 954 ADVERSUS
647 875 1029 971 PHARISAEOS,

232 1022 313 1093 quiae
340 1005 392 1072 est
416 998 564 1072 haeresis
589 996 750 1072 Iudaismi
768 995 856 1089 ΠΙ.,
882 996 998 1070 ordine
1015 995 1109 1071 xvl.

183 1163 347 1229 Secundum
362 1165 461 1229 ambas
476 1163 541 1228 illas
559 1162 691 1247 proxime
707 1162 935 1228 Pharisaeorum
951 1163 1084 1226 haeresis
1101 1161 1245 1246 sequitur,
1267 1171 1327 1244 cap.
1345 1183 1362 1232 t.

111 1263 217 1329 alterius
240 1268 377 1350 generis,
405 1265 521 1330 tametsi
542 1287 606 1330 cum
625 1262 757 1344 Scribis,
787 1287 862 1350 quos
882 1263 975 1348 Legis
997 1266 1134 1328 doctores
1155 1265 1246 1328 iuter·

109 1375 264 1448 pretentur,
299 1369 400 1432 eadem
429 1367 585 1431 sentirent.
638 1364 713 1432 Cum
742 1367 778 1430 iis
809 1365 886 1430 euim
917 1366 990 1450 legis
1017 1387 1132 1450 quoque
1160 1367 1246 1451 periti

108 1467 242 1532 coniuncti
262 1479 358 1534 erant.
402 1467 445 1531 tr
461 1465 614 1533 Pharisaei
638 1469 673 1534 ad
696 1467 800 1532 borum
824 1468 898 1532 ritus
922 1468 978 1531 alia
1001 1487 1104 1532 rursus
1127 1467 1246 1532 adiicie-

106 1566 183 1648 bant,
213 1581 244 1634 et
269 1569 470 1635 sevcrioribus
494 1590 528 1634 ae
555 1569 698 1633 institutis
726 1568 956 1633 obstrinxerant.
1011 1567 1137 1652 Quidam
1167 1570 1245 1632 enim

106 1690 161 1732 cnm
176 1693 245 1736 snas
261 1672 325 1736 illas
340 1671 571 1736 exercitationes
587 1669 771 1748 adhiberent,
795 1670 914 1749 decem,
938 1670 986 1733 rel
1005 1681 1084 1748 octo,
1106 1671 1154 1735 vel
1174 1694 1246 1755 qua-

105 1780 164 1834 tuor
184 1793 326 1836 annorum
349 1773 404 1837 sibi
424 1772 517 1858 spatia
536 1771 733 1858 praehgchant
749 1771 852 1856 quibus
870 1770 1067 1856 virginitatem
1089 1783 1139 1835 aut
1158 1773 1245 1837 casti-

104 1874 219 1936 moniam
240 1875 389 1956 colereat3
414 1875 470 1938 hoc
487 1884 600 1959 tempus
617 1871 765 1937 continuis
783 1871 919 1959 precibus
937 1872 1145 1952 traducebant,
1169 1885 1199 1936 et
1217 1875 1245 1936 id

104 1974 262 2038 certaminis
286 1975 466 2059 frequentius
486 1974 705 2052 instaurabant,
730 1995 768 2039 ne
791 1973 879 2038 ullam
902 1973 1035 2059 corporis
1059 1974 1153 2038 lahem
1176 1995 1246 2038 con-

105 2075 257 2156 traherent,
279 2095 355 2140 neve
370 2077 468 2140 lurtim
484 2086 569 2162 turpe
582 2076 698 2161 aliquod
714 2076 744 2140 io
759 2075 872 2139 somnis
886 2075 1059 2157 profluuium
1075 2075 1243 2160 obreperet.

105 2171 176 2260 Ergo
192 2177 242 2240 alii
261 2177 372 2240 tabulas
389 2179 424 2242 ad
443 2199 509 2241 curu
527 2199 610 2241 usum
628 2177 785 2263 parabant,
809 2176 961 2240 latitudine
979 2198 1038 2239 non
1054 2177 1176 2262 amplius
1194 2178 1246 2240 do·

104 2275 236 2354 brutali,
265 2280 294 2341 in
317 2279 420 2363 quibus
441 2290 507 2364 post
528 2300 680 2365 vesperam
705 2279 859 2357 lucebant,
890 2289 921 2341 ut
943 2279 968 2340 si
990 2279 1115 2342 sonasse
1137 2279 1245 2342 dormi·

105 2389 178 2456 rent,
209 2380 237 2443 in
263 2381 457 2464 pavimentum
485 2381 609 2466 prolapsi
635 2401 751 2445 rursum
775 2399 809 2442 se
833 2381 868 2442 ad
894 2379 1034 2442 orandum
1060 2379 1244 2459 excitarenr3

104 2501 154 2562 quo
173 2482 267 2544 somni
291 2482 386 2566 quoad
409 2483 513 2546 liceret
535 2493 673 2567 expertes
697 2491 823 2546 aetatem
848 2479 1057 2563 transigerent.
1103 2482 1162 2544 Alii
1185 2484 1245 2545 col-

104 2580 188 2645 lectos
210 2583 341 2647 calculos
365 2583 607 2662 substernebant,
638 2603 760 2667 qnorum
785 2582 934 2645 vellicatio
958 2581 1174 2666 profundiorem
1197 2605 1245 2646 so-

103 2704 193 2748 mnum
215 2695 352 2761 arceret,
384 2696 414 2748 ut
440 2685 488 2749 vel
511 2685 594 2750 inviti
619 2683 778 2770 pervigiles
802 2703 870 2747 csse
893 2693 1133 2747 consuescerent.
1178 2683 1245 2747 Nec

102 2786 213 2850 deluere
241 2787 290 2870 qui
316 2785 419 2848 iisdem
447 2788 483 2849 de
513 2787 625 2850 caussis
652 2785 751 2870 spinas
779 2785 970 2848 subiicerent.
1017 2781 1175 2850 Caeterum
1200 2785 1245 2850 his

100 2887 274 2951 bebdomada
303 2907 417 2971 quaque
445 2889 578 2951 ieiunare
605 2907 668 2950 mos
695 2887 754 2950 illis
785 2887 858 2963 luit,
892 2888 1020 2950 secunda
1048 2887 1184 2950 videlicet
1210 2909 1245 2950 ac

99 2987 194 3072 quinta
215 2991 274 3051 die.
320 2989 367 3052 Ar
392 2988 463 3052 haec
482 2991 658 3052 decimarum
678 2987 805 3051 decimas
828 2987 950 3067 dabant3
976 2986 1116 3073 primitias
1139 2989 1245 3052 olfere-

99 3089 181 3167 bant‚
206 3089 370 3154 tricesimas
394 3101 423 3152 et
442 3091 713 3175 quinquagesimam
736 3089 879 3152 sacrificia
899 3096 1024 3173 votaque
1048 3111 1101 3153 sna
1126 3110 1245 3153 accurra-

101 3190 209 3253 tissime
224 3191 442 3275 persolvebant.
488 3187 594 3255 Cultus
614 3192 689 3254 idem
707 3189 829 3274 illisqui
846 3201 877 3254 et
895 3187 1025 3269 Scribis,
1049 3192 1084 3254 dc
1102 3212 1159 3276 quc
1178 3213 1246 3276 prom

98 3292 175 3354 sime
194 3293 382 3370 dictumest,
406 3293 498 3356 vestis
515 3293 627 3357 scilicct
648 3313 682 3355 ac
704 3292 834 3375 reliquus
857 3291 990 3376 corporis
1012 3291 1137 3357 habitus.
1184 3293 1244 3358 Sed

100 3405 128 3454 et
145 3393 296 3456 muliebria
316 3394 432 3479 palliola
448 3395 620 3478 gestabant,
645 3406 675 3457 ct
694 3415 758 3458 cum
779 3391 932 3457 latioribus
951 3393 1076 3478 crepidis
1093 3415 1127 3458 ac
1149 3395 1244 3459 solea·

98 3515 159 3556 rum
176 3495 274 3578 ligulis
289 3497 449 3579 procedere
465 3495 609 3560 solebant.
656 3493 713 3578 Qui
729 3494 796 3558 ideo
809 3492 961 3558 Pharisaei
979 3495 1047 3558 dicti
1063 3508 1142 3576 sunt,
1166 3498 1245 3580 qnod

98 3607 196 3658 essent
215 3607 335 3680 propter
348 3596 521 3659 adscititiam
537 3597 614 3660 illam
631 3597 922 3680 superstitiosamque
940 3596 1119 3681 disciplinam
1141 3618 1157 3660 a
1177 3598 1245 3660 reli·

97 3696 160 3781 quis
179 3697 315 3760 seiuncti.
359 3696 473 3762 Phares
493 3698 569 3762 enim
587 3697 732 3761 Hebraice
750 3698 965 3782 separationem
981 3699 1137 3782 significat.

177 3796 364 3862 lllortuorum
393 3820 480 3884 porro
508 3802 756 3864 resurrectionem
782 3820 950 3884 persuasam
979 3800 1135 3864 habehant.
1179 3801 1244 3864 Au·
1262 3819 1322 3888 (up.
1341 3823 1372 3872 tt.

96 3901 178 3986 gelos
203 3923 237 3965 ac
260 3900 394 3986 spiritum
415 3922 481 3966 esse
506 3902 675 3966 credebant.
720 3899 780 3967 Sed
805 3913 836 3966 ut
857 3901 966 3966 caeteri
987 3901 1035 3965 dei
1053 3901 1141 3965 lilium
1161 3901 1244 3986 iguo-

93 4087 151 4134 ρας.
163 4069 205 4121 22.
228 4087 258 4121 ea
279 4073 330 4121 cod.
347 4073 401 4122 Verr.
415 4077 437 4121 ct
453 4075 573 4135 tuoetph.
586 4086 654 4134 repo·
689 4074 765 4124 Veaet.

94 4143 183 4188 urmes
206 4136 257 4192 dud.
290 4141 352 4189 tttuc
367 4143 486 4202 utrobique
501 4143 595 4189 retinuit
609 4143 654 4191 Pe·
724 4143 761 4191 ttt.
778 4139 954 4208 προειρημένῳ
971 4141 1022 4190 cod
1040 4141 1113 4191 leuet.

94 4211 188 4268 tumus,
214 4203 341 4274 αάββαταν
356 4209 527 4256 hebdomadum
543 4211 653 4269 interpre·
722 4209 760 4259 11.
777 4208 924 4274 γυναικείων
940 4210 991 4258 cod.
1006 4208 1080 4257 Venct

93 4283 162 4334 tuns,
185 4277 282 4323 ortutrr'
298 4275 389 4322 tutem
405 4272 528 4342 σάββατα
562 4277 654 4324 Nicator
722 4275 762 4326 12.
780 4273 806 4327 ἐν
824 4281 881 4334 ταῖς
900 4279 1032 4337 auspicatus
1055 4281 1088 4326 est
1107 4279 1151 4327 toa.
1168 4279 1243 4328 Scott-

55 4352 60 4360 ·
95 4345 168 4392 Chaa.
185 4343 232 4392 tt.
248 4343 316 4391 totu
330 4337 480 4406 „tricarum
495 4339 524 4394 dl
537 4341 578 4400 ate
593 4345 654 4410 ααβ·
686 4355 734 4405 prr.
769 4347 875 4394 Fortasse
889 4343 1048 4406 reponendum
1070 4341 1096 4396 dv
1117 4344 1245 4404 πλατείαις

94 4403 183 4476 βάτου,
201 4401 261 4474 ἤτοι
274 4407 392 4472 δευτέραν
405 4408 450 4461 καὶ
466 4408 608 4475 ιιέμπτην.··
687 4415 800 4475 κρηπῖσι.

128 4483 151 4526 a.
169 4474 200 4528 bb
217 4491 263 4525 ora
279 4477 330 4526 cod
348 4477 422 4526 tener.
724 4479 762 4530 13.
779 4475 825 4544 rsit
841 4473 899 4544 παρ’
915 4471 1001 4536 adroic
1017 4481 1068 4529 cod.
1086 4481 1160 4530 Verret.

126 4542 150 4595 9.
168 4542 215 4596 καὶ
235 4539 283 4603 τὰς
303 4535 381 4611 εὐχᾶς
402 4538 582 4611 ἀσφαλέστατα
604 4549 654 4596 eod
723 4547 781 4596 Gar.
800 4548 830 4597 tt.
847 4573 881 4585 -·
918 4551 938 4599 t.
956 4562 985 4599 rr
1001 4549 1055 4598 cod.
1068 4549 1123 4598 trs.
