2994 5024
266 277 327 340 558
687 286 809 338 ειυαει
826 285 994 338 mmm

267 410 352 472 τοῦτο
371 403 402 468 δέ
418 407 620 486 σημαίνουσαν
636 399 759 480 δαάτός
774 404 865 488 λέγει,
894 401 939 468 ότι
954 404 1045 486 φησί,
1076 403 1258 476 Βαπτισθελς
1279 396 1299 466 ό
1315 401 1413 486 τάρινς

265 505 326 571 άπό
347 512 401 571 τοῦ
421 502 562 571 Ἰωάννου
584 508 660 590 ἐλεγε
680 515 742 581 τοῖς
763 513 926 588 μαθηταῖς,
957 503 1112 587 Βάπτισμα
1130 506 1186 588 ἐγω
1203 510 1414 590 βαπτισθῆναι,

146 601 196 684 μσς.
209 625 254 669 σοι.
267 610 318 674 καί
338 611 366 673 τί
388 609 482 687 θέλω,
511 611 537 672 εί
551 605 609 690 ήδη
626 609 756 674 τετίλεκα
774 606 861 686 αάτός
890 610 941 673 καλ
957 607 1059 687 πάλιν,
1089 605 1241 691 Ποτήριον
1257 608 1317 688 ἔγω
1333 614 1415 682 πιεῖν,

265 715 317 777 καλ
339 715 368 776 τί
387 711 465 775 θέλοι
488 713 515 774 εί
533 708 592 792 ήδη
613 709 758 798 πληράσω
779 708 867 789 αάτάς
900 712 960 776 Καί
977 709 1055 775 οάτω
1072 707 1105 776 τό
1124 711 1243 775 διδόναι
1259 713 1353 774 τελείει
1370 712 1416 790 βα·

266 818 411 896 πτίσματα
434 810 628 898 ἐδογμάτισεν.

137 927 203 994 Κεφ.
219 920 250 977 δ’.
356 913 400 980 Οά
416 914 509 997 μόνον
524 915 558 980 δέ
573 921 675 993 τοῦτο,
705 912 776 979 άλλά
792 917 844 980 καί
860 913 912 982 τόν
928 913 1021 998 νόμον
1035 911 1207 996 άποβάλλει,
1237 915 1292 978 καλ
1309 911 1419 987 πάντας

266 1016 439 1104 προφήτας,
467 1018 558 1102 λέγων
574 1019 608 1082 ἐν
624 1024 677 1082 τοῦ
689 1015 848 1102 Ἆρχοντος
865 1025 918 1083 τοῦ
935 1015 987 1083 τόν
1004 1015 1116 1097 κόσμον
1132 1015 1336 1100 πεποιηκότος
1354 1013 1417 1090 τοάς

266 1118 419 1196 τοιούτους
435 1121 718 1204 προπεφητευκέναι.
765 1119 895 1205 Χριστόν
911 1121 943 1185 δέ
957 1121 1029 1206 λέγει
1045 1117 1165 1186 άνωθεν
1180 1116 1241 1183 άπό
1257 1125 1316 1186 τοῦ
1332 1116 1417 1204 άορά·

265 1249 318 1289 του
333 1225 383 1288 καί
397 1220 636 1305 ἀκατονομάστου
653 1219 772 1307 Πατρός
786 1224 1018 1308 καταβεβηκέναι
1033 1224 1082 1288 ἐπὶ
1097 1226 1225 1310 σωτηρία
1240 1227 1304 1286 τῶν
1316 1227 1418 1304 ψυχῶν

266 1327 318 1390 καί
342 1327 392 1390 ἐπὶ
413 1327 515 1413 ἐλίγχῳ
536 1331 588 1390 τοῦ
606 1331 682 1389 θεοῦ
698 1331 757 1390 τῶν
771 1322 938 1404 Ἰουδαίων,
970 1327 1020 1390 καλ
1037 1323 1149 1407 νόμον,
1177 1325 1227 1388 καί
1243 1330 1416 1407 πρυφητόν,

265 1430 317 1492 καὶ
332 1433 391 1492 τῶν
405 1425 560 1492 τοιοάτων·
583 1429 633 1492 καί
650 1423 715 1509 άχρι
730 1427 806 1514 ζάδου
820 1429 1053 1510 κόταβεβηκέναι
1066 1425 1119 1492 τόν
1134 1425 1248 1512 κάριον,
1268 1429 1323 1490 ἵνα
1339 1425 1416 1513 σάση

265 1527 337 1605 τοάς
360 1531 428 1612 περὶ
450 1531 530 1592 Κάϊν
550 1531 602 1593 καὶ
625 1529 704 1612 Κορέ
723 1531 774 1594 καλ
793 1527 905 1594 Δαθάν
924 1531 975 1594 καλ
1001 1527 1170 1614 ιἈβηράυ,
1200 1526 1294 1594 Ἠσαῦ
1317 1553 1348 1594 τε
1370 1529 1416 1594 καί

265 1635 363 1697 πάντα
384 1629 421 1696 τά
442 1634 517 1712 ἐθνη
539 1629 575 1694 τά
598 1628 639 1714 μή
660 1629 842 1716 ἐπεγνωκότα
863 1629 915 1697 τόν
933 1629 1007 1698 θεόν
1026 1637 1085 1696 τῶν
1100 1628 1267 1708 Ἰουδαίων,
1297 1628 1367 1706 τοάς
1386 1629 1415 1694 δλ

265 1731 432 1818 περὶ”Αβελ
452 1734 502 1797 καί
518 1730 610 1816 Ἐυάγ
631 1735 681 1798 καί
701 1740 771 1800 Νῶε
792 1735 841 1798 καί
858 1731 989 1819 Ἀῥραάμ
1006 1735 1056 1798 καί
1069 1730 1166 1798 Ἰσαάκ
1184 1735 1234 1798 καὶ
1247 1730 1355 1814 Ἰακάβ
1367 1733 1413 1795 καί

268 1837 418 1913 Μωάσία,
447 1837 544 1918 Δαβίδ
558 1861 589 1900 τε
602 1837 654 1900 καί
666 1843 832 1918 Σολομῶνα
848 1839 911 1902 ἐκεῖ
921 1831 1170 1902 καταλελοιπέναι·
1198 1833 1275 1900 διότι
1292 1836 1411 1919 ἐπέγνω·

267 1959 338 2016 σαν,
360 1939 452 2020 φησὶ,
481 1935 533 2002 τδν
548 1936 622 2004 θεόν
637 1945 697 2003 τῶν
711 1935 876 2016 Ἰουδαίων,
907 1936 977 2004 ὄντα
992 1937 1121 2021 ποιητήν
1136 1940 1187 2002 καί
1202 1935 1337 2019 κτιστήν,
1365 1936 1412 2000 καί

265 2039 302 2104 τά
318 2039 490 2123 καθήκοντα
504 2037 597 2105 αάτοῦ
615 2037 808 2122 πεποιήκασι,
829 2043 881 2106 καὶ
895 2038 960 2123 οάχλ
974 2049 1014 2130 τῷ
1030 2048 1093 2130 θεῷ
1108 2048 1148 2128 τῷ
1162 2037 1280 2128 άοράτρι
1295 2035 1412 2110 ἓαυτοάς

267 2143 490 2226 προςανέθεντο.
523 2146 634 2207 Δίδωσι
648 2144 699 2206 καὶ
714 2141 876 2230 ἐπιτροπήν
889 2146 1004 2228 γυναιξί
1018 2143 1169 2226 βάπτισμα
1183 2140 1309 2208 διδόναι
1341 2135 1411 2220 Πτρ’

267 2241 370 2320 αάτοῖς
385 2241 440 2330 γάρ
458 2246 553 2308 πάντα
568 2243 670 2326 γλεάης
685 2246 809 2327 ἐμπλεα,
832 2247 880 2309 καί
897 2242 985 2311 οάδέν
1003 2247 1117 2330 ἕτερον,
1139 2243 1229 2310 δ’ποττ
1246 2245 1298 2308 καλ
1312 2240 1348 2306 τά
1363 2267 1411 2323 μυ·

267 2343 371 2428 στήρια
388 2343 517 2410 ἐνοίκιον
533 2348 756 2429 κατηγουμένων
772 2349 910 2412 ἐπιτελεῖν
923 2354 1074 2430 τολμῶσιν.
1116 2345 1291 2412 Ἀνάσταστν
1307 2345 1355 2422 δέ,
1375 2339 1412 2416 τίς

266 2443 367 2525 είπον,
388 2439 476 2523 οὗτος
490 2449 564 2534 λέγει
579 2445 644 2530 ου’γί
658 2447 817 2530 σωμάτων,
839 2447 910 2514 άλλά
926 2457 1049 2533 ψυχῶν,
1071 2450 1121 2514 κοιλ
1137 2451 1285 2532 σωτηρίαν
1297 2446 1413 2520 ταάτωέ

267 2544 406 2633 δρίζεται,
429 2547 495 2632 οάγλ
508 2557 571 2625 τοῖς
583 2548 712 2631 στόμασι·
734 2554 783 2616 καλ
799 2551 1011 2637 μεταγγισμοάς
1026 2549 1138 2634 ὁμοίως
1150 2557 1210 2616 τῶν
1224 2556 1344 2634 ψυχῶν,
1365 2548 1410 2613 καί

267 2649 535 2734 μετενσωματάσεις
556 2649 615 2717 άπδ
636 2651 781 2737 στομάτων
801 2655 843 2730 είς
864 2653 985 2737 στόματα
1006 2653 1121 2735 φάσκει.

355 2855 549 2939 Πανταχόθεν
566 2858 598 2922 δέ
612 2863 711 2924 πίπτει
724 2857 744 2941 ή
758 2855 852 2924 αάτοῦ
866 2863 974 2940 ματαία
988 2861 1170 2940 κενοφωνία,
1193 2853 1234 2932 άς
1246 2855 1307 2939 ήδη
1322 2856 1413 2940 μσιέν

266 2956 365 3036 άλλαις
380 2961 505 3045 αίρίσεσι
523 2960 785 3046 πεπραγμάτευται.
831 2967 903 3036 Πῶς
919 2959 976 3047 γάρ
992 2959 1184 3043 ἀναστήσεται
1204 2955 1226 3040 ή
1246 2957 1288 3041 μή
1304 2983 1412 3024 πεπτα-

266 3071 338 3128 κυῖα
353 3061 452 3144 ψυγής
473 3059 632 3138 άνάστωσις
645 3064 676 3128 δέ
690 3069 754 3139 πῶς
768 3059 859 3145 αάτῆς
870 3060 1059 3146 κληθήσεται,
1076 3069 1129 3145 τῆς
1141 3060 1184 3144 μή
1197 3060 1345 3144 πεσούσης
1357 3077 1410 3142 vv·

265 3171 334 3246 γήςς
367 3169 436 3229 Πάν
456 3162 511 3250 γάρ
532 3164 566 3230 τό
585 3170 694 3231 πίτταν
711 3162 897 3241 άναστάσεως
915 3169 1021 3230 δεῖται·
1050 3169 1149 3230 πίπτει
1165 3164 1198 3230 δὲ
1214 3160 1269 3246 οάγ
1285 3161 1310 3246 ή
1325 3161 1410 3246 ψυχή,

264 3262 337 3330 άλλά
351 3272 444 3348 σῶμα.
479 3266 577 3332 Ὅθεν
593 3270 641 3332 καί
658 3272 778 3343 δικαίως
791 3275 896 3350 πτῶμα
915 3264 987 3332 αάτδ
1006 3264 1026 3349 ή
1044 3265 1189 3349 συνήθεια
1203 3268 1296 3330 εἴωθε
1309 3273 1411 3341 καλεῖν,

265 3369 315 3433 καὶ
332 3363 422 3444 αάτός
440 3365 458 3434 ό
474 3367 577 3454 κάρτος
593 3368 686 3435 εἰπάν
704 3369 766 3449 ότι,
786 3369 887 3436 Ὅπου
903 3368 936 3435 τό
955 3376 1075 3452 πτῶμα,
1107 3371 1169 3434 ἐκεῖ
1180 3366 1412 3451 συναηθήσονται

266 3470 317 3534 καί
333 3471 364 3534 οί
378 3467 465 3535 άετοί.
510 3473 571 3535 Καὶ
586 3469 640 3556 γάρ
656 3474 688 3537 ἐν
702 3482 764 3548 τοῖς
776 3471 924 3554 μνήμασιν
937 3470 975 3538 σά
989 3475 1195 3553 κατακλείομεν
1209 3469 1327 3553 ψυχάς,
1348 3465 1412 3534 άλλά

266 3569 388 3652 στόματα
401 3575 626 3655 κατατιθέαμεν,
650 3576 681 3639 ἐν
697 3581 733 3663 μή
749 3573 976 3657 καταχώσαντες,
995 3566 1071 3656 ῶυή
1087 3570 1244 3648 άνάσταστς
1257 3575 1303 3648 είς
1316 3575 1412 3638 ἐλπίδα

266 3675 323 3756 ἐγει
338 3672 371 3740 τό
388 3672 542 3760 κήρυγμα,
571 3674 708 3762 καθάπερ
726 3672 745 3741 ό
759 3683 813 3742 τοῦ
829 3681 913 3744 σίτου
929 3675 1052 3751 κόκκος·
1083 3672 1124 3751 ῶς
1138 3675 1189 3738 καλ
1207 3670 1225 3738 ά
1241 3673 1327 3759 ἅγιος
1343 3671 1409 3738 άπά·

266 3783 369 3851 στολος
384 3773 438 3859 τήν
454 3783 617 3864 μαρτυρίαν
631 3776 735 3865 ήνεγπε
750 3780 816 3860 περί
829 3785 883 3844 τοῦ
895 3776 1008 3844 κόκκου
1021 3783 1076 3843 τοῦ
1090 3779 1171 3842 σίτου
1185 3777 1238 3840 καί
1250 3783 1313 3842 τῶν
1326 3774 1411 3841 mov

265 3874 456 3960 σπερμάτων,
484 3882 534 3944 καλ
550 3877 639 3956 αάτός
655 3880 687 3946 δέ
706 3878 724 3946 ό
741 3879 845 3965 κάρτος
861 3882 892 3945 ἐν
908 3887 949 3968 τῷ
965 3878 1119 3967 εὐαγγελίῳ
1132 3876 1198 3962 γὸτι,
1226 3875 1298 3944 Ἐάν
1312 3875 1353 3961 μή
1366 3899 1408 3940 πε-

145 4011 197 4060 ριρ.
209 3999 254 4045 m
266 3979 328 4046 σάν
343 3977 360 4046 ό
377 3980 488 4058 κόκκος
501 3989 555 4047 τοά
570 3988 652 4048 σίτου
668 3982 828 4072 άποθάνη,
856 3981 945 4065 μόνος
963 3983 1049 4064 μίνει.
1091 3978 1125 4046 ‘0
1139 3981 1173 4045 δέ
1188 3978 1275 4064 ἅγιος
1290 3977 1406 4046 άπάστο·

265 4081 317 4158 λός
337 4105 429 4166 φησιν
449 4123 491 4134 -
512 4084 631 4169 άιμρονα
648 4081 703 4170 γάρ
720 4091 805 4148 καλεῖ
817 4083 870 4149 τόν
886 4082 1012 4149 άπιστον
1029 4081 1079 4150 τόν
1096 4081 1171 4157 όλεος
1186 4080 1404 4166 άμφιβάλλονκα,

265 4185 316 4248 καὶ
328 4187 466 4270 λίγοντα,
491 4193 563 4263 Πῶς
576 4184 597 4270 ή
613 4185 770 4264 ἀνάστασις
783 4189 907 4270 γίνεται,Ι
929 4190 1007 4275 ποίιμ
1023 4187 1055 4252 δέ
1070 4184 1183 4268 σάματι
1196 4187 1342 4270 δρηστταις
1361 4181 1403 4248 καί

266 4281 361 4364 εάθδς
373 4286 450 4374 πρός
463 4286 534 4366 τοάς
546 4287 701 4367 τοιοάτους
713 4291 815 4374 φησίν,
829 4287 971 4374 Ἄφρων,
993 4285 1031 4354 σά
1044 4287 1063 4354 δ
1077 4290 1206 4373 σπείρεις
1219 4285 1257 4354 οά
1269 4291 1402 4373 ζωογονεῖ-

300 4509 359 4562 Cu.
372 4511 415 4564 lv.
432 4538 464 4552 -·
488 4514 510 4566 λ.
528 4507 618 4584 άβηρῶ
635 4517 689 4568 edit.
700 4518 776 4581 μετἰπ.
