2994 5024
332 313 467 368 rsuuuu
484 313 944 368 urutrounumuemxuu.
1152 301 1213 366 643

68 440 162 511 cridia,
187 435 348 509 ebrietates,
372 439 598 508 comessationes,
622 456 693 516 quae
709 439 843 516 praedmo
864 435 954 507 cobus,
978 438 1053 495 sicot
1069 437 1211 514 praedulci,

69 545 201 622 quantum
222 543 274 622 qui
292 539 361 600 tntae
383 547 474 617 egunt
493 558 612 616 regnam
632 541 681 598 dei
698 559 752 598 non
771 538 961 618 possidebam.

157 638 258 705 llelut.
276 635 331 704 Vl.
366 634 577 702 Oadmirsudn
597 638 643 701 dei
661 639 819 724 mysteria,
843 659 876 702 ac
892 635 1054 702 Marcionis
1068 636 1217 701 erroribus

69 741 366 826 adversadcgmatal
412 737 529 803 Etenim
547 739 1022 804 malaomniacarnitribuuntur.
1068 737 1112 803 Ea
1131 759 1217 826 porro

68 856 212 932 perpetuo
232 866 290 908 non
311 840 425 919 extitit,
456 843 508 906 sed
523 853 610 906 sexto
630 845 743 907 demum
764 842 826 922 die,
851 853 909 906 tum
929 864 993 906 oum
1013 842 1142 906 Adamus
1160 844 1218 906 lor-

69 960 169 1013 matus
186 959 249 1026 est,
273 965 339 1008 esse
355 943 461 1028 coepil.
506 941 555 1007 Ex
573 966 628 1028 quo
648 942 688 1006 illi
706 944 876 1008 refelluntur
892 945 940 1029 qui
957 944 1062 1008 malum
1080 944 1114 1007 ab
1135 943 1218 1007 initio

71 1073 109 1114 ac
128 1069 245 1135 semper
262 1046 397 1112 extitisse
413 1045 592 1131 praedicant.
637 1045 726 1130 Atqui
743 1067 836 1130 oeque
853 1046 938 1110 simul
957 1068 991 1109 ac
1010 1049 1133 1110 formata
1150 1066 1219 1108 caro

71 1164 134 1233 est,
161 1160 307 1238 peccatum
326 1146 454 1225 admisit,
478 1167 514 1210 ne
532 1147 643 1250 peccati
660 1159 762 1212 auctor
778 1150 825 1232 qui
844 1149 920 1214 illam
938 1149 1084 1212 linxerant
1098 1147 1220 1210 babere-

71 1267 141 1333 tur,
174 1253 255 1338 quasi
279 1260 397 1337 peccata
420 1269 498 1313 ream
516 1271 633 1313 carnem
651 1250 768 1314 molitus
785 1261 881 1328 essct,
915 1271 1008 1334 neque
1026 1249 1129 1314 malum
1148 1270 1220 1334 opus

70 1359 170 1442 ipsum
188 1353 356 1418 antecessit.
402 1348 512 1415 Verum
530 1350 677 1435 aliquanto
693 1364 758 1437 post
773 1362 902 1439 tempore
917 1373 934 1416 a
951 1353 996 1415 dei
1012 1350 1151 1436 obsequio
1170 1353 1219 1414 de-

71 1459 207 1522 sciscens
222 1457 353 1521 Adamas
373 1475 406 1516 ae
421 1453 555 1518 libertate
574 1454 720 1538 praeditus
739 1475 790 1540 per
804 1477 871 1520 sese
885 1477 919 1520 ac
935 1467 1038 1540 sponte
1055 1475 1108 1518 sua
1124 1463 1220 1517 certo-

72 1582 133 1646 que
154 1559 276 1624 consilio
293 1566 412 1644 peccatu
429 1576 462 1619 se
479 1554 653 1634 obstrinxit,
685 1557 752 1620 dum
770 1578 823 1643 per
839 1557 925 1622 animi
945 1555 1153 1620 contumaciam
1171 1556 1221 1618 do-

72 1659 156 1728 mino
171 1661 216 1726 sui
232 1658 411 1724 maieslatem
428 1655 580 1722 imminuit.
629 1655 751 1723 Ubinam
765 1679 834 1743 ergo
850 1680 959 1741 rerum,
984 1670 1135 1742 antequam
1153 1679 1221 1722 caro

72 1764 244 1852 prodiisset,
268 1772 417 1848 peccatum
434 1759 507 1823 luiti
549 1759 613 1824 Aut
626 1782 749 1845 quanam
765 1762 878 1825 ratione
893 1783 951 1825 non
967 1761 1138 1844 simulatque
1153 1782 1222 1824 eou-

73 1869 135 1932 dita
158 1877 220 1946 cst,
251 1864 302 1928 sed
321 1863 468 1948 aliqueuto
491 1872 592 1948 postea
609 1863 764 1928 intervallo
783 1863 888 1926 malum
907 1864 1069 1927 commisitt
1113 1859 1222 1945 Quam-

74 1970 180 2034 obrem
202 1965 296 2032 omnis
319 1966 367 2030 illa
394 1965 429 2028 de
453 1965 595 2050 principio
620 1965 685 2030 mali
709 1966 853 2030 sententia
880 1965 1000 2030 corruit.
1050 1962 1121 2028 Non
1146 1963 1222 2028 enim

74 2071 226 2156 autiqrmm
250 2089 315 2134 esse
336 2076 433 2153 potest
449 2067 571 2147 melum,
605 2067 679 2152 quod
701 2068 731 2132 in
749 2068 906 2131 recentiori
925 2089 994 2132 care
1012 2067 1098 2130 babet
1118 2077 1150 2130 ut
1172 2067 1221 2146 sit,

74 2185 131 2236 aut
147 2194 204 2236 nou
223 2171 262 2236 sit
278 2171 407 2235 omuino.
452 2167 558 2255 Neque
575 2191 646 2234 vero
664 2191 682 2234 a
698 2170 817 2234 coelesti
835 2170 1021 2254 possessione
1040 2190 1108 2232 earo
1124 2167 1224 2231 deiici-

75 2287 139 2338 tur.
184 2271 250 2337 Nec
272 2274 408 2357 estquod
426 2272 549 2358 apostoli
565 2271 738 2336 auctoritate
754 2273 889 2336 abutatur
906 2271 1058 2358 quispiam,
1082 2272 1148 2334 dum
1165 2271 1221 2334 ait:

75 2381 156 2439 Coro
169 2388 198 2438 et
210 2380 328 2456 sangui
338 2397 456 2456 regnum
470 2380 581 2437 det'non
589 2377 778 2454 possidebunt.
811 2371 889 2436 Nam
904 2395 961 2436 non
977 2393 1093 2437 carnem
1108 2393 1222 2436 ornnem
1243 2393 1262 2437 r.
1274 2395 1326 2437 eor.

75 2488 210 2542 accuset.
255 2474 318 2541 Cur
334 2476 410 2541 euim
429 2487 584 2541 accusetur
601 2497 635 2538 ea
658 2497 731 2560 quae
748 2475 818 2540 nibil
837 2496 937 2539 eorum
954 2496 1028 2560 quae
1043 2485 1127 2539 antea
1146 2497 1225 2540 eom·
1245 2445 1320 2500 Μ’

74 2589 240 2644 memorata
256 2589 324 2642 suut
337 2579 505 2644 admiserit?
541 2573 600 2642 Sed
617 2587 647 2641 et
663 2578 727 2641 aliis
743 2599 856 2662 quoque
871 2578 1033 2642 redonibus
1047 2578 1122 2662 quod
1138 2599 1225 2661 quae-

76 2683 157 2745 ritur
174 2681 325 2744 evidenter
343 2681 515 2744 ostenditur.
562 2683 646 2760 Ocri,
678 2680 786 2764 iuquit,
815 2682 961 2742 oceumobt't
974 2683 1108 2742 aduersus
1124 2683 1226 2742 electos
1238 2701 1331 2758 nome,
1343 2703 1376 2747 aa.

76 2789 148 2848 deit
177 2781 287 2847 Nonne
302 2782 485 2848 sanctissima
499 2783 583 2867 virgo
596 2779 694 2846 Maria
708 2782 848 2867 cumipse
862 2804 949 2846 earne
964 2783 1092 2846 coeleste
1105 2802 1225 2867 regnum

77 2895 230 2971 capesset,
254 2885 301 2950 oui
315 2905 410 2969 neque
427 2885 526 2950 vitium
543 2896 589 2948 est
604 2905 727 2970 uuquam
743 2884 881 2965 oblatum,
905 2905 958 2949 uec
976 2885 1093 2949 libidine
1108 2895 1154 2950 est
1169 2885 1227 2949 ulla

77 3000 134 3054 aut
149 2985 292 3052 adulterio
309 2988 440 3066 foedata,
464 3007 559 3072 neque
577 2987 730 3071 quicquam
748 3008 788 3050 ex
802 2987 924 3061 nefariis
943 2986 998 3051 illis
1017 2987 1114 3052 earnis
1134 2988 1228 3072 operi-

76 3091 138 3154 bus
152 3087 277 3168 admisit,
297 3088 476 3173 redintegra
491 3089 686 3174 inviolataque
701 3089 847 3174 perstitit?
888 3087 958 3153 Non
973 3089 1062 3174 igitur
1075 3102 1229 3175 utcumque

78 3195 117 3258 de
138 3209 228 3255 earne
244 3191 388 3276 loquitur,
420 3213 484 3256 cum
507 3212 570 3255 earn
590 3203 677 3277 negat
693 3192 821 3256 coeleste
838 3213 958 3276 reguum
977 3191 1144 3276 possidere,
1177 3193 1228 3256 sed

80 3297 118 3358 de
137 3293 216 3356 carni
233 3293 377 3358 immersis
392 3292 567 3372 bominibus,
586 3294 633 3378 qui
649 3293 822 3357 adminiculo
836 3293 932 3357 carnis
948 3295 1072 3360 scelesta
1088 3295 1229 3379 quaedem

79 3405 271 3482 perpetrant,
301 3395 460 3459 cuiusmodi
482 3406 551 3460 sunt
573 3395 743 3474 fornicatio,
774 3395 939 3460 idololatria
958 3407 1015 3459 etc.
1060 3395 1145 3461 Unde
1167 3407 1227 3477 tue,

79 3495 217 3570 Marcio,
243 3497 322 3560 lraus
338 3507 423 3580 atque
440 3496 582 3561 calliditas
600 3499 716 3562 omnino
733 3499 892 3583 detegitur,
917 3521 980 3562 curn
1001 3521 1100 3564 omues
1119 3499 1230 3564 erroris

80 3601 182 3664 aditus
202 3599 365 3662 iamdudum
388 3599 499 3663 venus
516 3600 684 3686 occuparit,
716 3599 996 3687 praedicationisque
1016 3601 1078 3666 eius
1097 3623 1170 3687 quae
1186 3602 1231 3667 vi·

81 3714 145 3766 tam
166 3701 261 3764 adlert
281 3699 444 3764 firmitatem
466 3700 708 3787 stabilitalemque
731 3701 877 3767 munierit.

173 3799 275 3868 Sobel.
294 3799 366 3867 Vll.
402 3807 458 3883 Oui
475 3816 566 3868 cotan
585 3809 694 3868 coron·
708 3818 789 3880 sunt,
822 3827 932 3868 curnem
949 3808 1154 3886 erucifixerunt
1168 3829 1230 3870 cum
1243 3827 1363 3884 catate.

83 3909 164 3968 or'te'cb
186 3917 215 3967 et
235 3909 474 3986 concupiscendus.

172 4003 273 4070 llelut.
290 4004 363 4071 Vll.
398 4003 432 4072 si
447 4007 705 4091 qutctrotiame,
731 4033 841 4073 corono
857 4013 1077 4091 erucffieerunt,
1102 4009 1229 4091 Marcio,

83 4109 270 4196 perspicuum
293 4119 339 4172 est
356 4105 465 4173 Cbristi
484 4131 587 4177 seruos
605 4112 783 4177 circumcisis
801 4111 1002 4199 cupiditatibus
1024 4123 1054 4178 ot
1070 4113 1231 4178 affectioni·

82 4213 142 4278 bus
165 4210 397 4297 purgatissimam
420 4231 538 4278 carnem
555 4235 636 4279 suam
652 4213 830 4292 reddidisse,
860 4215 1045 4299 imitatusque
1063 4211 1131 4280 esse
1146 4213 1231 4280 Chri·

83 4327 183 4393 stum,
215 4313 279 4377 dum
301 4313 394 4398 ipsum
417 4335 533 4379 carnem
555 4337 637 4380 suam
655 4317 733 4380 cruci
752 4319 881 4381 affixisse
897 4317 1056 4381 declarant.
1101 4317 1184 4384 Unde
1203 4331 1233 4383 et

83 4415 128 4480 illi
146 4415 247 4480 eodem
263 4436 320 4500 quo
338 4415 470 4482 dominus
486 4439 555 4482 suus
572 4417 693 4483 consilio
709 4440 825 4484 caruem
842 4419 872 4483 in
888 4441 974 4484 cruce
992 4420 1130 4504 deligunt.
1171 4419 1231 4486 lam

956 4520 1027 4588 41*
