3006 4990
311 275 446 326 rennuit
463 275 540 326 ADV.
556 275 725 325 unanimus
742 273 804 326 Ltu.
820 275 841 326 Ι.
857 275 938 327 ΤΟΜ.
953 275 973 327 1.
1175 265 1214 326 95

84 393 175 476 posuit.
220 391 315 477 Quem
336 415 400 456 eum
419 393 477 458 inis
495 394 642 479 epularum
661 405 830 478 apparatum
847 393 1026 472 instrueret,
1055 393 1215 458 verisimile

84 505 123 557 est
140 516 236 559 earum
258 507 288 558 et
309 496 401 580 ipsum
423 495 591 580 participem
615 495 760 558 extitisse.
1081 567 1084 572 ¹

156 595 322 680 Quinetiam
345 598 420 681 quod
446 597 482 659 ad
505 597 583 659 ilium
605 618 712 679 agnum
731 595 835 659 attinet
856 596 886 658 in
906 595 1043 682 Aegypto
1065 619 1081 660 a
1101 594 1216 662 ludaeis
1235 599 1348 668 captu.

82 697 264 776 immolatum,
289 700 352 762 eius
369 698 412 762 rei
429 699 569 762 memoria
589 699 662 780 apud
681 697 845 782 Aegyptios
863 697 999 782 ipsosque
1017 701 1136 762 deorum
1155 700 1216 762 oui-

82 809 151 864 tores
168 801 311 884 hodieque
332 810 472 862 remanet.
517 798 634 862 Etenim
659 801 713 862 sub
736 798 812 861 idern
833 811 962 884 tempus,
995 821 1051 884 qno
1069 801 1129 864 illio
1148 801 1215 864 olim

82 901 175 984 paseha
191 903 370 965 celebratum
388 911 451 980 est,
476 902 550 985 qnod
567 901 596 963 in
613 901 693 964 veris
708 899 821 963 initium
838 912 924 984 atque
942 900 1155 984 aequinoctium
1173 903 1217 966 in·

81 1002 154 1081 uidit,
184 1003 325 1088 Aegyptii
347 1023 449 1066 ornnes
471 1003 560 1065 minio
578 1022 651 1064 oves
668 1023 737 1066 suas
754 1001 900 1078 inficiunt,
932 1022 986 1064 nee
1005 1024 1063 1066 nou
1084 1013 1114 1066 et
1131 1003 1216 1068 arbo·

81 1123 133 1180 res,
154 1105 196 1168 uti
212 1105 284 1168 duris
301 1116 332 1168 et
346 1115 461 1168 caetera
477 1104 630 1168 eiusmodi.
673 1099 767 1167 Cuius
781 1103 894 1186 quidem
912 1101 985 1165 ritus
1002 1104 1116 1166 tametsi
1132 1125 1217 1168 caua

82 1223 133 1267 sam
148 1207 297 1283 nesciant,
322 1207 398 1268 istud
416 1216 512 1268 tomen
531 1225 648 1289 praese
665 1205 762 1268 ierunt
779 1225 813 1268 ao
829 1205 917 1288 vulgo
931 1203 1077 1282 iactitant,
1101 1205 1151 1268 itto
1169 1207 1216 1268 die

82 1306 238 1370 universo·
259 1318 401 1370 terrarum
421 1307 520 1370 orbem
541 1305 676 1370 incendio
695 1306 902 1387 oondagrasse.
948 1301 1042 1369 Huius
1061 1325 1147 1389 porro
1167 1329 1216 1369 oa-

80 1407 206 1472 lamitatis
226 1410 404 1471 avertendae
425 1409 483 1471 nim
504 1409 646 1491 quandam
669 1408 698 1470 in
718 1427 823 1469 eruore
840 1406 890 1469 itto
909 1415 995 1488 etque
1013 1406 1098 1489 igneo
1118 1407 1217 1470 ooiore

80 1529 138 1572 esse
156 1511 294 1597 positam.
341 1506 455 1591 Quibus
477 1530 549 1573 vero
572 1509 606 1571 de
628 1509 759 1586 caussis,
791 1517 899 1590 negant
920 1507 975 1568 sihi
997 1527 1063 1570 esse
1085 1528 1239 1591 compen,

81 1619 141 1674 tum.
186 1610 247 1676 Sed
270 1623 300 1676 et
321 1612 471 1694 hueusque
492 1611 521 1672 in
542 1606 761 1695 Gordyaeorum
784 1609 905 1692 regione
927 1629 1012 1670 ureae
1032 1605 1217 1672 Noe‘mitioae

80 1713 207 1796 reliquias
233 1715 399 1775 ostendunt.
444 1713 491 1774 Ao
515 1710 540 1773 si
563 1712 626 1794 quis
653 1710 820 1794 diligentius
844 1710 1009 1794 perquirat,
1039 1731 1097 1772 nou
1120 1711 1218 1774 dubito

80 1813 138 1896 quin
154 1815 260 1878 altaris
275 1834 389 1898 quoqne
405 1811 548 1898 vestigia,
572 1813 647 1896 quod
663 1813 756 1896 ipsum
771 1831 954 1895 oonsequens
972 1823 1035 1888 est,
1059 1812 1094 1875 ad
1110 1812 1217 1875 montis

80 1915 185 1980 radices
210 1914 346 1978 inreuire
370 1915 479 1999 possit,
510 1914 558 1978 ubi
579 1924 637 1976 tum
654 1911 723 1977 Noe
745 1933 784 1976 ex
801 1933 870 1975 area
887 1913 1079 1996 progrediens
1098 1911 1214 1991 mansit,

80 2025 105 2078 et
124 2017 157 2080 de
176 2017 261 2102 puris
277 2017 450 2080 animatibus
471 2027 557 2100 atque
574 2015 705 2100 adipibus
728 2013 843 2078 donnino
866 2015 921 2076 deo
942 2014 1116 2076 sacrificium
1135 2014 1219 2077 iusti·

80 2115 137 2180 tuit.
180 2116 252 2200 Quo
274 2119 360 2182 etiam
382 2129 513 2202 tempore
534 2117 604 2180 ittnt
627 2117 720 2180 adeo
742 2115 889 2178 oracutum
907 2115 1035 2200 aceepit:
1066 2119 1358 2177 necatorium-nt·

80 2219 126 2280 ote·
139 2224 249 2294 omnen,
275 2231 405 2300 tunqnmn
423 2221 681 2291 deuteronom,
706 2231 797 2278 marte
811 2228 841 2276 et
856 2221 974 2279 comede.
1021 2214 1131 2280 Verum
1150 2215 1219 2294 itae·

80 2320 146 2383 resis
169 2321 258 2384 huius
280 2321 441 2384 adulterina
463 2321 608 2403 stultaque
630 2320 765 2402 dogmata
788 2319 878 2381 missa
903 2318 1019 2382 taniam.
1070 2316 1218 2402 Siquidem

52 2435 53 2438 ’
79 2442 162 2504 paura
187 2421 260 2485 haee
284 2423 428 2484 suffieiunt
451 2443 470 2484 a
495 2421 579 2484 uobis
606 2420 754 2504 hueusque
777 2420 942 2504 disputata,
979 2429 1066 2502 atque
1092 2419 1128 2484 ad
1152 2440 1218 2482 eum

79 2543 204 2589 errorem
225 2523 451 2608 propulsandum
473 2522 504 2585 iu
525 2521 650 2586 medium
671 2521 768 2586 aliato.

371 2761 607 2838 CONTRA
647 2759 922 2836 OSSENOS.

203 2882 293 2977 Quae
320 2889 372 2956 est
397 2882 457 2956 vl.
476 2881 622 2954 haeresis
647 2879 826 2972 Iudaismi,
852 2879 967 2954 ordine
989 2877 1085 2954 XIX.

156 3029 300 3117 Sequitur
316 3029 498 3097 (isseoorum
511 3031 642 3096 haeresis
659 3052 723 3094 eum
741 3029 941 3114 superioribus
955 3028 1104 3114 implicita.
1138 3027 1218 3094 Nam
1236 3037 1295 3107 cap.
1313 3041 1332 3089 1.

76 3142 105 3196 et
117 3132 147 3196 hi
163 3135 286 3220 perinde
305 3145 335 3197 nt
350 3135 391 3197 nn
408 3132 508 3197 iudaei
526 3144 610 3210 sunt,
634 3143 665 3198 et
679 3131 832 3196 simulandi
849 3131 993 3209 artitioes,
1018 3141 1105 3215 atque
1119 3131 1219 3218 impri-

76 3235 127 3298 mis
145 3236 255 3300 onitidi.
301 3233 414 3300 Ferunt
428 3235 500 3298 istos
516 3255 556 3298 ex
570 3231 735 3314 Nabataea,
758 3231 885 3312 ituraea,
908 3231 1069 3296 Moabitide
1086 3241 1116 3296 et
1131 3232 1219 3298 Arei-

74 3333 151 3400 iitide
173 3338 320 3420 originem
344 3337 491 3414 traxisse,
521 3357 594 3420 quau
620 3336 757 3420 regiones
780 3335 856 3398 ultra
876 3335 980 3398 vallem
1007 3334 1219 3418 salsuginosas!

76 3439 186 3517 positae
207 3449 289 3502 suut.
332 3436 398 3502 flou
419 3437 495 3502 enim
516 3437 632 3502 nomine
653 3439 745 3500 sooria
765 3436 796 3500 iu
818 3436 911 3499 ditetis
933 3445 1042 3500 tractus
1063 3437 1112 3500 itte
1133 3457 1219 3523 supe>

75 3537 134 3602 rior
148 3541 330 3626 appellatur,
356 3544 403 3624 qui
420 3541 496 3603 idem
515 3549 561 3604 est
577 3559 642 3602 oum
657 3536 736 3602 Mari
754 3535 885 3602 Mortuo.
931 3534 1112 3602 Ossenornm
1132 3557 1219 3624 porro

74 3660 165 3722 genos
182 3642 281 3721 istud,
304 3642 452 3707 sinomeu
466 3642 677 3726 interpretare,
699 3641 777 3704 idem
795 3650 841 3704 est
856 3660 889 3703 ao
904 3638 1017 3702 firmum
1034 3650 1064 3702 et
1081 3639 1217 3703 solidum.

73 3743 118 3805 dd
142 3745 199 3808 dos
225 3755 328 3830 postea
351 3741 442 3806 Elxai
469 3763 502 3806 se
526 3743 641 3828 quidam
665 3742 853 3826 aggregavit,
887 3741 1049 3826 imperante
1073 3739 1221 3818 Traiano,—

74 3854 138 3926 post
159 3847 318 3910 adventum
341 3840 452 3908 Christi
475 3843 594 3908 domini.
640 3841 699 3926 Qui
722 3866 786 3908 oum
809 3845 882 3908 falso
900 3843 1068 3929 prophetam
1090 3862 1123 3904 se
1141 3841 1219 3904 diee-

72 3955 133 4025 ret,
164 3945 272 4010 librom
290 3947 433 4031 quendam
451 3947 531 4012 velut
547 3946 716 4032 prophetico
734 3947 837 4031 spiritu
856 3946 966 4010 afflatus
985 3945 1090 4022 edidit,
1119 3941 1218 4008 diviua

70 4047 187 4114 scilieet
206 4047 351 4133 sapientia
369 4049 497 4133 plenum.
544 4047 637 4112 Huius
653 4059 807 4133 praeterea
825 4051 945 4112 tratrem
960 4045 1083 4110 lexeum
1101 4044 1219 4109 nomine

71 4198 631 4268 nn
663 4197 731 4330 ιι
938 4193 1217 4318 οιἰι

304 4287 466 4390 earnmrpn
501 4273 555 4318 e.“
921 4304 928 4317 .
1144 4303 1150 4324 ,
1208 4281 1227 4330 ,¹

104 4334 167 4386 Car.
184 4337 205 4386 1.
222 4363 255 4378 -·
272 4336 297 4390 1.
311 4339 440 4401 mpoenu
467 4351 512 4400 pro
526 4353 556 4390 re
570 4339 632 4401 qrrud
662 4337 725 4397 quud
741 4341 825 4397 eaput,
847 4339 883 4384 nti
896 4341 959 4385 estut
973 4338 1001 4384 tn
1015 4335 1066 4384 eod.
1080 4337 1219 4398 Butuntum,

71 4407 139 4466 ψ
156 4407 251 4468 ἰτρίων.
663 4417 731 4464 quem
751 4409 829 4462 uruat
847 4405 985 4452 Bitttottaeru
1000 4405 1132 4464 imperialis
1152 4403 1220 4464 opud

103 4477 129 4522 ι.
145 4473 188 4524 na
203 4473 254 4526 eod
269 4473 367 4538 unum
384 4477 406 4525 n
422 4475 476 4524 uun
490 4475 555 4526 utu
583 4466 631 4526 'te-
663 4473 784 4533 Ponto,
798 4473 843 4522 tna
857 4473 1008 4522 nomm
1021 4475 1103 4522 tuen:
1118 4469 1172 4534 „ot
1188 4465 1218 4522 at
