3010 5000
331 309 466 363 rananu
484 311 546 363 ern.
558 312 578 364 1.
594 311 675 363 rom.
689 313 732 362 ru.
748 311 847 362 narn.
857 312 968 364 xxxv.
1162 299 1223 363 483

73 430 233 514 qautiaqnc
252 432 425 516 prolectam.
472 429 587 495 Etenim
608 430 804 516 unusquisqne
825 430 936 514 gloriae
954 431 1049 495 studio
1067 452 1226 496 succensus

73 553 110 596 ao
133 543 296 597 sectatores
318 533 373 597 sibi
395 533 476 597 velut
496 536 670 618 peculiarem
694 535 835 618 quendam
858 555 978 618 gregem
1001 533 1158 598 conciliare
1176 555 1226 598 co·

73 637 179 720 piens,
204 635 338 720 quicquid
358 636 572 699 mendaciorum
592 636 765 699 inanimum
782 635 898 714 incidit,
924 646 1033 699 temere
1052 636 1134 720 quasi
1152 637 1226 699 vati-

73 737 183 801 cinium
200 739 341 822 quoddam
359 749 389 802 at
404 739 552 802 oraculum
570 738 706 824 proludit.
749 735 854 821 Neque
870 737 947 800 enim
964 733 1092 824 Spiritus
1107 749 1227 802 sanetus

73 862 128 925 per
148 861 199 904 eos
217 841 330 904 loeutus
349 851 413 920 est,
445 861 539 924 neque
558 861 598 903 ex
616 837 763 925 prophetis
780 850 830 902 aut
848 839 980 903 veritatis
1000 840 1162 925 evangeliis
1179 841 1227 906 vel

72 941 252 1006 levissimam
275 963 377 1006 ansam
400 953 430 1005 et
449 943 633 1006 occasionem
652 940 728 1005 nacti
745 951 825 1004 sunt.
871 941 917 1004 Ad
936 941 1056 1006 istorum
1080 964 1152 1006 vero
1176 944 1228 1006 lal-

72 1043 308 1110 cumscientiam
327 1044 513 1108 refellendam
533 1044 659 1129 pertinet
677 1042 725 1106 illa
744 1065 760 1106 a
781 1063 827 1106 me
846 1054 946 1106 contra
965 1044 1078 1130 priores
1095 1043 1228 1108 instituta

72 1147 232 1211 verissima
247 1146 415 1232 disputatio.
445 1143 522 1209 Nam
538 1167 555 1208 e
571 1144 719 1210 Valentini
734 1143 950 1229 Valentiuoqne
963 1147 1145 1233 superiorum
1159 1147 1228 1211 hae·

72 1249 234 1314 reticornnr
255 1247 355 1312 schola
373 1269 475 1312 omues
498 1248 538 1311 illi
557 1249 696 1334 proiecti,
730 1247 773 1311 sio
791 1259 823 1310 ut
841 1247 919 1311 illiue
937 1260 1061 1312 merrtem
1080 1249 1127 1312 alii
1143 1248 1229 1312 aliter

71 1351 352 1436 interpretarentur,
375 1351 439 1435 pari
451 1370 553 1414 omnes
569 1349 727 1434 ignominia
742 1344 860 1413 notandi
877 1361 956 1414 suot.
1002 1347 1060 1414 Sed
1078 1351 1150 1414 haud
1167 1371 1230 1414 me·

72 1455 192 1518 diocres
207 1474 279 1517 sane
294 1453 330 1517 ad
347 1453 539 1516 revidendum
556 1473 647 1535 nugas
666 1448 846 1517 Colorhasus
862 1450 919 1516 iste
936 1451 1020 1516 nohis
1036 1452 1142 1516 attulit.
1178 1449 1227 1518 Si-

72 1557 191 1642 quidem
216 1553 331 1640 podtico
358 1575 439 1618 more
464 1554 567 1619 ludens
589 1551 710 1618 Parenti
732 1553 859 1617 omnium
888 1576 922 1618 ac
949 1555 1003 1618 deo
1028 1555 1227 1634 sanctissimo,

72 1680 161 1744 quern
181 1678 267 1722 nemo
284 1657 533 1744 comprehendere
550 1666 600 1720 aut
613 1677 755 1742 usurpare
772 1658 864 1720 oculis
879 1667 991 1742 potest,
1024 1655 1158 1720 llomiois
1176 1679 1229 1722 no·

74 1782 145 1825 men
164 1761 294 1838 affinxit,
325 1770 358 1824 ut
374 1761 409 1822 ad
427 1780 558 1824 errorem
577 1781 660 1823 suum
678 1757 842 1824 Salvatoris
859 1779 1023 1822 sermonem
1044 1760 1227 1844 adiungeret,

73 1863 123 1948 qui
147 1883 182 1925 se
202 1859 309 1926 Filium
329 1861 453 1926 hominis
475 1883 542 1926 esse
565 1861 656 1941 dixit,
689 1883 724 1924 ac
743 1859 925 1924 familiarium
942 1879 1062 1923 suorum
1078 1861 1190 1926 aruimus
1211 1885 1230 1926 a

73 1965 194 2030 sincera
217 1975 247 2028 et
268 1965 421 2050 perspicua
440 1961 551 2028 Christi
576 1965 611 2026 de
632 1963 730 2048 seipso
753 1962 940 2026 confessione
962 1962 997 2025 ad
1021 1963 1178 2049 perplexas
1200 1975 1231 2028 ct

72 2067 240 2152 impiicatur
258 2067 383 2152 ineptias
403 2067 569 2144 corrlerret,
600 2068 665 2128 dnm
690 2065 719 2128 in
737 2065 912 2128 coelestibus
931 2063 989 2128 illis
1008 2063 1079 2128 louis
1102 2087 1136 2129 ea
1156 2087 1230 2149 quae

74 2189 220 2253 nusquam
244 2179 313 2232 snut
333 2167 389 2232 sihi
411 2189 479 2232 esse
497 2168 684 2254 persuadent.
729 2164 770 2231 Ut
792 2167 868 2230 errim
891 2167 993 2231 demus
1014 2167 1099 2247 illud,
1133 2189 1171 2232 ex
1193 2190 1230 2232 eo

75 2271 153 2356 qnod
178 2269 263 2334 huius
286 2283 367 2355 pater
386 2267 483 2334 hlomo
505 2269 545 2334 sit
566 2271 660 2335 dictus
676 2268 811 2334 Hominis
833 2279 927 2334 semet
943 2270 1106 2356 appellasse
1129 2271 1229 2352 lilium,

76 2394 136 2436 non
153 2373 192 2436 olr
209 2393 272 2436 enm
290 2393 426 2452 carnem,
450 2393 536 2456 quam
556 2393 596 2436 ex
612 2384 695 2438 ntero
712 2370 836 2454 virginis
851 2373 980 2459 accepit,
1006 2372 1060 2436 hoo
1077 2383 1123 2436 est
1141 2369 1232 2438 Beata

75 2471 194 2554 Maria,
228 2495 268 2538 ex
288 2496 343 2559 qua
367 2495 419 2559 per
437 2470 578 2559 Spiritum
597 2487 728 2539 sanctum
748 2486 835 2537 cratus
855 2485 916 2552 est,
949 2487 980 2539 nt
998 2475 1106 2539 infelici
1126 2471 1232 2540 Color-

75 2576 150 2642 haso
170 2577 294 2662 placuitr
326 2577 392 2662 quid
411 2578 447 2640 de
465 2578 558 2641 altero
575 2578 625 2642 illo
642 2577 719 2640 dicet
733 2597 870 2640 sermone
886 2575 1011 2656 domiui,
1042 2599 1106 2641 cum
1124 2577 1167 2640 sio
1184 2575 1231 2641 ln·

76 2681 169 2744 daeos
192 2679 298 2744 affatus
323 2689 385 2743 este
418 2683 503 2742 Nunc
523 2703 566 2742 rna
582 2683 717 2761 quaeritis
733 2681 909 2760 ahterficrre,
941 2681 1076 2742 homonem
1093 2686 1146 2762 qui
1158 2685 1232 2742 uerr'·
1244 2690 1384 2751 terrente

77 2795 163 2844 tatem
185 2784 263 2844 oodr's
284 2785 493 2858 mendacrum,
523 2803 606 2863 quom
625 2786 723 2844 oudr'ur'
739 2803 757 2844 u
775 2785 860 2843 Patre
880 2787 961 2842 meo?
1004 2779 1073 2845 Non
1097 2783 1173 2846 enim
1196 2786 1232 2845 ud

76 2889 198 2948 Horatiae
213 2889 299 2947 Peme
320 2906 379 2946 meo
401 2885 492 2963 dixit,
525 2885 576 2947 sed
594 2881 712 2948 Patrem
735 2905 818 2947 suum
839 2884 1011 2968 praedicans
1029 2884 1231 2950 universorum

77 2989 164 3051 deum
180 2987 300 3050 iudicat.
347 2983 388 3050 Se
404 3007 494 3064 uero,
518 2987 564 3069 qui
583 2997 715 3049 naturam
733 2987 857 3050 hominis
872 2989 1069 3072 suscepisset,
1094 3009 1165 3051 vere
1182 2989 1233 3052 ho·

77 3089 188 3154 minem
204 3088 348 3174 appellata
373 3100 403 3151 ut
420 3099 451 3152 et
464 3087 587 3174 apostoli
604 3099 765 3152 testantore
790 3111 846 3173 qno
865 3091 990 3174 undique
1006 3089 1115 3152 veritos
1133 3111 1234 3153 oorro·

78 3192 217 3270 horelnr,
249 3191 487 3275 intelligaturque
505 3190 581 3253 unde
602 3189 649 3253 illa
668 3191 785 3254 domiuo
803 3203 870 3254 sunt
887 3191 1025 3255 attributa
1042 3190 1231 3276 cognomina:

78 3297 188 3367 derum,
222 3290 332 3377 inquil,
362 3297 470 3368 orrum,
500 3294 683 3374 approbatum
710 3298 740 3354 ἐκ
764 3315 812 3354 nos
832 3297 923 3372 sapon
948 3315 983 3354 uc
1002 3298 1144 3374 proda'grilr
1168 3305 1226 3358 etc.
1244 3307 1361 3364 aecana

79 3393 158 3478 Quid
182 3395 313 3459 adhaec
338 3395 453 3458 hiscere
475 3395 613 3475 audebis,
644 3395 845 3459 infelicissime
871 3395 1050 3458 mortalium!
1084 3398 1132 3480 qui
1156 3418 1233 3462 nova

79 3499 220 3582 quaedam
238 3497 368 3560 inaudita
388 3496 505 3560 nomina
523 3498 604 3561 velut
621 3518 638 3560 a
655 3496 738 3561 coelo
755 3495 839 3560 nohis
856 3497 943 3560 allata
962 3497 1114 3577 venditas,
1146 3509 1231 3584 toque

80 3600 245 3664 insolenter
266 3601 417 3664 ostentas?
460 3595 593 3682 Quorum
616 3599 822 3663 uocabulorum
849 3600 943 3682 gratia
968 3598 1103 3664 fluminis
1126 3623 1231 3665 nomen

81 3703 201 3766 domino
218 3703 344 3765 omnium
362 3721 396 3764 ac
412 3697 533 3764 Parenti
554 3701 682 3766 trihuere
700 3724 758 3764 reon
776 3701 907 3765 dubitas:
939 3701 1022 3784 quasi
1040 3702 1173 3766 dominus
1190 3705 1231 3766 id-

81 3803 160 3868 oirco
178 3801 274 3868 Filius
291 3803 416 3867 hominis
437 3803 477 3866 sit
494 3803 604 3880 dictus,
637 3804 711 3888 quod
732 3804 794 3866 eius
813 3801 903 3866 Pater
921 3801 1017 3866 Homo
1038 3817 1230 3891 nuncupetur.

82 3903 164 3970 Doce
183 3917 213 3970 et
231 3906 352 3969 alteram
372 3904 610 3990 appellationem,
643 3911 739 3968 Vr'rum
755 3907 921 3986 probatum,
953 3903 1035 3969 Patri
1055 3929 1230 3991 congruere.
1334 3943 1336 3954 =

83 4009 171 4093 Atqui
196 4029 342 4092 nunquam
363 4008 430 4071 illud
453 4007 603 4071 ostendes.
650 4007 783 4074 Tametsi
806 4009 882 4070 enim
906 4010 953 4072 uir
975 4011 1068 4074 omnis
1090 4012 1175 4074 homo
1195 4011 1233 4074 sit

83 4109 303 4196 hominemque,
336 4121 368 4174 ut
383 4132 400 4173 a
416 4109 537 4174 muliere
557 4109 757 4190 discernatur,
788 4111 966 4197 appellemus
985 4113 1096 4190 virum,
1124 4113 1231 4176 nnllam

84 4214 148 4276 inde
171 4223 267 4276 tameo
285 4211 478 4276 calumniandi
503 4234 604 4277 ansam
624 4223 721 4298 potest
738 4217 880 4298 arripere.
926 4211 1042 4277 Etenim
1065 4214 1129 4278 sinc
1150 4227 1232 4280 certa

84 4314 180 4397 specie
199 4315 355 4399 habitoque
371 4315 502 4401 corporis
519 4337 554 4379 ac
572 4315 675 4400 partim
690 4316 824 4394 occultis,
840 4318 942 4400 partim
959 4315 1124 4400 potentibus
1142 4339 1232 4381 mem·

85 4413 143 4479 heis
160 4437 306 4501 nunqnam
321 4417 414 4480 uirum
432 4418 625 4482 nominamus.
670 4415 789 4482 Mulieri
806 4439 892 4502 porro
908 4439 966 4481 uon
981 4417 1049 4498 viri,
1074 4419 1126 4486 scd
1140 4420 1233 4487 homi·

117 4551 141 4602 3.
158 4549 305 4620 ἐτόλμησας
320 4555 387 4604 codd.
403 4555 474 4606 Vallo.
493 4557 588 4618 lthadr'p.
627 4557 697 4618 Vulpo
713 4551 861 4622 ἐτόλμησαν.

1007 4647 1045 4708 31
1065 4643 1079 4672 ’
