<?xml version="1.0" encoding="UTF-8"?>
<!DOCTYPE html PUBLIC "-//W3C//DTD XHTML 1.0 Transitional//EN"
    "http://www.w3.org/TR/xhtml1/DTD/xhtml1-transitional.dtd">
<html xmlns="http://www.w3.org/1999/xhtml" xml:lang="en" lang="en">
 <head>
  <title>
</title>
<meta http-equiv="Content-Type" content="text/html;charset=utf-8" />
  <meta name='ocr-system' content='tesseract 3.04.00' />
  <meta name='ocr-capabilities' content='ocr_page ocr_carea ocr_par ocr_line ocrx_word'/>
</head>
<body>
  <div class='ocr_page' id='page_1' title='image "./corporishaerese03oehlgoog_0274.png"; bbox 0 0 3008 4996; ppageno 0'>
   <div class='ocr_carea' id='block_1_1' title="bbox 366 239 1236 305">
    <p class='ocr_par' dir='ltr' id='par_1_1' title="bbox 366 239 1236 305">
     <span class='ocr_line' id='line_1_1' title="bbox 366 239 1236 305; baseline -0.002 -1"><span class='ocrx_word' id='word_1_1' title='bbox 366 250 502 304; x_wconf 77' lang='lat' dir='ltr'>rinnau</span> <span class='ocrx_word' id='word_1_2' title='bbox 518 251 582 302; x_wconf 81' lang='lat' dir='ltr'>urs.</span> <span class='ocrx_word' id='word_1_3' title='bbox 592 251 612 305; x_wconf 84' lang='lat'>1.</span> <span class='ocrx_word' id='word_1_4' title='bbox 628 251 709 304; x_wconf 82' lang='lat' dir='ltr'>uox.</span> <span class='ocrx_word' id='word_1_5' title='bbox 721 251 755 302; x_wconf 85' lang='lat' dir='ltr'>n.</span> <span class='ocrx_word' id='word_1_6' title='bbox 769 249 867 301; x_wconf 80' lang='lat' dir='ltr'>naun.</span> <span class='ocrx_word' id='word_1_7' title='bbox 877 251 965 302; x_wconf 86' lang='lat' dir='ltr'><strong>xxx.</strong></span> <span class='ocrx_word' id='word_1_8' title='bbox 1176 239 1236 302; x_wconf 78' lang='lat'>257</span> 
     </span>
    </p>
   </div>
   <div class='ocr_carea' id='block_1_2' title="bbox 79 363 1374 4305">
    <p class='ocr_par' dir='ltr' id='par_1_2' title="bbox 96 363 1365 1469">
     <span class='ocr_line' id='line_1_2' title="bbox 100 363 1238 452; baseline 0.004 -23"><span class='ocrx_word' id='word_1_9' title='bbox 100 363 301 452; x_wconf 82' lang='lat' dir='ltr'>Ephraimique</span> <span class='ocrx_word' id='word_1_10' title='bbox 319 369 503 434; x_wconf 79' lang='lat' dir='ltr'><strong>solitudinem</strong></span> <span class='ocrx_word' id='word_1_11' title='bbox 522 371 558 433; x_wconf 90' lang='lat' dir='ltr'>ab</span> <span class='ocrx_word' id='word_1_12' title='bbox 576 369 648 433; x_wconf 89' lang='lat' dir='ltr'>urbo</span> <span class='ocrx_word' id='word_1_13' title='bbox 665 367 864 432; x_wconf 74' lang='lat' dir='ltr'>Hierichuntis</span> <span class='ocrx_word' id='word_1_14' title='bbox 880 369 915 432; x_wconf 88' lang='lat' dir='ltr'>ad</span> <span class='ocrx_word' id='word_1_15' title='bbox 932 370 1071 432; x_wconf 90' lang='lat' dir='ltr'>montium</span> <span class='ocrx_word' id='word_1_16' title='bbox 1090 370 1156 452; x_wconf 88' lang='lat' dir='ltr'>iuga</span> <span class='ocrx_word' id='word_1_17' title='bbox 1175 381 1238 433; x_wconf 91' lang='lat' dir='ltr'>ten-</span> 
     </span>
     <span class='ocr_line' id='line_1_3' title="bbox 98 467 1238 554; baseline 0.002 -23"><span class='ocrx_word' id='word_1_18' title='bbox 98 469 170 532; x_wconf 87' lang='lat' dir='ltr'>denti</span> <span class='ocrx_word' id='word_1_19' title='bbox 193 471 262 533; x_wconf 86' lang='lat' dir='ltr'>mibi</span> <span class='ocrx_word' id='word_1_20' title='bbox 286 473 420 535; x_wconf 90' lang='lat' dir='ltr'>comitem</span> <span class='ocrx_word' id='word_1_21' title='bbox 444 493 477 535; x_wconf 88' lang='lat' dir='ltr'>se</span> <span class='ocrx_word' id='word_1_22' title='bbox 500 470 612 535; x_wconf 90' lang='lat' dir='ltr'>itineris</span> <span class='ocrx_word' id='word_1_23' title='bbox 631 471 774 534; x_wconf 85' lang='lat' dir='ltr'>adiunxit.</span> <span class='ocrx_word' id='word_1_24' title='bbox 820 468 896 533; x_wconf 84' lang='lat' dir='ltr'>Huic</span> <span class='ocrx_word' id='word_1_25' title='bbox 914 492 971 554; x_wconf 86' lang='lat' dir='ltr'>ego</span> <span class='ocrx_word' id='word_1_26' title='bbox 987 491 1051 534; x_wconf 88' lang='lat' dir='ltr'>cum</span> <span class='ocrx_word' id='word_1_27' title='bbox 1071 473 1106 534; x_wconf 93' lang='lat' dir='ltr'>de</span> <span class='ocrx_word' id='word_1_28' title='bbox 1127 467 1238 535; x_wconf 80' lang='lat' dir='ltr'>Christi</span> 
     </span>
     <span class='ocr_line' id='line_1_4' title="bbox 97 569 1238 656; baseline 0.004 -24"><span class='ocrx_word' id='word_1_29' title='bbox 97 571 199 635; x_wconf 88' lang='lat' dir='ltr'>domini</span> <span class='ocrx_word' id='word_1_30' title='bbox 214 573 340 636; x_wconf 86' lang='lat' dir='ltr'>adventu</span> <span class='ocrx_word' id='word_1_31' title='bbox 355 572 494 637; x_wconf 89' lang='lat' dir='ltr'>nonnulla</span> <span class='ocrx_word' id='word_1_32' title='bbox 507 591 711 656; x_wconf 79' lang='lat' dir='ltr'>proponerem,</span> <span class='ocrx_word' id='word_1_33' title='bbox 730 572 807 634; x_wconf 91' lang='lat' dir='ltr'>nulla</span> <span class='ocrx_word' id='word_1_34' title='bbox 821 570 850 634; x_wconf 90' lang='lat' dir='ltr'>in</span> <span class='ocrx_word' id='word_1_35' title='bbox 866 593 898 634; x_wconf 90' lang='lat' dir='ltr'>re</span> <span class='ocrx_word' id='word_1_36' title='bbox 913 571 1142 636; x_wconf 72' lang='lat' dir='ltr'>contradicebat.</span> <span class='ocrx_word' id='word_1_37' title='bbox 1171 569 1238 654; x_wconf 84' lang='lat' dir='ltr'>Qua</span> 
     </span>
     <span class='ocr_line' id='line_1_5' title="bbox 96 672 1238 757; baseline 0.004 -25"><span class='ocrx_word' id='word_1_38' title='bbox 96 691 125 732; x_wconf 91' lang='lat' dir='ltr'>re</span> <span class='ocrx_word' id='word_1_39' title='bbox 140 673 295 757; x_wconf 90' lang='lat' dir='ltr'>plurimum</span> <span class='ocrx_word' id='word_1_40' title='bbox 312 675 482 753; x_wconf 87' lang='lat' dir='ltr'>admiratus,</span> <span class='ocrx_word' id='word_1_41' title='bbox 506 673 573 757; x_wconf 88' lang='lat' dir='ltr'>qaid</span> <span class='ocrx_word' id='word_1_42' title='bbox 589 693 712 737; x_wconf 86' lang='lat' dir='ltr'>caussae</span> <span class='ocrx_word' id='word_1_43' title='bbox 725 672 840 735; x_wconf 89' lang='lat' dir='ltr'>tandem</span> <span class='ocrx_word' id='word_1_44' title='bbox 858 684 939 736; x_wconf 88' lang='lat' dir='ltr'>esset</span> <span class='ocrx_word' id='word_1_45' title='bbox 953 673 1097 736; x_wconf 89' lang='lat' dir='ltr'>bominem</span> <span class='ocrx_word' id='word_1_46' title='bbox 1112 675 1238 736; x_wconf 90' lang='lat' dir='ltr'>iuterro-</span> 
     </span>
     <span class='ocr_line' id='line_1_6' title="bbox 96 773 1239 860; baseline 0.002 -24"><span class='ocrx_word' id='word_1_47' title='bbox 96 775 156 854; x_wconf 84' lang='lat' dir='ltr'>gevi</span> <span class='ocrx_word' id='word_1_48' title='bbox 181 777 227 854; x_wconf 84' lang='lat' dir='ltr'>(st</span> <span class='ocrx_word' id='word_1_49' title='bbox 245 788 308 838; x_wconf 87' lang='lat' dir='ltr'>erat</span> <span class='ocrx_word' id='word_1_50' title='bbox 323 774 431 859; x_wconf 75' lang='lat' dir='ltr'>alioqui</span> <span class='ocrx_word' id='word_1_51' title='bbox 449 775 523 858; x_wconf 89' lang='lat' dir='ltr'>legis</span> <span class='ocrx_word' id='word_1_52' title='bbox 540 795 611 838; x_wconf 85' lang='lat' dir='ltr'>suae</span> <span class='ocrx_word' id='word_1_53' title='bbox 627 775 754 860; x_wconf 88' lang='lat' dir='ltr'>peritus,</span> <span class='ocrx_word' id='word_1_54' title='bbox 788 794 822 838; x_wconf 86' lang='lat' dir='ltr'>ec</span> <span class='ocrx_word' id='word_1_55' title='bbox 841 773 1003 859; x_wconf 87' lang='lat' dir='ltr'>disputandi</span> <span class='ocrx_word' id='word_1_56' title='bbox 1019 795 1091 838; x_wconf 90' lang='lat' dir='ltr'>sane</span> <span class='ocrx_word' id='word_1_57' title='bbox 1109 797 1167 838; x_wconf 90' lang='lat' dir='ltr'>non</span> <span class='ocrx_word' id='word_1_58' title='bbox 1185 795 1239 838; x_wconf 86' lang='lat' dir='ltr'>ex·</span> 
     </span>
     <span class='ocr_line' id='line_1_7' title="bbox 96 872 1238 960; baseline 0.002 -24"><span class='ocrx_word' id='word_1_59' title='bbox 96 880 192 957; x_wconf 88' lang='lat' dir='ltr'>pers),</span> <span class='ocrx_word' id='word_1_60' title='bbox 225 877 413 960; x_wconf 85' lang='lat' dir='ltr'>corioquam</span> <span class='ocrx_word' id='word_1_61' title='bbox 431 877 499 940; x_wconf 91' lang='lat' dir='ltr'>mibi</span> <span class='ocrx_word' id='word_1_62' title='bbox 521 875 592 940; x_wconf 90' lang='lat' dir='ltr'>nibil</span> <span class='ocrx_word' id='word_1_63' title='bbox 609 877 817 960; x_wconf 87' lang='lat' dir='ltr'>responderet,</span> <span class='ocrx_word' id='word_1_64' title='bbox 847 896 882 940; x_wconf 86' lang='lat' dir='ltr'>ac</span> <span class='ocrx_word' id='word_1_65' title='bbox 902 877 937 938; x_wconf 92' lang='lat' dir='ltr'>de</span> <span class='ocrx_word' id='word_1_66' title='bbox 957 872 1077 940; x_wconf 84' lang='lat' dir='ltr'>Christo</span> <span class='ocrx_word' id='word_1_67' title='bbox 1098 873 1166 939; x_wconf 85' lang='lat' dir='ltr'>lesu</span> <span class='ocrx_word' id='word_1_68' title='bbox 1187 877 1238 938; x_wconf 89' lang='lat' dir='ltr'>do·</span> 
     </span>
     <span class='ocr_line' id='line_1_8' title="bbox 97 975 1238 1060; baseline 0.002 -22"><span class='ocrx_word' id='word_1_69' title='bbox 97 977 169 1040; x_wconf 88' lang='lat' dir='ltr'>mino</span> <span class='ocrx_word' id='word_1_70' title='bbox 194 991 296 1041; x_wconf 90' lang='lat' dir='ltr'>nostro</span> <span class='ocrx_word' id='word_1_71' title='bbox 319 977 387 1040; x_wconf 91' lang='lat' dir='ltr'>mibi</span> <span class='ocrx_word' id='word_1_72' title='bbox 408 977 600 1040; x_wconf 77' lang='lat' dir='ltr'>consentiret.</span> <span class='ocrx_word' id='word_1_73' title='bbox 644 977 691 1040; x_wconf 79' lang='lat' dir='ltr'>Ad</span> <span class='ocrx_word' id='word_1_74' title='bbox 714 998 787 1060; x_wconf 85' lang='lat' dir='ltr'>quae</span> <span class='ocrx_word' id='word_1_75' title='bbox 806 977 846 1040; x_wconf 91' lang='lat' dir='ltr'>illi</span> <span class='ocrx_word' id='word_1_76' title='bbox 865 975 1005 1054; x_wconf 87' lang='lat' dir='ltr'>subiecit,</span> <span class='ocrx_word' id='word_1_77' title='bbox 1037 977 1238 1041; x_wconf 87' lang='lat' dir='ltr'>moribundum</span> 
     </span>
     <span class='ocr_line' id='line_1_9' title="bbox 96 1067 1238 1163; baseline -0.001 -23"><span class='ocrx_word' id='word_1_78' title='bbox 96 1080 315 1163; x_wconf 83' lang='lat' dir='ltr'>sequendoque</span> <span class='ocrx_word' id='word_1_79' title='bbox 332 1101 349 1144; x_wconf 87' lang='lat' dir='ltr'>a</span> <span class='ocrx_word' id='word_1_80' title='bbox 367 1067 484 1142; x_wconf 84' lang='lat' dir='ltr'>Iudaeis</span> <span class='ocrx_word' id='word_1_81' title='bbox 498 1077 676 1142; x_wconf 89' lang='lat' dir='ltr'>insusurrari</span> <span class='ocrx_word' id='word_1_82' title='bbox 690 1079 745 1142; x_wconf 90' lang='lat' dir='ltr'>sibi</span> <span class='ocrx_word' id='word_1_83' title='bbox 761 1079 904 1141; x_wconf 86' lang='lat' dir='ltr'>inaurem</span> <span class='ocrx_word' id='word_1_84' title='bbox 920 1078 1025 1141; x_wconf 82' lang='lat' dir='ltr'>leuiter</span> <span class='ocrx_word' id='word_1_85' title='bbox 1042 1079 1171 1157; x_wconf 76' lang='lat' dir='ltr'>audisse,</span> <span class='ocrx_word' id='word_1_86' title='bbox 1194 1082 1238 1140; x_wconf 85' lang='lat' dir='ltr'>le-</span> 
     </span>
     <span class='ocr_line' id='line_1_10' title="bbox 96 1163 1236 1262; baseline 0.004 -24"><span class='ocrx_word' id='word_1_87' title='bbox 96 1199 141 1238; x_wconf 85' lang='lat' dir='ltr'>sus</span> <span class='ocrx_word' id='word_1_88' title='bbox 157 1163 289 1242; x_wconf 63' lang='lat' dir='ltr'>Christus</span> <span class='ocrx_word' id='word_1_89' title='bbox 306 1184 463 1262; x_wconf 71' lang='lat' dir='ltr'>erorq&#39;fim</span> <span class='ocrx_word' id='word_1_90' title='bbox 479 1183 620 1261; x_wconf 76' lang='lat' dir='ltr'>der&#39;stlr&#39;ras</span> <span class='ocrx_word' id='word_1_91' title='bbox 634 1184 669 1241; x_wconf 84' lang='lat' dir='ltr'>de</span> <span class='ocrx_word' id='word_1_92' title='bbox 686 1192 713 1242; x_wconf 86' lang='lat' dir='ltr'>te</span> <span class='ocrx_word' id='word_1_93' title='bbox 728 1181 872 1242; x_wconf 85' lang='lat' dir='ltr'>r&#39;udr&#39;codr&#39;t.</span> <span class='ocrx_word' id='word_1_94' title='bbox 918 1176 977 1244; x_wconf 89' lang='lat' dir='ltr'>Sed</span> <span class='ocrx_word' id='word_1_95' title='bbox 996 1179 1068 1244; x_wconf 86' lang='lat' dir='ltr'>baec</span> <span class='ocrx_word' id='word_1_96' title='bbox 1085 1179 1236 1260; x_wconf 85' lang='lat' dir='ltr'>hacteuus,</span> 
     </span>
     <span class='ocr_line' id='line_1_11' title="bbox 96 1281 1235 1367; baseline 0.001 -25"><span class='ocrx_word' id='word_1_97' title='bbox 96 1281 167 1361; x_wconf 91' lang='lat' dir='ltr'>quod</span> <span class='ocrx_word' id='word_1_98' title='bbox 190 1283 226 1344; x_wconf 88' lang='lat' dir='ltr'>ad</span> <span class='ocrx_word' id='word_1_99' title='bbox 246 1302 309 1345; x_wconf 90' lang='lat' dir='ltr'>rem</span> <span class='ocrx_word' id='word_1_100' title='bbox 328 1291 511 1367; x_wconf 78' lang='lat' dir='ltr'>praesentem</span> <span class='ocrx_word' id='word_1_101' title='bbox 534 1281 651 1358; x_wconf 87' lang='lat' dir='ltr'>attinet,</span> <span class='ocrx_word' id='word_1_102' title='bbox 676 1301 781 1344; x_wconf 80' lang='lat' dir='ltr'>revere</span> <span class='ocrx_word' id='word_1_103' title='bbox 804 1291 835 1343; x_wconf 93' lang='lat' dir='ltr'>ut</span> <span class='ocrx_word' id='word_1_104' title='bbox 855 1281 1021 1366; x_wconf 87' lang='lat' dir='ltr'>accepimus</span> <span class='ocrx_word' id='word_1_105' title='bbox 1040 1281 1116 1344; x_wconf 85' lang='lat' dir='ltr'>dicta</span> <span class='ocrx_word' id='word_1_106' title='bbox 1136 1293 1235 1344; x_wconf 88' lang='lat' dir='ltr'>sunto.</span> 
     </span>
     <span class='ocr_line' id='line_1_12' title="bbox 176 1379 1365 1469; baseline 0.003 -23"><span class='ocrx_word' id='word_1_107' title='bbox 176 1381 280 1447; x_wconf 83' lang='lat' dir='ltr'>Redeo</span> <span class='ocrx_word' id='word_1_108' title='bbox 297 1382 354 1446; x_wconf 87' lang='lat' dir='ltr'>iam</span> <span class='ocrx_word' id='word_1_109' title='bbox 371 1384 406 1446; x_wconf 91' lang='lat' dir='ltr'>ad</span> <span class='ocrx_word' id='word_1_110' title='bbox 423 1380 592 1469; x_wconf 87' lang='lat' dir='ltr'>losepbum.</span> <span class='ocrx_word' id='word_1_111' title='bbox 637 1379 666 1445; x_wconf 90' lang='lat' dir='ltr'>ls</span> <span class='ocrx_word' id='word_1_112' title='bbox 685 1405 748 1446; x_wconf 90' lang='lat' dir='ltr'>cum</span> <span class='ocrx_word' id='word_1_113' title='bbox 767 1381 797 1445; x_wconf 91' lang='lat' dir='ltr'>in</span> <span class='ocrx_word' id='word_1_114' title='bbox 816 1382 919 1446; x_wconf 89' lang='lat' dir='ltr'>morbo</span> <span class='ocrx_word' id='word_1_115' title='bbox 935 1384 1029 1446; x_wconf 84' lang='lat' dir='ltr'>adbuc</span> <span class='ocrx_word' id='word_1_116' title='bbox 1046 1393 1143 1460; x_wconf 87' lang='lat' dir='ltr'>esset,</span> <span class='ocrx_word' id='word_1_117' title='bbox 1174 1395 1204 1445; x_wconf 89' lang='lat' dir='ltr'>et</span> <span class='ocrx_word' id='word_1_118' title='bbox 1221 1405 1237 1445; x_wconf 88' lang='lat' dir='ltr'>a</span> <span class='ocrx_word' id='word_1_119' title='bbox 1257 1400 1316 1466; x_wconf 64' lang='lat' dir='ltr'>cip.</span> <span class='ocrx_word' id='word_1_120' title='bbox 1331 1401 1365 1452; x_wconf 88' lang='lat' dir='ltr'>x.</span> 
     </span>
    </p>

    <p class='ocr_par' dir='ltr' id='par_1_3' title="bbox 79 1482 1374 4305">
     <span class='ocr_line' id='line_1_13' title="bbox 96 1482 1239 1568; baseline 0.003 -26"><span class='ocrx_word' id='word_1_121' title='bbox 96 1483 211 1546; x_wconf 86' lang='lat' dir='ltr'>seniore</span> <span class='ocrx_word' id='word_1_122' title='bbox 229 1483 306 1547; x_wconf 91' lang='lat' dir='ltr'>intcr</span> <span class='ocrx_word' id='word_1_123' title='bbox 323 1485 377 1548; x_wconf 87' lang='lat' dir='ltr'>alia</span> <span class='ocrx_word' id='word_1_124' title='bbox 395 1484 466 1548; x_wconf 90' lang='lat' dir='ltr'>baec</span> <span class='ocrx_word' id='word_1_125' title='bbox 482 1505 556 1568; x_wconf 89' lang='lat' dir='ltr'>quae</span> <span class='ocrx_word' id='word_1_126' title='bbox 571 1482 698 1547; x_wconf 83' lang='lat' dir='ltr'>diximus</span> <span class='ocrx_word' id='word_1_127' title='bbox 714 1485 892 1562; x_wconf 86' lang='lat' dir='ltr'>inaudisset,</span> <span class='ocrx_word' id='word_1_128' title='bbox 922 1489 1000 1546; x_wconf 83' lang='lat' dir='ltr'>Iesus</span> <span class='ocrx_word' id='word_1_129' title='bbox 1018 1488 1147 1546; x_wconf 65' lang='lat' dir='ltr'>elmerus</span> <span class='ocrx_word' id='word_1_130' title='bbox 1162 1490 1196 1546; x_wconf 88' lang='lat' dir='ltr'>de</span> <span class='ocrx_word' id='word_1_131' title='bbox 1213 1498 1239 1546; x_wconf 83' lang='lat' dir='ltr'>te</span> 
     </span>
     <span class='ocr_line' id='line_1_14' title="bbox 96 1581 1238 1670; baseline 0.003 -25"><span class='ocrx_word' id='word_1_132' title='bbox 96 1587 247 1659; x_wconf 68' lang='lat' dir='ltr'>tumbalis,</span> <span class='ocrx_word' id='word_1_133' title='bbox 282 1585 408 1649; x_wconf 87' lang='lat' dir='ltr'>animum</span> <span class='ocrx_word' id='word_1_134' title='bbox 430 1584 615 1648; x_wconf 89' lang='lat' dir='ltr'>nibilominus</span> <span class='ocrx_word' id='word_1_135' title='bbox 633 1585 812 1648; x_wconf 83' lang='lat' dir='ltr'>oblirnrabat.</span> <span class='ocrx_word' id='word_1_136' title='bbox 857 1581 950 1668; x_wconf 86' lang='lat' dir='ltr'>igitur</span> <span class='ocrx_word' id='word_1_137' title='bbox 969 1585 1101 1649; x_wconf 89' lang='lat' dir='ltr'>dominus</span> <span class='ocrx_word' id='word_1_138' title='bbox 1124 1607 1176 1670; x_wconf 91' lang='lat' dir='ltr'>pro</span> <span class='ocrx_word' id='word_1_139' title='bbox 1193 1587 1238 1648; x_wconf 92' lang='lat' dir='ltr'>in·</span> 
     </span>
     <span class='ocr_line' id='line_1_15' title="bbox 95 1685 1235 1770; baseline 0.001 -23"><span class='ocrx_word' id='word_1_140' title='bbox 95 1686 173 1767; x_wconf 90' lang='lat' dir='ltr'>genti</span> <span class='ocrx_word' id='word_1_141' title='bbox 197 1707 250 1750; x_wconf 87' lang='lat' dir='ltr'>sua</span> <span class='ocrx_word' id='word_1_142' title='bbox 273 1707 342 1770; x_wconf 92' lang='lat' dir='ltr'>erga</span> <span class='ocrx_word' id='word_1_143' title='bbox 362 1687 494 1750; x_wconf 90' lang='lat' dir='ltr'>bomines</span> <span class='ocrx_word' id='word_1_144' title='bbox 513 1685 713 1750; x_wconf 88' lang='lat' dir='ltr'>misericordia</span> <span class='ocrx_word' id='word_1_145' title='bbox 731 1686 835 1749; x_wconf 88' lang='lat' dir='ltr'>iterum</span> <span class='ocrx_word' id='word_1_146' title='bbox 853 1687 880 1749; x_wconf 90' lang='lat' dir='ltr'>ei</span> <span class='ocrx_word' id='word_1_147' title='bbox 897 1707 931 1750; x_wconf 90' lang='lat' dir='ltr'>se</span> <span class='ocrx_word' id='word_1_148' title='bbox 949 1687 978 1750; x_wconf 86' lang='lat' dir='ltr'>in</span> <span class='ocrx_word' id='word_1_149' title='bbox 996 1687 1106 1751; x_wconf 89' lang='lat' dir='ltr'>somnis</span> <span class='ocrx_word' id='word_1_150' title='bbox 1124 1686 1235 1762; x_wconf 86' lang='lat' dir='ltr'>obiicit,</span> 
     </span>
     <span class='ocr_line' id='line_1_16' title="bbox 97 1787 1238 1868; baseline 0.004 -21"><span class='ocrx_word' id='word_1_151' title='bbox 97 1789 198 1868; x_wconf 81' lang='lat' dir='ltr'>Teque,</span> <span class='ocrx_word' id='word_1_152' title='bbox 219 1787 270 1866; x_wconf 89' lang='lat' dir='ltr'>ait,</span> <span class='ocrx_word' id='word_1_153' title='bbox 287 1792 407 1850; x_wconf 84' lang='lat' dir='ltr'>sonr‘totr‘</span> <span class='ocrx_word' id='word_1_154' title='bbox 417 1793 552 1850; x_wconf 71' lang='lat' dir='ltr'>restituo:</span> <span class='ocrx_word' id='word_1_155' title='bbox 575 1810 663 1868; x_wconf 82' lang='lat' dir='ltr'>surge</span> <span class='ocrx_word' id='word_1_156' title='bbox 679 1791 758 1850; x_wconf 87' lang='lat' dir='ltr'>modo</span> <span class='ocrx_word' id='word_1_157' title='bbox 773 1800 804 1849; x_wconf 85' lang='lat' dir='ltr'>et</span> <span class='ocrx_word' id='word_1_158' title='bbox 815 1809 890 1850; x_wconf 84' lang='lat' dir='ltr'>nono</span> <span class='ocrx_word' id='word_1_159' title='bbox 903 1792 1010 1850; x_wconf 82' lang='lat' dir='ltr'>demum</span> <span class='ocrx_word' id='word_1_160' title='bbox 1025 1793 1141 1851; x_wconf 78' lang='lat' dir='ltr'>credito.</span> <span class='ocrx_word' id='word_1_161' title='bbox 1177 1787 1238 1852; x_wconf 75' lang='lat' dir='ltr'>Ve-</span> 
     </span>
     <span class='ocr_line' id='line_1_17' title="bbox 93 1885 1238 1975; baseline 0.003 -25"><span class='ocrx_word' id='word_1_162' title='bbox 93 1907 155 1950; x_wconf 90' lang='lat' dir='ltr'>rum</span> <span class='ocrx_word' id='word_1_163' title='bbox 173 1887 222 1952; x_wconf 90' lang='lat' dir='ltr'>ubi</span> <span class='ocrx_word' id='word_1_164' title='bbox 239 1889 398 1969; x_wconf 88' lang='lat' dir='ltr'>convaluit,</span> <span class='ocrx_word' id='word_1_165' title='bbox 421 1911 458 1952; x_wconf 93' lang='lat' dir='ltr'>ne</span> <span class='ocrx_word' id='word_1_166' title='bbox 475 1900 534 1954; x_wconf 89' lang='lat' dir='ltr'>tum</span> <span class='ocrx_word' id='word_1_167' title='bbox 547 1889 660 1974; x_wconf 86' lang='lat' dir='ltr'>quidem</span> <span class='ocrx_word' id='word_1_168' title='bbox 676 1889 808 1952; x_wconf 88' lang='lat' dir='ltr'>eredidit.</span> <span class='ocrx_word' id='word_1_169' title='bbox 852 1885 962 1952; x_wconf 89' lang='lat' dir='ltr'>lterum</span> <span class='ocrx_word' id='word_1_170' title='bbox 979 1910 1050 1972; x_wconf 85' lang='lat' dir='ltr'>ergo</span> <span class='ocrx_word' id='word_1_171' title='bbox 1065 1901 1238 1975; x_wconf 82' lang='lat' dir='ltr'>recuperata</span> 
     </span>
     <span class='ocr_line' id='line_1_18' title="bbox 92 1988 1237 2076; baseline 0.002 -25"><span class='ocrx_word' id='word_1_172' title='bbox 92 1988 148 2052; x_wconf 90' lang='lat' dir='ltr'>iam</span> <span class='ocrx_word' id='word_1_173' title='bbox 167 1989 292 2053; x_wconf 87' lang='lat' dir='ltr'>sanitate</span> <span class='ocrx_word' id='word_1_174' title='bbox 313 1991 477 2076; x_wconf 85' lang='lat' dir='ltr'>pervisum</span> <span class='ocrx_word' id='word_1_175' title='bbox 497 1991 523 2054; x_wconf 93' lang='lat' dir='ltr'>ei</span> <span class='ocrx_word' id='word_1_176' title='bbox 541 1991 673 2054; x_wconf 91' lang='lat' dir='ltr'>dominus</span> <span class='ocrx_word' id='word_1_177' title='bbox 692 1991 832 2070; x_wconf 83' lang='lat' dir='ltr'>offertur,</span> <span class='ocrx_word' id='word_1_178' title='bbox 861 2002 892 2054; x_wconf 86' lang='lat' dir='ltr'>et</span> <span class='ocrx_word' id='word_1_179' title='bbox 909 1991 984 2074; x_wconf 90' lang='lat' dir='ltr'>quod</span> <span class='ocrx_word' id='word_1_180' title='bbox 1002 1991 1127 2055; x_wconf 88' lang='lat' dir='ltr'>nundum</span> <span class='ocrx_word' id='word_1_181' title='bbox 1143 1993 1237 2055; x_wconf 88' lang='lat' dir='ltr'>eredi-</span> 
     </span>
     <span class='ocr_line' id='line_1_19' title="bbox 92 2089 1236 2177; baseline 0.004 -26"><span class='ocrx_word' id='word_1_182' title='bbox 92 2089 184 2154; x_wconf 86' lang='lat' dir='ltr'>disset</span> <span class='ocrx_word' id='word_1_183' title='bbox 203 2103 334 2156; x_wconf 82' lang='lat' dir='ltr'>accusat.</span> <span class='ocrx_word' id='word_1_184' title='bbox 380 2089 452 2156; x_wconf 89' lang='lat' dir='ltr'>lude</span> <span class='ocrx_word' id='word_1_185' title='bbox 468 2091 642 2177; x_wconf 82' lang='lat' dir='ltr'>amplissima</span> <span class='ocrx_word' id='word_1_186' title='bbox 659 2093 797 2176; x_wconf 88' lang='lat' dir='ltr'>quaedam</span> <span class='ocrx_word' id='word_1_187' title='bbox 816 2092 987 2177; x_wconf 86' lang='lat' dir='ltr'>promittens</span> <span class='ocrx_word' id='word_1_188' title='bbox 1004 2093 1047 2156; x_wconf 89' lang='lat' dir='ltr'>sic</span> <span class='ocrx_word' id='word_1_189' title='bbox 1065 2093 1236 2177; x_wconf 81' lang='lat' dir='ltr'>alloquitur:</span> 
     </span>
     <span class='ocr_line' id='line_1_20' title="bbox 96 2193 1237 2278; baseline 0.004 -26"><span class='ocrx_word' id='word_1_190' title='bbox 96 2195 133 2252; x_wconf 84' lang='lat' dir='ltr'>Ut</span> <span class='ocrx_word' id='word_1_191' title='bbox 147 2194 212 2266; x_wconf 78' lang='lat' dir='ltr'>obi,</span> <span class='ocrx_word' id='word_1_192' title='bbox 236 2193 347 2278; x_wconf 90' lang='lat' dir='ltr'>iuquit,</span> <span class='ocrx_word' id='word_1_193' title='bbox 370 2198 405 2255; x_wconf 87' lang='lat' dir='ltr'>de</span> <span class='ocrx_word' id='word_1_194' title='bbox 418 2198 565 2274; x_wconf 73' lang='lat' dir='ltr'>relegionis</span> <span class='ocrx_word' id='word_1_195' title='bbox 578 2197 724 2274; x_wconf 80' lang='lat' dir='ltr'>meoefide</span> <span class='ocrx_word' id='word_1_196' title='bbox 738 2207 859 2268; x_wconf 83' lang='lat' dir='ltr'>constet,</span> <span class='ocrx_word' id='word_1_197' title='bbox 883 2198 1000 2275; x_wconf 78' lang='lat' dir='ltr'>siquod</span> <span class='ocrx_word' id='word_1_198' title='bbox 1014 2199 1043 2255; x_wconf 82' lang='lat' dir='ltr'>in</span> <span class='ocrx_word' id='word_1_199' title='bbox 1057 2199 1166 2256; x_wconf 74' lang='lat' dir='ltr'>nomme</span> <span class='ocrx_word' id='word_1_200' title='bbox 1179 2217 1237 2256; x_wconf 84' lang='lat' dir='ltr'>meu</span> 
     </span>
     <span class='ocr_line' id='line_1_21' title="bbox 89 2293 1238 2378; baseline 0.002 -22"><span class='ocrx_word' id='word_1_201' title='bbox 89 2298 254 2374; x_wconf 68' lang='lat' dir='ltr'>prodrgr&#39;um</span> <span class='ocrx_word' id='word_1_202' title='bbox 269 2297 383 2378; x_wconf 78' lang='lat' dir='ltr'>efficere</span> <span class='ocrx_word' id='word_1_203' title='bbox 398 2299 530 2369; x_wconf 68' lang='lat' dir='ltr'>votano,</span> <span class='ocrx_word' id='word_1_204' title='bbox 553 2300 683 2376; x_wconf 72' lang='lat' dir='ltr'>meipsum</span> <span class='ocrx_word' id='word_1_205' title='bbox 697 2300 804 2370; x_wconf 75' lang='lat' dir='ltr'>abooeu,</span> <span class='ocrx_word' id='word_1_206' title='bbox 829 2317 881 2376; x_wconf 83' lang='lat' dir='ltr'>ego</span> <span class='ocrx_word' id='word_1_207' title='bbox 897 2297 1118 2376; x_wconf 80' lang='lat' dir='ltr'>n‘diproestodo.</span> <span class='ocrx_word' id='word_1_208' title='bbox 1164 2293 1238 2358; x_wconf 79' lang='lat' dir='ltr'>Erat</span> 
     </span>
     <span class='ocr_line' id='line_1_22' title="bbox 90 2394 1237 2481; baseline 0.004 -25"><span class='ocrx_word' id='word_1_209' title='bbox 90 2394 119 2456; x_wconf 91' lang='lat' dir='ltr'>in</span> <span class='ocrx_word' id='word_1_210' title='bbox 134 2396 210 2472; x_wconf 80' lang='lat' dir='ltr'>urbe</span> <span class='ocrx_word' id='word_1_211' title='bbox 227 2395 386 2459; x_wconf 84' lang='lat' dir='ltr'>Tiberiade</span> <span class='ocrx_word' id='word_1_212' title='bbox 401 2396 527 2460; x_wconf 76' lang='lat' dir='ltr'>fumosus</span> <span class='ocrx_word' id='word_1_213' title='bbox 542 2395 666 2479; x_wconf 90' lang='lat' dir='ltr'>quidam,</span> <span class='ocrx_word' id='word_1_214' title='bbox 690 2397 766 2460; x_wconf 92' lang='lat' dir='ltr'>nudo</span> <span class='ocrx_word' id='word_1_215' title='bbox 782 2417 904 2481; x_wconf 88' lang='lat' dir='ltr'>corpore</span> <span class='ocrx_word' id='word_1_216' title='bbox 920 2397 1165 2476; x_wconf 87' lang='lat' dir='ltr'>circumcursans,</span> <span class='ocrx_word' id='word_1_217' title='bbox 1188 2397 1237 2481; x_wconf 94' lang='lat' dir='ltr'>qui</span> 
     </span>
     <span class='ocr_line' id='line_1_23' title="bbox 90 2496 1238 2582; baseline 0.004 -25"><span class='ocrx_word' id='word_1_218' title='bbox 90 2517 155 2558; x_wconf 88' lang='lat' dir='ltr'>cum</span> <span class='ocrx_word' id='word_1_219' title='bbox 174 2498 294 2582; x_wconf 85' lang='lat' dir='ltr'>saepius</span> <span class='ocrx_word' id='word_1_220' title='bbox 309 2497 494 2576; x_wconf 91' lang='lat' dir='ltr'>indueretur,</span> <span class='ocrx_word' id='word_1_221' title='bbox 518 2508 551 2560; x_wconf 93' lang='lat' dir='ltr'>ut</span> <span class='ocrx_word' id='word_1_222' title='bbox 565 2496 706 2561; x_wconf 88' lang='lat' dir='ltr'>eiusmodi</span> <span class='ocrx_word' id='word_1_223' title='bbox 723 2497 869 2560; x_wconf 89' lang='lat' dir='ltr'>bominum</span> <span class='ocrx_word' id='word_1_224' title='bbox 886 2518 949 2560; x_wconf 91' lang='lat' dir='ltr'>mos</span> <span class='ocrx_word' id='word_1_225' title='bbox 967 2507 1030 2576; x_wconf 90' lang='lat' dir='ltr'>est,</span> <span class='ocrx_word' id='word_1_226' title='bbox 1053 2511 1152 2562; x_wconf 83' lang='lat' dir='ltr'>vestes</span> <span class='ocrx_word' id='word_1_227' title='bbox 1168 2519 1238 2562; x_wconf 87' lang='lat' dir='ltr'>suas</span> 
     </span>
     <span class='ocr_line' id='line_1_24' title="bbox 89 2595 1237 2685; baseline 0.008 -26"><span class='ocrx_word' id='word_1_228' title='bbox 89 2597 252 2662; x_wconf 83' lang='lat' dir='ltr'>lacerabat.</span> <span class='ocrx_word' id='word_1_229' title='bbox 284 2595 316 2661; x_wconf 91' lang='lat' dir='ltr'>ln</span> <span class='ocrx_word' id='word_1_230' title='bbox 331 2620 367 2662; x_wconf 90' lang='lat' dir='ltr'>eo</span> <span class='ocrx_word' id='word_1_231' title='bbox 382 2596 524 2682; x_wconf 86' lang='lat' dir='ltr'>losepbus</span> <span class='ocrx_word' id='word_1_232' title='bbox 537 2619 611 2682; x_wconf 88' lang='lat' dir='ltr'>quae</span> <span class='ocrx_word' id='word_1_233' title='bbox 625 2619 677 2683; x_wconf 87' lang='lat' dir='ltr'>per</span> <span class='ocrx_word' id='word_1_234' title='bbox 691 2597 784 2665; x_wconf 87' lang='lat' dir='ltr'>visum</span> <span class='ocrx_word' id='word_1_235' title='bbox 796 2610 949 2685; x_wconf 89' lang='lat' dir='ltr'>acceperat</span> <span class='ocrx_word' id='word_1_236' title='bbox 964 2598 1095 2682; x_wconf 84' lang='lat' dir='ltr'>experiri</span> <span class='ocrx_word' id='word_1_237' title='bbox 1107 2600 1237 2684; x_wconf 81' lang='lat' dir='ltr'>gestiens</span> 
     </span>
     <span class='ocr_line' id='line_1_25' title="bbox 89 2696 1236 2785; baseline 0.002 -25"><span class='ocrx_word' id='word_1_238' title='bbox 89 2699 225 2762; x_wconf 85' lang='lat' dir='ltr'>dubitare</span> <span class='ocrx_word' id='word_1_239' title='bbox 249 2710 344 2763; x_wconf 89' lang='lat' dir='ltr'>tamen</span> <span class='ocrx_word' id='word_1_240' title='bbox 365 2699 512 2776; x_wconf 89' lang='lat' dir='ltr'>nonnihil,</span> <span class='ocrx_word' id='word_1_241' title='bbox 544 2721 578 2762; x_wconf 87' lang='lat' dir='ltr'>ac</span> <span class='ocrx_word' id='word_1_242' title='bbox 596 2701 705 2785; x_wconf 91' lang='lat' dir='ltr'>pudore</span> <span class='ocrx_word' id='word_1_243' title='bbox 723 2700 878 2764; x_wconf 86' lang='lat' dir='ltr'>retardari.</span> <span class='ocrx_word' id='word_1_244' title='bbox 924 2696 1103 2764; x_wconf 83' lang='lat' dir='ltr'>Confirmata</span> <span class='ocrx_word' id='word_1_245' title='bbox 1122 2702 1236 2764; x_wconf 87' lang='lat' dir='ltr'>tandem</span> 
     </span>
     <span class='ocr_line' id='line_1_26' title="bbox 88 2800 1237 2884; baseline 0.002 -22"><span class='ocrx_word' id='word_1_246' title='bbox 88 2801 190 2863; x_wconf 84' lang='lat' dir='ltr'>auimo</span> <span class='ocrx_word' id='word_1_247' title='bbox 214 2801 289 2864; x_wconf 88' lang='lat' dir='ltr'>intra</span> <span class='ocrx_word' id='word_1_248' title='bbox 312 2801 400 2864; x_wconf 90' lang='lat' dir='ltr'>aedes</span> <span class='ocrx_word' id='word_1_249' title='bbox 422 2800 552 2879; x_wconf 85' lang='lat' dir='ltr'>adducit,</span> <span class='ocrx_word' id='word_1_250' title='bbox 582 2812 612 2864; x_wconf 86' lang='lat' dir='ltr'>et</span> <span class='ocrx_word' id='word_1_251' title='bbox 628 2801 753 2866; x_wconf 90' lang='lat' dir='ltr'>occlusis</span> <span class='ocrx_word' id='word_1_252' title='bbox 770 2801 881 2866; x_wconf 90' lang='lat' dir='ltr'>loribus</span> <span class='ocrx_word' id='word_1_253' title='bbox 897 2823 1002 2884; x_wconf 87' lang='lat' dir='ltr'>equam</span> <span class='ocrx_word' id='word_1_254' title='bbox 1020 2801 1150 2866; x_wconf 88' lang='lat' dir='ltr'>manibus</span> <span class='ocrx_word' id='word_1_255' title='bbox 1167 2802 1237 2864; x_wconf 88' lang='lat' dir='ltr'>bau·</span> 
     </span>
     <span class='ocr_line' id='line_1_27' title="bbox 88 2899 1374 2989; baseline 0.004 -27"><span class='ocrx_word' id='word_1_256' title='bbox 88 2902 191 2980; x_wconf 89' lang='lat' dir='ltr'>rieus,</span> <span class='ocrx_word' id='word_1_257' title='bbox 224 2912 254 2964; x_wconf 88' lang='lat' dir='ltr'>et</span> <span class='ocrx_word' id='word_1_258' title='bbox 270 2907 416 2964; x_wconf 83' lang='lat' dir='ltr'>amentem</span> <span class='ocrx_word' id='word_1_259' title='bbox 432 2899 511 2964; x_wconf 90' lang='lat' dir='ltr'>illum</span> <span class='ocrx_word' id='word_1_260' title='bbox 531 2921 619 2964; x_wconf 87' lang='lat' dir='ltr'>cruca</span> <span class='ocrx_word' id='word_1_261' title='bbox 636 2905 836 2987; x_wconf 86' lang='lat' dir='ltr'>consignatum</span> <span class='ocrx_word' id='word_1_262' title='bbox 854 2924 1033 2989; x_wconf 86' lang='lat' dir='ltr'>aspergens,</span> <span class='ocrx_word' id='word_1_263' title='bbox 1062 2907 1096 2965; x_wconf 85' lang='lat' dir='ltr'>In</span> <span class='ocrx_word' id='word_1_264' title='bbox 1113 2909 1232 2978; x_wconf 74' lang='lat' dir='ltr'>nomme,</span> <span class='ocrx_word' id='word_1_265' title='bbox 1249 2924 1295 2967; x_wconf 73' lang='lat' dir='ltr'>aar.</span> <span class='ocrx_word' id='word_1_266' title='bbox 1308 2925 1329 2980; x_wconf 81' lang='lat' dir='ltr'>r,</span> <span class='ocrx_word' id='word_1_267' title='bbox 1342 2925 1374 2968; x_wconf 86' lang='lat' dir='ltr'>m.</span> 
     </span>
     <span class='ocr_line' id='line_1_28' title="bbox 87 3002 1235 3087; baseline 0.003 -24"><span class='ocrx_word' id='word_1_268' title='bbox 87 3002 199 3086; x_wconf 91' lang='lat' dir='ltr'>iuquit,</span> <span class='ocrx_word' id='word_1_269' title='bbox 223 3007 286 3064; x_wconf 81' lang='lat' dir='ltr'>Iesu</span> <span class='ocrx_word' id='word_1_270' title='bbox 302 3006 453 3087; x_wconf 72' lang='lat' dir='ltr'>Nozoqena‘</span> <span class='ocrx_word' id='word_1_271' title='bbox 463 3005 600 3082; x_wconf 69' lang='lat' dir='ltr'>mcffiar&#39;</span> <span class='ocrx_word' id='word_1_272' title='bbox 612 3008 669 3078; x_wconf 78' lang='lat' dir='ltr'>eei,</span> <span class='ocrx_word' id='word_1_273' title='bbox 693 3008 818 3079; x_wconf 59' lang='lat' dir='ltr'>hemon,</span> <span class='ocrx_word' id='word_1_274' title='bbox 841 3007 877 3066; x_wconf 87' lang='lat' dir='ltr'>ob</span> <span class='ocrx_word' id='word_1_275' title='bbox 891 3008 944 3068; x_wconf 85' lang='lat' dir='ltr'>boe</span> <span class='ocrx_word' id='word_1_276' title='bbox 956 3009 1074 3078; x_wconf 74' lang='lat' dir='ltr'>lomrbe,</span> <span class='ocrx_word' id='word_1_277' title='bbox 1099 3009 1177 3086; x_wconf 68' lang='lat' dir='ltr'>abque</span> <span class='ocrx_word' id='word_1_278' title='bbox 1189 3027 1235 3066; x_wconf 86' lang='lat' dir='ltr'>so·</span> 
     </span>
     <span class='ocr_line' id='line_1_29' title="bbox 86 3101 1236 3189; baseline 0.004 -25"><span class='ocrx_word' id='word_1_279' title='bbox 86 3126 140 3164; x_wconf 78' lang='lat' dir='ltr'>aas</span> <span class='ocrx_word' id='word_1_280' title='bbox 153 3116 228 3166; x_wconf 86' lang='lat' dir='ltr'>esto.</span> <span class='ocrx_word' id='word_1_281' title='bbox 269 3101 318 3167; x_wconf 82' lang='lat' dir='ltr'>Ad</span> <span class='ocrx_word' id='word_1_282' title='bbox 331 3103 403 3166; x_wconf 89' lang='lat' dir='ltr'>baec</span> <span class='ocrx_word' id='word_1_283' title='bbox 418 3101 468 3166; x_wconf 87' lang='lat' dir='ltr'>ille</span> <span class='ocrx_word' id='word_1_284' title='bbox 483 3102 649 3168; x_wconf 81' lang='lat' dir='ltr'>vociferans</span> <span class='ocrx_word' id='word_1_285' title='bbox 665 3116 695 3168; x_wconf 93' lang='lat' dir='ltr'>et</span> <span class='ocrx_word' id='word_1_286' title='bbox 708 3105 786 3168; x_wconf 91' lang='lat' dir='ltr'>bumi</span> <span class='ocrx_word' id='word_1_287' title='bbox 802 3106 1005 3189; x_wconf 86' lang='lat' dir='ltr'>procumbens,</span> <span class='ocrx_word' id='word_1_288' title='bbox 1029 3114 1115 3188; x_wconf 88' lang='lat' dir='ltr'>atque</span> <span class='ocrx_word' id='word_1_289' title='bbox 1130 3125 1170 3169; x_wconf 79' lang='lat' dir='ltr'>ex</span> <span class='ocrx_word' id='word_1_290' title='bbox 1184 3128 1236 3169; x_wconf 90' lang='lat' dir='ltr'>ore</span> 
     </span>
     <span class='ocr_line' id='line_1_30' title="bbox 85 3204 1234 3292; baseline 0.003 -26"><span class='ocrx_word' id='word_1_291' title='bbox 85 3225 210 3288; x_wconf 81' lang='lat' dir='ltr'>spumas</span> <span class='ocrx_word' id='word_1_292' title='bbox 225 3224 315 3289; x_wconf 82' lang='lat' dir='ltr'>agens</span> <span class='ocrx_word' id='word_1_293' title='bbox 328 3225 453 3288; x_wconf 86' lang='lat' dir='ltr'>seseque</span> <span class='ocrx_word' id='word_1_294' title='bbox 467 3204 610 3270; x_wconf 88' lang='lat' dir='ltr'>dilanians</span> <span class='ocrx_word' id='word_1_295' title='bbox 624 3205 673 3269; x_wconf 88' lang='lat' dir='ltr'>diu</span> <span class='ocrx_word' id='word_1_296' title='bbox 687 3207 848 3292; x_wconf 78' lang='lat' dir='ltr'>permansit</span> <span class='ocrx_word' id='word_1_297' title='bbox 858 3205 1023 3284; x_wconf 78' lang='lat' dir='ltr'>inmobilis,</span> <span class='ocrx_word' id='word_1_298' title='bbox 1045 3216 1077 3270; x_wconf 92' lang='lat' dir='ltr'>ut</span> <span class='ocrx_word' id='word_1_299' title='bbox 1090 3217 1234 3270; x_wconf 91' lang='lat' dir='ltr'>mortuum</span> 
     </span>
     <span class='ocr_line' id='line_1_31' title="bbox 85 3303 1235 3393; baseline 0.003 -26"><span class='ocrx_word' id='word_1_300' title='bbox 85 3305 147 3370; x_wconf 87' lang='lat' dir='ltr'>iam</span> <span class='ocrx_word' id='word_1_301' title='bbox 161 3327 233 3370; x_wconf 89' lang='lat' dir='ltr'>esse</span> <span class='ocrx_word' id='word_1_302' title='bbox 244 3303 386 3390; x_wconf 89' lang='lat' dir='ltr'>losepbus</span> <span class='ocrx_word' id='word_1_303' title='bbox 399 3305 544 3387; x_wconf 80' lang='lat' dir='ltr'>caederet,</span> <span class='ocrx_word' id='word_1_304' title='bbox 562 3308 655 3371; x_wconf 87' lang='lat' dir='ltr'>donec</span> <span class='ocrx_word' id='word_1_305' title='bbox 667 3307 820 3370; x_wconf 91' lang='lat' dir='ltr'>interiecto</span> <span class='ocrx_word' id='word_1_306' title='bbox 834 3307 924 3371; x_wconf 89' lang='lat' dir='ltr'>borae</span> <span class='ocrx_word' id='word_1_307' title='bbox 937 3308 1031 3393; x_wconf 88' lang='lat' dir='ltr'>spatio</span> <span class='ocrx_word' id='word_1_308' title='bbox 1045 3307 1153 3370; x_wconf 87' lang='lat' dir='ltr'>voltum</span> <span class='ocrx_word' id='word_1_309' title='bbox 1170 3329 1235 3392; x_wconf 90' lang='lat' dir='ltr'>per-</span> 
     </span>
     <span class='ocr_line' id='line_1_32' title="bbox 85 3403 1235 3473; baseline 0.002 -5"><span class='ocrx_word' id='word_1_310' title='bbox 85 3407 201 3471; x_wconf 79' lang='lat' dir='ltr'>fricans</span> <span class='ocrx_word' id='word_1_311' title='bbox 218 3409 361 3472; x_wconf 82' lang='lat' dir='ltr'>surrexit.</span> <span class='ocrx_word' id='word_1_312' title='bbox 407 3403 484 3471; x_wconf 80' lang='lat' dir='ltr'>Tum</span> <span class='ocrx_word' id='word_1_313' title='bbox 501 3428 534 3470; x_wconf 90' lang='lat' dir='ltr'>so</span> <span class='ocrx_word' id='word_1_314' title='bbox 554 3409 659 3472; x_wconf 88' lang='lat' dir='ltr'>nudum</span> <span class='ocrx_word' id='word_1_315' title='bbox 677 3409 912 3473; x_wconf 85' lang='lat' dir='ltr'>animadvertens</span> <span class='ocrx_word' id='word_1_316' title='bbox 930 3410 1077 3472; x_wconf 89' lang='lat' dir='ltr'>occultare</span> <span class='ocrx_word' id='word_1_317' title='bbox 1095 3429 1130 3472; x_wconf 89' lang='lat' dir='ltr'>ac</span> <span class='ocrx_word' id='word_1_318' title='bbox 1144 3410 1235 3472; x_wconf 87' lang='lat' dir='ltr'>maui-</span> 
     </span>
     <span class='ocr_line' id='line_1_33' title="bbox 83 3507 1232 3595; baseline 0.001 -23"><span class='ocrx_word' id='word_1_319' title='bbox 83 3508 141 3574; x_wconf 89' lang='lat' dir='ltr'>bns</span> <span class='ocrx_word' id='word_1_320' title='bbox 158 3509 293 3594; x_wconf 87' lang='lat' dir='ltr'>pudenda</span> <span class='ocrx_word' id='word_1_321' title='bbox 309 3520 481 3595; x_wconf 81' lang='lat' dir='ltr'>protegere,</span> <span class='ocrx_word' id='word_1_322' title='bbox 505 3528 541 3571; x_wconf 87' lang='lat' dir='ltr'>eo</span> <span class='ocrx_word' id='word_1_323' title='bbox 558 3529 591 3572; x_wconf 92' lang='lat' dir='ltr'>se</span> <span class='ocrx_word' id='word_1_324' title='bbox 608 3507 704 3575; x_wconf 85' lang='lat' dir='ltr'>babitu</span> <span class='ocrx_word' id='word_1_325' title='bbox 719 3511 852 3595; x_wconf 90' lang='lat' dir='ltr'>corporis</span> <span class='ocrx_word' id='word_1_326' title='bbox 866 3530 932 3574; x_wconf 89' lang='lat' dir='ltr'>esse</span> <span class='ocrx_word' id='word_1_327' title='bbox 949 3508 1124 3594; x_wconf 87' lang='lat' dir='ltr'>permoleste</span> <span class='ocrx_word' id='word_1_328' title='bbox 1143 3512 1232 3573; x_wconf 82' lang='lat' dir='ltr'>terre.</span> 
     </span>
     <span class='ocr_line' id='line_1_34' title="bbox 83 3607 1336 3696; baseline 0.001 -24"><span class='ocrx_word' id='word_1_329' title='bbox 83 3607 226 3696; x_wconf 83' lang='lat' dir='ltr'>Denique</span> <span class='ocrx_word' id='word_1_330' title='bbox 243 3620 328 3675; x_wconf 88' lang='lat' dir='ltr'>veste</span> <span class='ocrx_word' id='word_1_331' title='bbox 344 3611 380 3673; x_wconf 89' lang='lat' dir='ltr'>ab</span> <span class='ocrx_word' id='word_1_332' title='bbox 395 3609 521 3696; x_wconf 89' lang='lat' dir='ltr'>losepbo</span> <span class='ocrx_word' id='word_1_333' title='bbox 538 3611 630 3674; x_wconf 85' lang='lat' dir='ltr'>exiis</span> <span class='ocrx_word' id='word_1_334' title='bbox 646 3632 766 3695; x_wconf 87' lang='lat' dir='ltr'>quarum</span> <span class='ocrx_word' id='word_1_335' title='bbox 783 3611 866 3696; x_wconf 87' lang='lat' dir='ltr'>copia</span> <span class='ocrx_word' id='word_1_336' title='bbox 882 3621 947 3676; x_wconf 86' lang='lat' dir='ltr'>eret</span> <span class='ocrx_word' id='word_1_337' title='bbox 960 3610 1084 3690; x_wconf 87' lang='lat' dir='ltr'>iniecta,</span> <span class='ocrx_word' id='word_1_338' title='bbox 1116 3610 1170 3674; x_wconf 90' lang='lat' dir='ltr'>sibi</span> <span class='ocrx_word' id='word_1_339' title='bbox 1187 3632 1235 3673; x_wconf 89' lang='lat' dir='ltr'>re·</span> <span class='ocrx_word' id='word_1_340' title='bbox 1330 3675 1336 3680; x_wconf 73' lang='grc'>,</span> 
     </span>
     <span class='ocr_line' id='line_1_35' title="bbox 81 3711 1232 3797; baseline -0.002 -21"><span class='ocrx_word' id='word_1_341' title='bbox 81 3712 209 3776; x_wconf 87' lang='lat' dir='ltr'>stitutus</span> <span class='ocrx_word' id='word_1_342' title='bbox 223 3711 378 3796; x_wconf 88' lang='lat' dir='ltr'>animoque</span> <span class='ocrx_word' id='word_1_343' title='bbox 394 3712 571 3797; x_wconf 88' lang='lat' dir='ltr'>compositus</span> <span class='ocrx_word' id='word_1_344' title='bbox 586 3733 705 3796; x_wconf 87' lang='lat' dir='ltr'>magnas</span> <span class='ocrx_word' id='word_1_345' title='bbox 716 3712 758 3776; x_wconf 91' lang='lat' dir='ltr'>illi</span> <span class='ocrx_word' id='word_1_346' title='bbox 772 3713 930 3777; x_wconf 90' lang='lat' dir='ltr'>secundum</span> <span class='ocrx_word' id='word_1_347' title='bbox 942 3715 1022 3774; x_wconf 57' lang='lat' dir='ltr'>bum</span> <span class='ocrx_word' id='word_1_348' title='bbox 1036 3712 1145 3794; x_wconf 80' lang='lat' dir='ltr'>gratim</span> <span class='ocrx_word' id='word_1_349' title='bbox 1161 3711 1232 3796; x_wconf 87' lang='lat' dir='ltr'>egit,</span> 
     </span>
     <span class='ocr_line' id='line_1_36' title="bbox 82 3811 1233 3898; baseline 0.001 -23"><span class='ocrx_word' id='word_1_350' title='bbox 82 3813 173 3876; x_wconf 83' lang='lat' dir='ltr'>cuius</span> <span class='ocrx_word' id='word_1_351' title='bbox 193 3833 226 3876; x_wconf 90' lang='lat' dir='ltr'>se</span> <span class='ocrx_word' id='word_1_352' title='bbox 243 3812 387 3878; x_wconf 83' lang='lat' dir='ltr'>beneficio</span> <span class='ocrx_word' id='word_1_353' title='bbox 406 3811 559 3878; x_wconf 87' lang='lat' dir='ltr'>liberatum</span> <span class='ocrx_word' id='word_1_354' title='bbox 576 3824 768 3898; x_wconf 87' lang='lat' dir='ltr'>agnosceret,</span> <span class='ocrx_word' id='word_1_355' title='bbox 800 3815 979 3898; x_wconf 86' lang='lat' dir='ltr'>eundemque</span> <span class='ocrx_word' id='word_1_356' title='bbox 999 3823 1059 3876; x_wconf 89' lang='lat' dir='ltr'>tota</span> <span class='ocrx_word' id='word_1_357' title='bbox 1079 3813 1151 3876; x_wconf 89' lang='lat' dir='ltr'>urbe</span> <span class='ocrx_word' id='word_1_358' title='bbox 1168 3834 1233 3896; x_wconf 90' lang='lat' dir='ltr'>per·</span> 
     </span>
     <span class='ocr_line' id='line_1_37' title="bbox 80 3911 1234 3999; baseline 0 -21"><span class='ocrx_word' id='word_1_359' title='bbox 80 3913 232 3999; x_wconf 80' lang='lat' dir='ltr'>vulgavit.</span> <span class='ocrx_word' id='word_1_360' title='bbox 278 3911 324 3977; x_wconf 84' lang='lat' dir='ltr'>lta</span> <span class='ocrx_word' id='word_1_361' title='bbox 341 3912 512 3979; x_wconf 82' lang='lat' dir='ltr'>ludaeorum</span> <span class='ocrx_word' id='word_1_362' title='bbox 527 3915 654 3979; x_wconf 90' lang='lat' dir='ltr'>omnium</span> <span class='ocrx_word' id='word_1_363' title='bbox 669 3915 717 3998; x_wconf 90' lang='lat' dir='ltr'>qui</span> <span class='ocrx_word' id='word_1_364' title='bbox 729 3913 795 3980; x_wconf 88' lang='lat' dir='ltr'>istic</span> <span class='ocrx_word' id='word_1_365' title='bbox 811 3927 896 3979; x_wconf 86' lang='lat' dir='ltr'>erant</span> <span class='ocrx_word' id='word_1_366' title='bbox 907 3933 994 3978; x_wconf 82' lang='lat' dir='ltr'>aures</span> <span class='ocrx_word' id='word_1_367' title='bbox 1011 3913 1140 3978; x_wconf 90' lang='lat' dir='ltr'>miraculi</span> <span class='ocrx_word' id='word_1_368' title='bbox 1156 3914 1234 3978; x_wconf 90' lang='lat' dir='ltr'>illius</span> 
     </span>
     <span class='ocr_line' id='line_1_38' title="bbox 80 4013 1233 4102; baseline 0.003 -26"><span class='ocrx_word' id='word_1_369' title='bbox 80 4017 165 4078; x_wconf 83' lang='lat' dir='ltr'>lama</span> <span class='ocrx_word' id='word_1_370' title='bbox 185 4015 327 4098; x_wconf 82' lang='lat' dir='ltr'>pervasit.</span> <span class='ocrx_word' id='word_1_371' title='bbox 371 4013 422 4078; x_wconf 84' lang='lat' dir='ltr'>Ex</span> <span class='ocrx_word' id='word_1_372' title='bbox 440 4037 497 4099; x_wconf 92' lang='lat' dir='ltr'>qno</span> <span class='ocrx_word' id='word_1_373' title='bbox 516 4037 616 4082; x_wconf 86' lang='lat' dir='ltr'>rumor</span> <span class='ocrx_word' id='word_1_374' title='bbox 632 4017 736 4101; x_wconf 90' lang='lat' dir='ltr'>ingens</span> <span class='ocrx_word' id='word_1_375' title='bbox 752 4015 947 4102; x_wconf 86' lang='lat' dir='ltr'>percrebruit,</span> <span class='ocrx_word' id='word_1_376' title='bbox 970 4015 1011 4080; x_wconf 84' lang='lat' dir='ltr'>ita</span> <span class='ocrx_word' id='word_1_377' title='bbox 1025 4015 1082 4079; x_wconf 90' lang='lat' dir='ltr'>illis</span> <span class='ocrx_word' id='word_1_378' title='bbox 1099 4016 1233 4081; x_wconf 89' lang='lat' dir='ltr'>iactanti·</span> 
     </span>
     <span class='ocr_line' id='line_1_39' title="bbox 79 4111 1234 4204; baseline 0.001 -26"><span class='ocrx_word' id='word_1_379' title='bbox 79 4115 160 4180; x_wconf 73' lang='lat' dir='ltr'>busa</span> <span class='ocrx_word' id='word_1_380' title='bbox 191 4111 331 4200; x_wconf 89' lang='lat' dir='ltr'>losepbus</span> <span class='ocrx_word' id='word_1_381' title='bbox 347 4126 448 4201; x_wconf 81' lang='lat' dir='ltr'>aperto</span> <span class='ocrx_word' id='word_1_382' title='bbox 462 4118 672 4204; x_wconf 79' lang='lat' dir='ltr'>gazophylacio</span> <span class='ocrx_word' id='word_1_383' title='bbox 686 4118 824 4203; x_wconf 87' lang='lat' dir='ltr'>scriptum</span> <span class='ocrx_word' id='word_1_384' title='bbox 842 4115 889 4180; x_wconf 88' lang='lat' dir='ltr'>dei</span> <span class='ocrx_word' id='word_1_385' title='bbox 907 4137 1013 4181; x_wconf 90' lang='lat' dir='ltr'>nomeu</span> <span class='ocrx_word' id='word_1_386' title='bbox 1028 4115 1158 4195; x_wconf 83' lang='lat' dir='ltr'>inuenit,</span> <span class='ocrx_word' id='word_1_387' title='bbox 1182 4137 1234 4181; x_wconf 88' lang='lat' dir='ltr'>eo·</span> 
     </span>
     <span class='ocr_line' id='line_1_40' title="bbox 80 4215 1233 4305; baseline 0.002 -25"><span class='ocrx_word' id='word_1_388' title='bbox 80 4237 142 4302; x_wconf 88' lang='lat' dir='ltr'>que</span> <span class='ocrx_word' id='word_1_389' title='bbox 162 4216 243 4280; x_wconf 88' lang='lat' dir='ltr'>lecto</span> <span class='ocrx_word' id='word_1_390' title='bbox 261 4215 381 4280; x_wconf 87' lang='lat' dir='ltr'>mirilico</span> <span class='ocrx_word' id='word_1_391' title='bbox 397 4227 529 4302; x_wconf 89' lang='lat' dir='ltr'>portenta</span> <span class='ocrx_word' id='word_1_392' title='bbox 547 4239 581 4282; x_wconf 85' lang='lat' dir='ltr'>ae</span> <span class='ocrx_word' id='word_1_393' title='bbox 596 4219 727 4305; x_wconf 88' lang='lat' dir='ltr'>prodigia</span> <span class='ocrx_word' id='word_1_394' title='bbox 743 4219 834 4282; x_wconf 53' lang='lat' dir='ltr'>lacit„</span> <span class='ocrx_word' id='word_1_395' title='bbox 864 4215 969 4302; x_wconf 87' lang='lat' dir='ltr'>Neque</span> <span class='ocrx_word' id='word_1_396' title='bbox 987 4219 1060 4282; x_wconf 87' lang='lat' dir='ltr'>lalsu</span> <span class='ocrx_word' id='word_1_397' title='bbox 1078 4217 1135 4283; x_wconf 89' lang='lat' dir='ltr'>ista</span> <span class='ocrx_word' id='word_1_398' title='bbox 1151 4219 1233 4282; x_wconf 80' lang='lat' dir='ltr'>diffe-</span> 
     </span>
    </p>
   </div>
   <div class='ocr_carea' id='block_1_3' title="bbox 77 4317 1234 4408">
    <p class='ocr_par' dir='ltr' id='par_1_4' title="bbox 77 4317 1234 4408">
     <span class='ocr_line' id='line_1_41' title="bbox 77 4317 1234 4408; baseline 0.002 -25"><span class='ocrx_word' id='word_1_399' title='bbox 77 4317 243 4396; x_wconf 86' lang='lat' dir='ltr'>rebantur,</span> <span class='ocrx_word' id='word_1_400' title='bbox 263 4317 317 4382; x_wconf 88' lang='lat' dir='ltr'>etsi</span> <span class='ocrx_word' id='word_1_401' title='bbox 331 4339 389 4382; x_wconf 89' lang='lat' dir='ltr'>nun</span> <span class='ocrx_word' id='word_1_402' title='bbox 403 4339 439 4382; x_wconf 89' lang='lat' dir='ltr'>eo</span> <span class='ocrx_word' id='word_1_403' title='bbox 453 4340 510 4403; x_wconf 91' lang='lat' dir='ltr'>quo</span> <span class='ocrx_word' id='word_1_404' title='bbox 522 4319 563 4383; x_wconf 87' lang='lat' dir='ltr'>illi</span> <span class='ocrx_word' id='word_1_405' title='bbox 576 4320 797 4408; x_wconf 74' lang='lat' dir='ltr'>suspicabantur</span> <span class='ocrx_word' id='word_1_406' title='bbox 807 4321 892 4382; x_wconf 87' lang='lat' dir='ltr'>modo</span> <span class='ocrx_word' id='word_1_407' title='bbox 908 4321 1102 4405; x_wconf 79' lang='lat' dir='ltr'>contigerant.</span> <span class='ocrx_word' id='word_1_408' title='bbox 1138 4317 1234 4384; x_wconf 86' lang='lat' dir='ltr'>luter·</span> 
     </span>
    </p>
   </div>
   <div class='ocr_carea' id='block_1_4' title="bbox 112 4449 1032 4607">
    <p class='ocr_par' dir='ltr' id='par_1_5' title="bbox 112 4449 1032 4607">
     <span class='ocr_line' id='line_1_42' title="bbox 112 4449 919 4522; baseline 0.001 -16"><span class='ocrx_word' id='word_1_409' title='bbox 112 4452 141 4506; x_wconf 78' lang='lat'>3.</span> <span class='ocrx_word' id='word_1_410' title='bbox 161 4449 273 4518; x_wconf 72' lang='lat' dir='ltr'>lxo-rm</span> <span class='ocrx_word' id='word_1_411' title='bbox 289 4455 340 4504; x_wconf 77' lang='lat' dir='ltr'>cort</span> <span class='ocrx_word' id='word_1_412' title='bbox 357 4457 430 4508; x_wconf 75' lang='lat' dir='ltr'>tutte.</span> <span class='ocrx_word' id='word_1_413' title='bbox 462 4452 557 4522; x_wconf 64' lang='lat' dir='ltr'>&amp;pube</span> <span class='ocrx_word' id='word_1_414' title='bbox 572 4458 623 4507; x_wconf 79' lang='lat' dir='ltr'>cort</span> <span class='ocrx_word' id='word_1_415' title='bbox 638 4457 734 4520; x_wconf 66' lang='lat' dir='ltr'>enada</span> <span class='ocrx_word' id='word_1_416' title='bbox 750 4460 772 4506; x_wconf 86' lang='lat' dir='ltr'>et</span> <span class='ocrx_word' id='word_1_417' title='bbox 787 4457 844 4506; x_wconf 80' lang='lat' dir='ltr'>edttt</span> <span class='ocrx_word' id='word_1_418' title='bbox 858 4457 919 4507; x_wconf 80' lang='lat' dir='ltr'>tttrt</span> 
     </span>
     <span class='ocr_line' id='line_1_43' title="bbox 133 4534 1032 4607; baseline 0.002 -27"><span class='ocrx_word' id='word_1_419' title='bbox 133 4534 232 4590; x_wconf 67' lang='lat' dir='ltr'>Genus</span> <span class='ocrx_word' id='word_1_420' title='bbox 244 4534 377 4580; x_wconf 73' lang='lat' dir='ltr'>ltaerueol.</span> <span class='ocrx_word' id='word_1_421' title='bbox 390 4535 419 4582; x_wconf 85' lang='lat' dir='ltr'>lt.</span> <span class='ocrx_word' id='word_1_422' title='bbox 993 4547 1032 4607; x_wconf 74' lang='lat'>17</span> 
     </span>
    </p>
   </div>
   <div class='ocr_carea' id='block_1_5' title="bbox 0 0 1508 4996">
    <p class='ocr_par' dir='ltr' id='par_1_6' title="bbox 0 0 1508 4996">
     <span class='ocr_line' id='line_1_44' title="bbox 0 0 1508 4996; baseline 0 6"><span class='ocrx_word' id='word_1_423' title='bbox 0 0 1508 4996; x_wconf 95' lang='lat' dir='ltr'> </span> 
     </span>
    </p>
   </div>
  </div>
 </body>
</html>
