2994 5024
272 290 334 353 606
694 296 1000 350 εενσειεειεσεεειι

151 451 202 496 ηις.
215 437 259 481 εστ.
273 415 360 502 λόγος
381 421 433 481 τοῦ
451 423 583 498 σωτῆρος
600 415 712 500 έλέγχει.
756 414 846 499 Λέγει
860 411 932 499 γόρ,
961 409 1095 499 Ἡγευεό
1113 410 1188 496 αῦτη
1203 421 1325 496 σημεῖον
1341 415 1423 490 αίτεῖ,

272 521 324 585 ταί
340 527 460 601 σημεῖον
475 515 512 583 οό
525 516 685 601 δοθήσεται
697 513 785 606 αὐτῇ·
803 513 844 592 ῶς
856 523 916 582 τῶν
928 514 986 602 πρό
1001 513 1093 598 αὐτῆς
1106 523 1159 599 τῆς
1171 523 1270 600 γενεᾶς
1282 520 1421 594 maha»

272 629 382 686 θεεσῶν
403 625 530 703 σημείου
551 617 632 706 παρῶ
653 626 727 685 θεοῦ
752 616 802 684 εἶπ’
824 615 964 704 οόρανοῦ.
1004 617 1058 694 Ὦς
1080 615 1098 684 δ
1119 619 1172 700 μέν
1188 615 1287 694 Ἠλίας
1302 627 1423 702 σημεῖον

273 727 367 790 ἐποίει
381 721 431 789 διό
446 730 499 788 τοῦ
512 720 562 787 εἶπ’
576 719 707 808 οδρουοῦ
721 721 817 806 πυρός
830 719 1067 804 καταβεβηκότος
1079 722 1130 786 ταί
1142 719 1285 803 λαβόντος
1298 720 1356 804 τὴν
1372 731 1422 786 θυ

272 830 352 890 σίου·
380 827 429 890 κοί
446 831 583 907 Μοῦσῆς
599 825 695 907 τέμνει
709 823 763 907 τήν
777 823 946 904 θάλασσαν,
967 825 1019 890 ποί
1037 821 1091 906 τὴν
1107 823 1217 909 πέτραν
1232 821 1354 902 νόσσει,
1377 826 1424 890 τοὶ

272 929 389 1013 προχέει
403 927 503 1012 ὕδωρ,
523 929 574 994 ιιαλ
592 925 688 1010 μόννα
703 924 753 992 ἀπ’
768 924 901 1013 οόρανοῦ
916 919 1013 1012 φέρει·
1036 928 1089 992 παλ
1103 923 1216 1009 Ἰησοῦς
1229 924 1247 992 ό
1260 933 1316 992 τοῦ
1334 933 1423 1006 Ναυῆ

272 1033 368 1112 ἵστησι
380 1027 433 1094 τόν
447 1027 529 1110 ἥλιον
545 1030 597 1095 ταί
614 1026 668 1113 τὴν
682 1028 817 1112 σελήνην·
846 1030 896 1096 ιιαλ
910 1026 987 1094 πατῶ
1003 1027 1100 1094 πόντα
1115 1027 1227 1115 τρόπον
1242 1027 1302 1094 τῶν
1316 1027 1424 1116 τρόφη

272 1130 308 1196 τό
334 1133 517 1218 γεγραμμένα
542 1129 695 1212 όπατεῶν,
725 1129 814 1198 οῦδέν
836 1130 945 1214 βλάψει
965 1130 1021 1214 τὴν
1044 1129 1203 1215 όλῆθειον,
1235 1129 1292 1196 ἄλλ’
1317 1129 1424 1197 έσττδν

273 1231 464 1319 όπαλλοτριοῖ
481 1241 534 1317 τῆς
554 1231 702 1317 όληθείας.

356 1335 442 1420 Σχόλ.
460 1334 512 1411 ις’.
544 1334 621 1402 Ἀυτλ
638 1345 708 1416 τοῦ,
733 1338 922 1422 Πορέρχεσθε
936 1333 991 1419 τὴν
1005 1339 1100 1423 τρίσιν
1115 1344 1170 1402 τοῦ
1186 1342 1276 1416 θεοῦ,
1303 1338 1421 1422 Παρέρ·

165 1475 167 1481 s
272 1449 358 1524 χεσθε
378 1437 434 1522 την
455 1446 556 1522 κλῆσιν
576 1447 629 1506 τοῦ
649 1446 735 1505 θεοῦ.

347 1539 456 1627 Ἕλεγχ.
473 1539 525 1617 ις’.
555 1540 662 1608 Πόθεν
681 1539 737 1608 οόιι
756 1543 868 1631 ίλέγχης
904 1540 1010 1606 Πόθεν
1026 1543 1059 1607 δὲ
1079 1539 1199 1608 80ιιατιί
1216 1545 1270 1608 σοῦ
1285 1549 1423 1630 συναχθῇ

274 1641 293 1726 ἦ
311 1647 471 1729 μαρτυρία,Ι
508 1641 551 1708 Τό
566 1652 669 1729 πρῶτα
684 1641 740 1730 γόρ
757 1643 877 1732 συνᾴδει
892 1651 955 1720 τοῖς
971 1647 1139 1726 μετέπειτα,
1167 1645 1355 1730 ἐλεγχομένοις
1372 1652 1425 1726 τῆς

273 1746 354 1830 παρῶ
371 1754 426 1812 σοῦ
441 1750 639 1834 ῥᾳδιουργίας.
680 1745 750 1812 ’mv
766 1743 821 1832 γδρ
840 1749 926 1835 είπη,
949 1748 1088 1830 Κατέχετε
1100 1745 1154 1822 τῶς
1168 1745 1347 1833 παραδόσεις
1363 1753 1424 1812 τῶν

274 1851 478 1934 πρεσβυτέρων
492 1845 592 1932 δμῶν,
614 1851 665 1914 καί
680 1850 859 1935 παρέρχεσθε
873 1846 907 1914 τό
923 1851 1002 1926 έλεος
1018 1853 1069 1916 παλ
1082 1848 1136 1932 τήν
1152 1853 1248 1936 κρίσιν
1261 1855 1317 1916 τοῦ
1331 1857 1423 1928 θεοῦ,

273 1950 352 2034 μόθε
372 1949 431 2017 ῶπδ
450 1955 539 2018 ποίου
556 1949 664 2037 χρόνου
682 1955 809 2019 αίτιᾶτοι
827 1949 936 2028 αότοδς
952 1959 1039 2019 τοῦτο
1056 1955 1273 2031 ἐπιτελοῦντας,
1302 1949 1378 2018 πότε
1393 1952 1423 2016 δὲ

273 2052 294 2136 ἡ
312 2053 475 2140 παράδοσις
490 2051 591 2130 αὐτοῖς
608 2057 707 2140 γέγονε
723 2059 782 2121 τῶν
797 2056 1017 2142 πρεσβυτέραν,
1045 2057 1095 2121 παλ
1114 2053 1293 2141 81εδρήσεις
1307 2053 1353 2121 ότι
1371 2063 1423 2120 τοῦ

273 2158 326 2240 μὲν
340 2157 439 2239 Δαβίδ
455 2154 526 2238 μετὰ
544 2156 598 2238 τήν
615 2160 647 2224 έιι
664 2160 843 2239 Βαβυλῶνος
861 2155 1024 2236 έπόνοδον,
1052 2164 1106 2222 τοῦ
1125 2158 1157 2224 δέ
1172 2155 1277 2240 Ἀτιβῶ
1295 2159 1347 2222 ταί
1363 2155 1422 2242 πρό

273 2265 333 2324 τῶν
348 2262 565 2341 Βσβολανειιῶν
581 2261 782 2342 αίχμαλυισιῶν
796 2260 964 2344 γεγένηται,
993 2266 1054 2324 τῶν
1067 2261 1099 2325 δέ
1111 2263 1186 2325 υίῶν
1199 2258 1422 2342 Ἀσσαμπνιτίσν

273 2363 305 2426 έν
320 2359 436 2445 χρόνοις
448 2359 639 2446 Ἀλεξάνδρου
655 2363 706 2426 παλ
720 2358 885 2444 Ἀντιόχου,
913 2360 972 2446 πρό
991 2369 1044 2445 τῆς
1062 2369 1115 2428 τοῦ
1133 2368 1265 2447 Χριστοῦ
1284 2365 1425 2444 ένδημίας

273 2459 379 2530 ίκατδν
396 2461 569 2546 ἐνενήκοντα
584 2465 684 2530 ίτεσιν.
720 2461 796 2549 ’Ἆρα
809 2471 883 2550 γοῦν
904 2466 955 2530 καλ
971 2467 1067 2532 έττοτε
1084 2463 1134 2530 διό
1149 2463 1244 2550 νόμου
1265 2457 1305 2548 τ’χν
1321 2461 1424 2548 δαλῷ

273 2588 332 2646 σις,
360 2567 411 2630 ταί
426 2563 477 2630 διδ
491 2572 655 2652 προφητῶν
670 2563 703 2632 τδ
719 2568 814 2646 ίλεος,
842 2569 893 2632 ταί
908 2565 1093 2651 πανταχόθεν
1109 2569 1240 2634 έιιπίπτει
1256 2563 1276 2634 ό
1292 2564 1423 2654 ἇγυρτῶ

274 2672 329 2752 δης
349 2689 405 2734 σου
425 2666 518 2754 λόγος.

356 2769 442 2854 Σχόλ.
455 2769 505 2849 αξ.
540 2767 619 2837 Οδαλ
634 2769 714 2854 όμίυ,
733 2770 779 2838 ότι
793 2774 973 2856 οἰκοδομεῖτε
987 2771 1023 2837 τό
1035 2780 1160 2855 μνημεῖα
1174 2779 1233 2838 τῶν
1246 2779 1419 2858 προφητῶν,

272 2875 322 2938 ιιαλ
343 2876 375 2937 οἱ
393 2874 515 2959 πατέρες
535 2869 620 2957 όμῶν
641 2871 813 2940 ἀπέκτεινον
834 2872 949 2951 αδτοός.

347 2973 456 3060 Ἕλεγχ.
474 2973 523 3053 ετξ.
553 2979 596 3040 El
609 2981 668 3043 τῶν
685 2983 848 3063 προφητῶν
862 2985 989 3042 ποιεῖται
1001 2973 1056 3059 τήν
1072 2979 1231 3061 φροντίδα,
1259 2973 1333 3053 τοῦς
1346 2973 1418 3042 dm-

271 3080 438 3153 κτείναντας
459 3074 624 3159 ὀνειδίζων,
654 3077 709 3146 σείει
729 3077 873 3166 οίλλδτριοι
893 3076 985 3144 αὐτοῦ
1004 3070 1081 3162 ἦσαν
1101 3081 1132 3144 σί
1149 3085 1320 3166 προφῆται,
1350 3077 1418 3144 ῶλλδ

273 3183 384 3260 δοῦλαι,
400 3183 451 3245 ιιαλ
465 3183 688 3266 προετοιμοσταί
703 3189 756 3266 τῆς
770 3181 913 3268 ένσόρπαυ
929 3179 1022 3248 αότοῦ
1037 3185 1213 3269 παρουσίας,
1235 3184 1268 3247 οδ
1282 3184 1335 3247 τιαλ
1347 3207 1417 3264 m-

272 3280 447 3367 τυρήσαντες
464 3289 500 3372 τῇ
520 3291 606 3372 καινῇ
624 3284 769 3374 διαθήκη·
801 3292 937 3368 Μαῦσῆς
955 3285 1007 3368 μέν
1023 3286 1127 3371 λέγειν,
1161 3283 1333 3370 Προφήτην
1348 3281 1417 3366 δμῖν

271 3380 425 3467 ῶυαστήσει
447 3383 551 3471 πόριος
573 3383 591 3452 δ
613 3385 684 3461 θεός
706 3389 738 3452 έιι
761 3394 820 3452 τῶν
840 3385 975 3468 είδελφῶν
996 3383 1096 3468 όμῶν,
1128 3383 1170 3463 ῶς
1190 3389 1255 3469 έμέ·
1287 3389 1339 3452 ιτσλ
1358 3385 1414 3470 ιερδ

272 3482 363 3553 ου’τοῦ
379 3484 483 3570 Ἰαιιῶβ
502 3489 603 3573 λέγων,
625 3485 674 3554 Ἐιι
693 3493 829 3572 βλαστοῦ,
852 3491 898 3554 υίέ
916 3515 975 3572 μου
991 3486 1098 3568 Ἰούδα,
1121 3487 1239 3572 α’νέβης,
1262 3487 1416 3555 όναπεσῶν

271 3588 451 3672 έιιοιμήθης·
471 3587 528 3656 ουίι
541 3592 667 3672 ἐκλείψει
684 3589 827 3674 8Ῥίόρχοιν
841 3593 872 3668 ἐξ
884 3589 990 3680 Ἷοόδα,
1005 3592 1056 3655 καί
1069 3588 1128 3673 μετ’
1143 3588 1236 3676 δλίγα,
1248 3590 1331 3668 Ἕως
1343 3594 1415 3678 ἔλθη

271 3683 295 3780 χδ
319 3691 355 3756 τδ
377 3689 567 3776 όποιιείμενα,
597 3695 645 3760 καί
669 3690 758 3769 αῦτδς
778 3697 940 3778 προςδοιιία
957 3694 1070 3758 ίθνῶν·
1101 3694 1152 3756 ταί
1170 3690 1215 3758 έπ’
1232 3690 1325 3758 σότδν
1341 3695 1414 3772 lm

150 3813 258 3872 ηιςτεε
272 3795 429 3859 ἐλπιοῦσιν.
471 3793 590 3872 Ἡσαΐας
610 3797 657 3878 δέ,
686 3793 765 3861 Ἰδοδ
786 3793 806 3878 ἦ
827 3797 979 3880 παρθένος
999 3795 1031 3859 έν
1051 3796 1152 3879 γαστρί
1174 3795 1244 3880 έξεε,
1280 3792 1413 3879 Ἱερεμίας

271 3896 318 3975 δέ,
346 3899 407 3961 Καί
426 3897 587 3983 ῶνθροιπός
604 3900 676 3978 ἐστι,
701 3900 751 3964 τισί
769 3902 812 3974 τίς
830 3897 967 3982 γυῶσεταε
987 3894 1085 3962 αότόν.
1128 3901 1280 3980 Μιχαίας,
1306 3897 1364 3960 Καί
1377 3893 1414 3959 σδ

272 3997 424 4080 Βηθλεὲμ,
446 4002 495 4065 ταί
512 3997 579 4084 μεθ’
596 4001 690 4086 ἔτερα,
712 3999 771 4065 Ἐν
787 4007 843 4066 σοῦ
859 4025 909 4082 μοι
926 4001 1098 4077 έξελεόσεται
1112 3995 1295 4084 ἡγεόμενος,
1316 3999 1366 4063 τοί
1379 3995 1413 4062 τό

229 4091 231 4096 “
272 4101 344 4183 έξῆς.
386 4097 419 4164 ‘0
442 4103 474 4166 δὲ
490 4107 660 4186 Μαλαχίας,
687 4100 853 4184 Ἐξαίφνης
874 4103 916 4178 τίς
935 4099 988 4167 τόν
1009 4101 1082 4166 ναδν
1105 4100 1164 4183 ἥξει
1182 4100 1292 4186 πόριος.
1332 4096 1365 4164 ’0
1381 4098 1413 4162 δέ

272 4205 385 4285 Δαβίδ,
408 4200 503 4270 Είπεν
519 4202 537 4271 δ
552 4203 656 4291 πόριος
671 4212 712 4293 τῷ
729 4208 823 4328 γυρίχο
840 4229 912 4288 μου,
934 4205 984 4270 ιιαλ
1000 4201 1036 4269 τό
1054 4205 1127 4286 έξῆς.
1171 4206 1234 4269 Καί
1249 4201 1339 4270 πολλῶ
1352 4204 1411 4268 ἔστι

303 4391 344 4446 80.
361 4391 449 4449 Πόθεν
463 4393 493 4450 δὲ
503 4389 532 4449 οδ
541 4391 605 4448 κατὰ
615 4393 660 4448 σοῦ
671 4395 760 4462 (παρετ
768 4411 825 4458 pro·
891 4393 931 4446 81.
946 4389 1062 4461 εδρήσεες
1073 4396 1204 4446 emendatio
1216 4396 1352 4446 τιεΡτεσοίί.
1371 4395 1409 4443 λε’·

270 4459 457 4580 wangiam
477 4463 508 4519 δὲ
522 4459 587 4516 κατὰ
605 4464 651 4515 τοῦ
669 4457 710 4529 τό)
733 4467 826 4527 supple·
860 4465 896 4514 δελ
910 4467 960 4512 εστι
976 4465 1056 4526 ιοτίρεί
1070 4477 1142 4526 ςυοεε
1158 4465 1215 4514 aaut·
1230 4456 1334 4530 τδρεοτς.
