3008 4996
356 282 490 334 rsuuuu
508 282 571 334 ura
586 283 604 332 t.
621 279 702 334 rou.
716 281 747 332 u.
764 279 864 330 uuas.
880 279 989 332 xxvii.
1184 265 1245 330 207

102 423 199 467 omnes
220 400 394 466 circuitione
411 412 496 479 suut,
520 401 701 484 eundemque
724 419 809 483 quern
829 395 913 462 lesus
931 405 1125 481 contemptum
1148 417 1246 461 rerum

102 503 226 568 omnium
246 513 450 587 susceperuut.
496 499 661 566 Universae
680 522 784 586 porro,
807 499 958 584 inquiunt,
982 499 1083 562 eadem
1106 519 1162 583 qua
1177 496 1246 562 Iesu

102 605 238 670 animavi
255 615 324 668 sunt
339 625 374 668 ac
391 605 499 667 virtute
518 603 677 688 praeditae.
722 601 848 686 Ideoque
866 601 986 687 perinde
1001 600 1066 664 illas
1088 621 1139 684 per
1156 601 1246 665 actio-

103 729 167 772 num
183 727 294 790 genera
310 706 406 770 omnia
422 704 546 783 traduci,
570 705 808 788 quemadmodum
825 702 894 767 lesu
909 702 1006 766 anima
1021 723 1176 787 progressa
1194 703 1244 766 sit.

104 806 185 890 Quod
205 809 230 872 si
255 808 379 893 reperiri
396 808 492 892 aliqua
513 807 622 892 possit,
646 827 719 890 quae
744 805 883 868 maiorem
909 825 993 888 qnam
1010 801 1094 868 lesus
1117 815 1247 867 contem·

104 922 179 995 ptum
202 910 359 995 suscipiat,
383 929 418 972 ea
439 908 494 994 ipsi
518 911 633 972 demum
654 907 821 971 antecellet.

172 1009 331 1078 Caeterum
346 1012 534 1074 detestandae
550 1010 720 1094 disciplinae
736 1009 820 1072 huius
836 1007 943 1071 alumni
961 1007 1140 1072 horribilium
1154 1029 1188 1070 uc
1204 1019 1247 1071 te·
1266 1017 1326 1085 Gap.
1337 1017 1381 1068 ut.

103 1112 286 1178 terrimorum
313 1112 473 1176 facinorum
498 1112 581 1176 varia
603 1131 712 1194 genera
736 1109 905 1174 moliuntur.
948 1107 1028 1172 Nam
1051 1119 1081 1172 et
1101 1109 1246 1174 maleficae

103 1225 180 1280 artes
197 1223 359 1291 exercent,
383 1223 413 1276 et
433 1214 468 1276 ad
486 1213 677 1276 urachinanda
695 1211 858 1295 quaelibet,
883 1210 1025 1274 vcnebcia
1047 1221 1078 1274 et
1095 1210 1248 1274 carruooee

103 1317 325 1400 excogitarunt,
348 1314 428 1378 velut
444 1313 479 1377 ad
497 1312 601 1399 philtra
620 1324 650 1376 et
667 1313 776 1376 amoris
792 1312 965 1389 illecebram
988 1313 1046 1375 imo
1065 1313 1150 1375 etiam
1167 1313 1249 1376 lumi·

102 1420 189 1483 liures
203 1418 258 1481 sibi
271 1417 412 1500 quosdam
430 1415 586 1478 daemones
600 1415 742 1492 alliciunt,
766 1425 798 1477 ut
811 1414 1015 1497 multiplicibus
1031 1415 1068 1476 iis
1083 1415 1249 1498 praestigiis

101 1541 241 1584 summam
258 1518 326 1596 sibi,
351 1527 383 1580 nt
398 1517 491 1594 aiuut,
516 1516 544 1580 iu
562 1515 660 1580 omnia
676 1526 847 1601 potestatem
864 1515 1023 1592 vindicent,
1046 1537 1081 1580 ac
1097 1516 1172 1600 quod
1188 1516 1249 1578 cui-

102 1642 159 1705 que
176 1619 310 1697 libuerit,
334 1629 364 1682 et
380 1619 580 1701 quodcumque
599 1639 687 1702 egere
711 1620 740 1680 iu
763 1616 890 1680 animum
912 1617 1078 1695 induxerit,
1104 1618 1132 1680 id
1154 1617 1248 1701 ipsum

100 1721 208 1786 audeat
223 1720 384 1804 suscipere.
421 1718 484 1782 ldoc
501 1729 600 1782 autem
616 1740 652 1782 eo
668 1718 791 1782 cousilio
809 1719 920 1781 sariunt
936 1720 1023 1802 quod,
1048 1717 1089 1781 uti
1106 1719 1249 1781 miserau-

101 1824 169 1886 duna
186 1822 215 1886 in
233 1823 349 1884 modum
363 1821 475 1905 decepti
491 1831 576 1897 suut,
601 1831 683 1884 certo
701 1820 757 1883 sibi
773 1821 984 1905 persuadeant,
1009 1841 1062 1905 per
1076 1830 1119 1882 tot
1133 1830 1250 1903 tamque

102 1926 221 1988 diversa
243 1922 374 1986 facinora
395 1922 494 1986 mundi
519 1921 742 1985 fabricatoribus
763 1923 892 2004 augelis,
917 1921 1107 2006 omnibusque
1124 1941 1198 2005 quac
1219 1921 1249 1984 in

102 2024 210 2088 mundo
226 2033 295 2086 suut
310 2023 463 2106 prostratis
478 2043 512 2087 ac
528 2023 718 2108 contemptis,
742 2021 857 2086 illorum
873 2043 907 2086 se
924 2045 982 2086 ocu
1001 2024 1116 2100 muudi,
1140 2024 1190 2086 sed
1209 2023 1251 2086 ia-

102 2126 234 2190 bnlarnm
250 2125 347 2210 potins
364 2124 506 2188 artilicum
520 2135 693 2208 potestatem
710 2124 892 2207 transgredi3
916 2145 973 2208 quo
990 2126 1147 2188 coelestem
1163 2123 1251 2188 liber-

102 2238 191 2292 tatern
210 2227 379 2303 obtineant,
402 2236 431 2288 et
453 2247 569 2290 sursum
589 2226 719 2311 aspirare
744 2236 832 2309 utque
852 2226 971 2290 evolare
994 2226 1119 2311 possint.
1164 2223 1250 2308 Quod

103 2329 251 2392 bominum
273 2347 367 2410 genus
385 2327 419 2390 ad
440 2328 583 2392 ecclesiae
606 2327 652 2390 dei
668 2326 804 2411 probrum
820 2338 850 2390 et
870 2327 1072 2390 offendiculum
1091 2328 1252 2392 adornasse

103 2451 138 2494 ac
153 2428 326 2494 submisisse
341 2424 467 2492 Satanas
486 2428 616 2506 videturq
640 2428 744 2512 qnippe
761 2428 810 2511 qui
824 2423 1057 2492 Christianorum
1072 2428 1127 2492 sibi
1144 2449 1251 2492 nomeu

103 2531 274 2606 indiderint,
298 2539 331 2594 ut
345 2539 465 2613 propter
478 2528 543 2593 illos
561 2530 692 2594 offensae
710 2530 842 2592 notiones
857 2529 893 2593 ab
911 2540 1031 2594 sauctae
1047 2531 1092 2594 dei
1108 2530 1252 2596 ecclesiae

104 2631 228 2694 utilitate
245 2630 440 2710 abhorreant,
465 2631 682 2714 nuntiatumque
703 2631 855 2694 veritatem
874 2630 910 2694 ob
927 2629 1062 2694 immania
1079 2631 1192 2698 illorum
1209 2633 1253 2697 fa·

105 2731 222 2811 ciuora,
245 2741 276 2796 et
293 2731 493 2795 incredibilem
513 2719 669 2816 nequitiam
693 2732 861 2817 repudient,
885 2741 933 2812 ut,
957 2732 1092 2818 iuquam,
1117 2737 1253 2818 irequeu·

106 2833 183 2896 tibus
199 2833 317 2898 illorum
337 2832 498 2896 sceleribus
517 2833 747 2914 animadversis,
771 2854 823 2898 eos
846 2855 959 2919 quoqne
978 2837 1025 2920 qui
1044 2857 1061 2898 e
1083 2847 1184 2900 suucta
1206 2835 1253 2898 dei

106 2935 230 2998 ecclesia
247 2945 317 2999 suut
333 2934 406 2998 tales
423 2955 489 2998 esse
506 2935 561 2999 sibi
577 2937 784 3020 persuadeant,
808 2947 895 3021 atque
912 2937 952 3000 ita
969 2938 1005 3001 ab
1022 2936 1182 3001 verissima.
1193 2937 1251 3014 dei,
1377 3007 1381 3014 ¹

106 3036 148 3098 nti
162 3036 302 3114 diximus,
323 3035 456 3100 doctriua
467 3057 558 3100 aures
573 3046 719 3116 avertant,
738 3049 788 3102 aut
801 3049 882 3102 certe
897 3059 1051 3123 paucorum
1068 3037 1253 3124 improbitate

106 3148 264 3222 conspecta
279 3137 309 3200 in
325 3136 481 3201 universos
497 3139 598 3202 eadem
615 3137 766 3204 maledicta
782 3137 949 3202 coniiciaut.
979 3139 1076 3224 Atque
1090 3161 1126 3204 ea
1140 3141 1253 3204 demum

109 3257 213 3302 caussa
232 3249 280 3302 est
298 3259 351 3302 cur
368 3239 498 3324 plerique
514 3239 683 3322 gentilium,
708 3239 881 3324 ubicumque
897 3239 981 3304 istius
1001 3251 1099 3304 sectos
1123 3239 1254 3305 homines

108 3338 369 3424 deprehenderim,
393 3340 499 3404 nullam
517 3339 667 3404 uobiscum
682 3340 775 3404 velint
791 3361 885 3424 neque
901 3341 959 3405 dati
975 3342 1145 3426 acceptique
1160 3361 1255 3424 ucque

108 3439 221 3505 consilii
237 3461 333 3526 neque
347 3441 481 3505 audiendi
498 3441 588 3504 divini
603 3441 684 3505 verbi
699 3443 868 3506 societatem
885 3443 1076 3526 coniungere,
1098 3463 1133 3506 oc
1151 3462 1187 3506 ne
1203 3463 1255 3506 an-

109 3561 159 3604 res
174 3545 288 3627 quidem
305 3543 447 3630 praebere
462 3543 644 3622 sustiucautq
668 3564 761 3628 usque
779 3543 852 3608 adeo
868 3544 988 3608 nefariis
1004 3544 1118 3608 illorum
1137 3542 1255 3628 flagitiis

110 3644 290 3708 consternati
312 3665 346 3707 ac
368 3643 501 3707 deterriti
525 3657 604 3708 suut.

192 3743 287 3808 Porro
303 3745 352 3808 isti
366 3745 395 3808 in
415 3745 487 3808 luxu
504 3756 591 3828 atque
606 3743 717 3811 deliciis
732 3744 848 3810 assidue
861 3757 1030 3825 versantur,
1054 3746 1181 3830 nihilque
1196 3765 1255 3810 non
1274 3761 1334 3829 esp.
1349 3761 1393 3814 tv.

107 3843 150 3906 ad
173 3866 323 3931 corporum
340 3847 517 3930 voluptatem
537 3867 571 3910 ac
595 3847 800 3912 iucunditatem
821 3846 998 3932 suscipiuut3
1027 3869 1121 3932 oeque
1145 3849 1179 3911 ad
1202 3869 1256 3912 nos

108 3945 225 4028 penitus
243 3947 402 4026 accedunt,
426 3948 482 4010 uisi
500 3949 576 4012 sorte
597 3959 627 4010 ut
644 3948 804 4014 imbecilles
820 3949 934 4013 animos
951 3949 988 4012 od
1005 3947 1093 4033 impia
1109 3969 1162 4012 sue
1186 3950 1256 4034 dog-

108 4054 189 4108 mata
203 4049 359 4132 pellicient.
403 4047 511 4133 Neque
527 4049 603 4112 enirn
619 4049 676 4114 alia
693 4071 726 4114 re
745 4052 829 4116 uobis
844 4051 954 4116 similes
970 4059 1050 4128 suut,
1074 4071 1160 4134 quam
1180 4052 1257 4135 quod

106 4143 178 4209 soto
194 4141 352 4214 Christiani
370 4151 485 4214 nomine
506 4150 688 4234 gloriantur,
712 4162 743 4214 ut
759 4151 889 4216 ementiti
905 4151 990 4216 huius
1007 4151 1141 4216 vocabuli
1159 4153 1257 4236 specie

104 4243 321 4328 improbitatem
336 4271 418 4314 suam
433 4263 604 4318 exerceant.
635 4249 696 4318 Sed
709 4253 824 4334 horum,
842 4253 883 4318 uti
896 4254 1035 4340 scriptum
1050 4264 1108 4332 est,
1125 4257 1258 4316 rumorum

145 4407 177 4464 4.
191 4413 313 4482 κτήσαντο
329 4421 381 4470 cod
390 4421 486 4486 Rhedc'q.
500 4423 666 4485 etedt'tpriuc.
734 4419 758 4473 6.
777 4415 838 4476 ineu
858 4417 883 4488 γ’
898 4413 928 4476 ἄν
953 4439 995 4488 epo
1009 4426 1117 4488 rmertpsr‘
1135 4438 1179 4488 pro
1197 4416 1259 4477 ὅπου

146 4480 176 4530 ὁ.
192 4485 261 4548 Vutqc
278 4479 385 4547 πάντως.
702 4483 725 4546 δ’
740 4482 783 4554 dcv,
801 4493 865 4554 quod
880 4505 957 4543 curm
973 4495 1027 4544 tibet
1043 4493 1132 4545 habeut.
