3006 4990
323 309 456 363 raanan
475 311 550 364 nov.
567 309 737 364 nnanasas
755 307 817 363 ars.
832 311 851 361 r.
868 311 949 364 rona
961 311 994 362 rr.
1172 300 1232 364 teo

91 427 225 512 exprimit
243 447 392 511 perquam
409 449 480 514 opus
495 429 588 512 ipsum
606 427 743 506 effluitare
766 430 1003 514 quemadmodum
1019 429 1157 514 seriptum
1174 441 1231 510 eat,

90 533 162 592 eluar
176 531 352 610 gloriatam
371 551 452 594 serra
469 535 530 592 saite
546 534 674 594 nubente
689 534 800 611 aprum
821 541 878 596 etta.
923 529 1021 616 Atque
1038 532 1093 596 boo
1108 533 1232 596 eaewria
1243 540 1382 598 mattam

90 630 116 696 in
134 631 226 696 rebus
242 631 282 694 ita
297 651 365 695 sese
380 631 488 696 babere
503 633 660 696 nernimus.
703 629 811 716 Neque
825 633 901 696 enim
916 632 1030 715 gladius
1045 655 1150 700 oanasa
1166 654 1234 698 aas·

90 733 214 811 diseat,
248 733 301 800 sed
320 734 346 796 is
367 735 415 818 qni
437 734 532 817 gladio
554 735 589 796 ad
609 734 828 818 perpetrandam
845 734 964 799 eaedem
982 735 1083 802 utitur.
1127 734 1233 819 Neque

89 855 238 900 aerearum
261 834 417 918 imaginum
441 845 526 921 typus
548 855 621 919 qnae
640 835 787 916 linguntur
803 855 855 919 per
875 856 908 898 se
927 836 1020 900 moliri
1040 847 1151 922 potest,
1181 835 1234 902 aed

88 936 113 1000 ia
130 935 251 1000 omnino
268 937 316 1020 qui
331 947 361 1000 et
376 948 474 1022 typum
492 937 586 1022 ipsum
604 946 634 1000 et
649 955 820 1020 expressam
836 936 991 1022 imaginem
1009 937 1089 1002 lenit.
1134 935 1233 1019 Quare

89 1059 145 1102 una
162 1036 275 1120 Angeli
293 1037 365 1124 ipsi,
395 1039 446 1103 aed
465 1037 515 1122 qui
535 1036 666 1121 Angelos
685 1037 839 1122 produxit,
869 1037 993 1102 bominis
1009 1058 1114 1106 nausea
1130 1057 1234 1104 nanee-

89 1149 145 1216 tar,
167 1139 285 1204 tametsi
302 1161 338 1204 ne
356 1139 501 1204 bominem
518 1141 678 1204 uenderent
694 1138 751 1202 illis
768 1137 965 1205 interdixerit.
1008 1137 1086 1206 Nam
1102 1141 1150 1206 rel
1166 1159 1235 1204 one·

89 1241 154 1306 lasti
173 1239 284 1306 Virtuti
306 1241 450 1306 inseitiarn
471 1261 506 1306 aa
527 1242 689 1306 futurarum
711 1259 807 1306 rerum
830 1261 905 1324 quae
923 1251 1041 1326 praeter
1057 1241 1235 1308 voluntatem

89 1363 169 1408 snam
187 1342 380 1428 perficiendae
395 1353 464 1406 sant
479 1342 672 1426 ignorantiam
690 1342 847 1421 adscribit,
870 1355 920 1408 aut
934 1363 998 1407 eam
1016 1343 1131 1427 propria
1146 1342 1234 1408 animi

89 1442 257 1510 indeptione
279 1455 360 1530 putat
376 1443 509 1527 Angelos
524 1461 712 1528 procreasse,
744 1443 819 1527 quod
840 1445 894 1507 boa
912 1445 1004 1530 ipsam
1021 1444 1056 1509 ad
1073 1444 1235 1530 prnduaen·

89 1547 153 1612 dam
178 1545 325 1610 bominem
346 1546 417 1612 utile
440 1547 517 1610 toret
537 1566 621 1628 quem
646 1546 773 1610 formare
797 1555 933 1630 raperet,
965 1567 1029 1611 num
1053 1556 1082 1612 et
1103 1545 1235 1630 Angelos

90 1647 288 1726 condidisset,
318 1667 374 1712 aea
395 1667 447 1712 eos
467 1647 661 1732 prohibuisset
683 1669 754 1732 opus
767 1647 926 1726 eiusmodi,
958 1647 1092 1713 nimirum
1110 1647 1235 1714 bominis

91 1749 288 1826 molitionem,
312 1750 448 1832 aggredi,
472 1748 500 1811 id
518 1748 593 1832 quod
612 1749 771 1812 fabulosum
791 1750 904 1812 illorum
921 1749 1073 1814 artifieium
1091 1750 1233 1814 continet.

174 1847 373 1932 Quamobrem
397 1871 511 1916 rursum
535 1851 570 1912 de
598 1849 755 1914 tabularum
778 1852 932 1914 inventore
952 1851 1148 1935 quaerendam
1174 1859 1231 1928 est,
1251 1851 1311 1920 cap.
1326 1849 1369 1902 tv.

90 1951 203 2038 Eeqaid
220 1951 358 2016 eoelestia
372 1952 421 2016 illa
435 1949 538 2021 Virtus
555 1963 678 2016 noverat
693 1951 760 2035 quid
776 1963 876 2017 essent
892 1952 998 2036 Angeli
1015 1953 1139 2038 laetorii
1170 1949 1235 2014 No·

90 2066 192 2134 rarat,
216 2053 320 2137 inquit.
366 2052 458 2137 lgitar
479 2075 537 2118 non
555 2052 661 2136 Angeli
680 2053 753 2137 ipsi,
777 2055 827 2119 sed
844 2053 893 2120 illa
908 2054 1007 2138 utique
1023 2053 1104 2118 lenit.
1149 2051 1236 2135 Quod

90 2157 113 2220 si
130 2167 258 2222 neverat
273 2156 405 2239 quidem,
430 2155 481 2220 sed
500 2154 560 2220 beri
579 2165 675 2220 tamen
689 2155 822 2233 nolebat,
845 2175 879 2220 aa
895 2167 1011 2241 praeter
1026 2154 1102 2220 illias
1117 2164 1236 2219 senten·

91 2257 158 2322 tiam
173 2257 321 2341 attingere
336 2277 409 2342 opus
423 2256 499 2321 istud
515 2256 647 2340 aggressi
663 2267 743 2334 sunt,
766 2278 819 2322 aur
834 2279 892 2322 nan
907 2257 1072 2344 probibuit?
1115 2252 1169 2322 Sia
1184 2255 1236 2318 ob·

91 2371 168 2425 atara
191 2358 310 2424 minime
335 2359 442 2443 potnit,
473 2357 595 2443 primum
618 2357 673 2424 ben
693 2357 793 2423 vitium
817 2371 879 2439 est,
910 2358 985 2443 qaod
1007 2369 1107 2421 eontra
1129 2366 1236 2422 semet·

94 2460 185 2545 ipsam
210 2459 345 2524 conditos
368 2481 384 2522 a
409 2479 443 2524 ae
466 2459 618 2543 Angelos,
650 2458 706 2524 sibi
730 2469 762 2524 ut
782 2460 955 2526 resisterent
979 2481 1014 2523 aa
1033 2479 1066 2526 ss
1088 2458 1239 2524 irritarent

93 2562 187 2627 moliri
203 2561 347 2626 volueritn
371 2562 512 2638 alterum,
534 2561 610 2644 quad
628 2581 694 2626 rom
709 2572 811 2643 posset
824 2561 941 2628 minime
959 2559 1153 2647 prohibuerit,
1177 2561 1236 2624 ima

91 2663 177 2728 etiam
199 2665 235 2727 ad
260 2663 415 2748 pessimum
437 2662 507 2728 ittet
522 2661 703 2745 Angelorum
726 2661 869 2747 opibainm
893 2663 1094 2746 exequendum
1115 2659 1236 2726 adiutri-

93 2783 156 2828 oem
173 2785 240 2828 sesa
261 2763 439 2848 praebuerit.
485 2762 614 2846 Quodsi
634 2784 688 2828 nea
706 2763 772 2828 illos
791 2762 918 2842 adiurit,
949 2774 980 2828 et
997 2764 1149 2849 probibere
1169 2783 1235 2828 oum

93 2865 180 2928 uellet
202 2887 260 2930 non
287 2867 396 2950 potuit,
427 2885 604 2950 magnopere
626 2865 798 2930 imbecillam
820 2885 885 2932 eanr
906 2876 1021 2950 oportet
1042 2883 1128 2942 esse,
1160 2883 1235 2946 quae

92 2967 167 3050 quod
190 2967 318 3032 voluerit
340 2967 454 3030 effiaere
477 2989 536 3032 non
558 2967 667 3053 patuit,
701 2965 812 3050 eritque
834 2969 909 3034 adea
932 2967 1046 3032 condita
1072 2964 1121 3030 illa
1142 2963 1178 3028 ab
1199 2983 1236 3028 ea

92 3068 271 3152 Angelorum
296 3077 416 3132 naterva
441 3069 546 3134 tortior
570 3091 654 3152 quam
679 3067 804 3154 ipsamet
830 3089 905 3153 qaae
928 3068 1107 3152 Angelorum
1131 3085 1236 3132 nausea

93 3179 140 3232 est
157 3190 192 3234 an
216 3169 401 3254 priuaipinm.
445 3167 539 3254 igitur
561 3170 693 3236 haeresia
713 3171 769 3236 ista
789 3169 907 3236 minime
928 3169 1086 3236 eobaerere
1104 3168 1168 3253 ipra
1189 3187 1237 3230 aa·

92 3291 156 3334 eam
172 3283 259 3355 atque
276 3291 294 3333 a
310 3270 432 3334 veritate
448 3272 587 3336 reoedere
604 3271 682 3336 omui
700 3281 836 3356 exparte
852 3272 1045 3338 enavinritar.
1086 3267 1146 3336 lam
1164 3289 1236 3334 vero

93 3371 118 3436 si
139 3373 298 3438 eoelestem
320 3367 467 3436 Virtutem
490 3371 607 3436 minime
627 3373 676 3438 illa
700 3373 813 3456 quidem
836 3371 980 3451 latebant,
1010 3373 1061 3438 aad
1084 3393 1136 3438 aas
1156 3371 1236 3456 ipsas
1287 3368 1292 3378 “

92 3483 204 3552 tamen,
235 3473 285 3556 qui
302 3474 378 3556 quod
396 3475 478 3539 netas
495 3484 574 3540 esset
590 3483 708 3560 praeter
722 3474 900 3542 solarutatem
917 3493 1000 3540 suam
1019 3485 1101 3541 erant
1119 3472 1235 3552 iartnri,

93 3573 263 3640 arremaria
281 3575 424 3652 condidit,
448 3575 504 3642 alia
520 3595 623 3638 rursus
639 3575 669 3640 ia
686 3595 720 3644 ra
738 3574 870 3653 deliciet,
894 3594 948 3642 aen
963 3574 1051 3642 ollam
1069 3576 1099 3642 in
1117 3573 1238 3640 coelesti

92 3675 200 3741 virtute
216 3676 458 3758 eomplementam
481 3697 521 3743 ex
537 3677 614 3742 illius
632 3675 777 3744 sententia
795 3677 945 3744 residebit.
989 3678 1088 3760 Atque
1109 3686 1140 3742 ut
1158 3675 1237 3742 illum

92 3777 186 3844 denna
203 3779 438 3860 interrogemus,
460 3775 607 3856 liaustu,
630 3777 764 3862 inquam,
787 3779 835 3864 qui
852 3799 904 3864 per
918 3779 1061 3848 fenestras
1077 3778 1154 3844 intro
1171 3801 1239 3865 pro·

92 3879 247 3964 spexeris,
272 3888 304 3942 nt
319 3897 356 3942 eo
373 3877 497 3946 ludibria
513 3879 614 3944 deliria
630 3889 680 3942 tua
696 3899 865 3964 prosequar,
887 3879 984 3965 ibique
999 3880 1238 3965 quemadmodum

92 3980 202 4064 Angeli
225 3981 316 4046 ornati
338 3981 397 4044 rint
416 3981 596 4065 pervideris,
626 4001 784 4064 eorumque
805 3981 835 4046 iu
856 3981 972 4048 bomine
992 3981 1127 4066 fingendo
1148 3983 1238 4048 artib-

92 4081 168 4146 eium
198 4082 335 4165 eogooria
362 4102 397 4145 aa
422 4081 559 4148 eoelestis
583 4079 710 4148 Virtutis
734 4082 882 4148 solertiam
907 4093 1104 4168 perscrutatus
1134 4084 1236 4165 fueris,

92 4203 182 4248 unum
199 4203 253 4248 orn
269 4193 298 4246 te
312 4181 358 4247 dia
374 4183 474 4248 nobiae
497 4181 578 4246 Num
594 4183 634 4248 itti
651 4183 719 4268 quid
735 4181 906 4250 molirentur
919 4196 1079 4266 noverant,
1102 4207 1140 4250 an
1155 4184 1239 4270 igno-

91 4283 201 4348 rabant
218 4283 335 4370 patiasl
378 4280 412 4350 Si
428 4283 504 4350 euim
521 4283 711 4370 ignorabant,
744 4305 818 4368 quae
832 4285 878 4353 vis
894 4286 960 4352 illos
976 4287 1099 4372 angebat
1115 4298 1148 4352 ut
1163 4289 1238 4372 qnod

124 4433 149 4488 A
167 4433 382 4498 maranaeu'aaz-
393 4433 652 4508 ίξιχιιάσαςιιιιτίριί
683 4450 713 4488 aa
727 4439 883 4490 emendatione
899 4441 997 4492 remote
1031 4441 1096 4492 bibat
1110 4443 1180 4507 ardon
1193 4457 1239 4494 κα-

679 4497 826 4564 redatruare:
837 4533 869 4544 -
881 4503 1030 4574 ἐξιχιίασας.
