3008 4996
383 272 516 324 raunnn
532 271 624 324 urar.
641 271 721 323 rom.
735 273 766 322 ιι.
782 271 881 324 nana.
896 273 995 324 xxvi.
1201 263 1258 328 185

119 412 184 456 eure
203 411 260 455 non
281 390 407 454 dubitat:
439 389 506 474 Ego
524 411 588 454 sum
605 386 758 471 Christum
789 413 855 456 uum
876 412 929 477 per
945 387 1119 456 CCCLXV
1141 393 1259 457 nomina

119 491 286 580 Principum
306 513 347 558 ex
369 493 428 556 alto
450 491 599 556 descendi.

198 693 347 762 diciorum
366 716 454 781 porro
472 693 640 781 Principum
655 686 770 758 domina
785 695 858 760 baec
875 715 942 759 esre
957 707 1111 760 memorat
1156 693 1192 761 iu
1209 718 1260 764 un·
1277 705 1337 774 cip.
1351 709 1387 759 x
1466 695 1467 700 ’

117 819 233 884 premo,
257 798 405 882 inquiunt,
429 797 500 860 orba
517 797 625 862 residet
643 795 712 875 lau,
741 798 771 860 in
793 797 920 911 secuudp
937 794 1094 876 Sacian,
1085 819 1112 862 ru
1128 796 1176 883 qui
1198 811 1260 864 stu·

117 1012 216 1067 tuuntc
240 1002 493 1087 quippequartnm
509 1019 577 1064 erae
594 1000 706 1064 coelum
722 1010 914 1079 asseverant,
937 1009 967 1064 et
984 999 1118 1082 tertium,
1142 1021 1176 1064 cc
1194 1022 1259 1067 rur·

117 1123 163 1167 nur
179 1103 329 1187 quintum,
358 1103 387 1166 in
406 1123 463 1185 quc
483 1099 624 1167 Eiuaeum
645 1101 805 1182 ooiiuonnt,
830 1123 879 1186 qun
869 1101 972 1164 idem
995 1111 1023 1164 et
1038 1047 1198 1166 Aduinaeuu
1216 1103 1259 1168 di·

116 1205 202 1270 citur.
247 1204 290 1268 m
313 1213 428 1268 sextum
455 1215 598 1288 occupare
623 1203 726 1267 volunt
748 1204 797 1266 aiii
818 1200 1002 1280 inidnbuutb‚
1031 1200 1174 1267 Eiiiueum
1195 1205 1257 1268 alii.

118 1303 175 1371 Sed
193 1317 223 1370 et
241 1305 394 1390 septimum
410 1324 476 1369 esse
493 1305 621 1367 nonnulli
635 1305 786 1385 definiunt,
806 1326 852 1368 om
844 1301 997 1368 Sabaoth
1012 1303 1147 1368 insideat.
1172 1302 1259 1388 Quod

118 1408 151 1470 ab
168 1409 236 1472 aliia
251 1417 386 1492 negatur,
405 1426 453 1489 qur
444 1403 637 1469 ialdabaotb
653 1405 803 1491 septimam
821 1405 897 1470 iiiam
914 1407 1069 1470 stationem
1084 1405 1256 1472 attribuunt.

118 1505 149 1573 in
167 1519 276 1573 octavo
292 1505 449 1572 barbeloni
472 1506 646 1571 domicilium
667 1527 733 1572 ease
757 1507 884 1593 fingunt,
908 1527 963 1572 neo
982 1527 1041 1570 nou
1061 1517 1092 1569 ct
1106 1507 1259 1573 uniuersu-

116 1632 179 1675 rum
194 1608 316 1675 Pareuti
330 1609 371 1673 iiii
386 1609 434 1694 qui
451 1607 528 1672 idem
547 1607 680 1674 dominns
701 1609 757 1690 eit,
781 1620 811 1672 et
828 1607 1025 1694 suimetipsius
1042 1617 1136 1693 puter,
1159 1629 1259 1695 quem-

117 1713 270 1776 admodum
286 1723 316 1774 et
329 1709 413 1774 aitcri
427 1709 540 1774 cuidam
554 1706 692 1789 Cbrinto,
717 1710 764 1794 qui
783 1730 835 1796 per
851 1730 919 1774 seue
938 1711 978 1773 eit
992 1710 1022 1773 in
1040 1710 1134 1773 iucem
1150 1711 1256 1776 editus.

118 1811 194 1878 Tum
210 1833 284 1877 veru
302 1808 451 1877 Christum
467 1809 572 1874 ibidem
591 1811 685 1896 ipsum
702 1811 857 1890 coiiocant,
880 1812 929 1896 qui
947 1811 983 1875 da
999 1811 1082 1875 coeio
1097 1811 1257 1892 descendit,

117 1925 147 1977 et
160 1913 306 1979 eiusmodi
321 1909 528 1998 cognitionem
543 1911 667 1974 bumann
684 1913 785 1997 generi
803 1912 936 1992 cuntulit,
960 1933 1044 1996 quem
1059 1913 1146 1976 etiam
1162 1915 1260 1999 appel·

10 2035 11 2038 ’
117 2015 205 2080 nrum
229 2016 323 2079 suisne
344 2012 440 2080 iesum
465 2014 643 2099 praedicant.
688 2011 798 2078 Verum
825 2014 948 2078 eundem
972 2023 1083 2098 negant
1105 2014 1140 2078 de
1161 2012 1258 2080 Maria

10 2179 11 2184 ,
118 2127 235 2193 natum,
268 2115 319 2180 aad
344 2137 397 2201 per
418 2113 544 2178 diarium
563 2124 712 2178 ostensum
736 2125 890 2194 asserunt3
921 2135 1016 2200 neque
1035 2135 1152 2180 carnem
1174 2117 1261 2182 aliter

117 2239 200 2301 qnam
219 2217 318 2303 specie
334 2216 396 2302 ipsu
416 2217 592 2301 suscepisse.
624 2214 711 2298 Quod
728 2217 763 2280 ad
781 2213 908 2280 Sabaoth
931 2218 1069 2301 pertinet,
1092 2218 1168 2280 bunc
1185 2219 1259 2283 acini

117 2319 243 2402 quidam,
268 2317 317 2381 aiii
332 2317 412 2402 porci
428 2319 518 2402 ligura
536 2328 672 2382 cunctare
690 2327 822 2381 censent.
856 2315 902 2382 0b
918 2317 1003 2402 idque
1019 2315 1146 2396 ludaeis,
1164 2319 1257 2399 aiunt,

117 2421 209 2485 auidiis
230 2419 368 2484 carnibus
391 2418 594 2482 interdixerat.
639 2417 726 2482 Hunc
749 2439 816 2482 ease
840 2418 923 2482 coeio
949 2431 1102 2504 terraeque
1127 2421 1259 2484 conditu·

116 2541 194 2602 rem,
218 2531 281 2586 tum
298 2511 397 2584 eurum
419 2519 466 2605 qui
490 2532 708 2604 consequuntur
731 2520 899 2584 coelestium
916 2520 1046 2600 orbium,
1075 2521 1260 2605 angelorum·

118 2643 174 2706 que
196 2643 331 2687 enorum.
376 2619 470 2686 Porro
495 2621 702 2706 digredientem
727 2621 795 2686 binc
815 2622 939 2686 antimum
965 2642 1017 2706 per
1041 2621 1107 2686 iiius
1133 2623 1260 2688 transire

117 2721 282 2810 Principes,
307 2743 400 2806 neque
417 2734 513 2786 tumen
528 2733 681 2807 penetrare
695 2745 800 2810 posse,
823 2723 879 2788 nisi
899 2720 1076 2808 Cognitinnc
1089 2723 1135 2787 iiia
1151 2724 1259 2809 pienis-

119 2825 190 2888 simc
213 2827 333 2911 periura
351 2825 457 2903 inerit,
481 2824 529 2888 vei
546 2825 796 2890 condemnatione
813 2825 927 2910 potiusp
951 2847 1006 2909 qua
1024 2825 1136 2910 quidem
1160 2845 1259 2891 cumu-

117 2926 175 2990 lata
195 2926 363 3010 Principum
387 2926 511 2990 ictorum
532 2947 565 2989 ac
588 2923 766 2990 Potestatum
788 2947 891 2990 marrus
915 2926 1044 3012 effugiat.
1088 2927 1210 2990 Addunt
1229 2939 1261 2992 et

117 3026 202 3091 buius
226 3027 325 3092 muudi
342 3024 512 3091 Praecidam
534 3027 667 3092 draconir
691 3027 813 3110 effigiem
832 3029 956 3108 babere,
979 3028 1016 3091 ab
1032 3047 1126 3111 euque
1147 3027 1261 3091 atrimae

116 3129 269 3194 absorberi
291 3124 467 3214 Cognitione
484 3129 533 3192 iiia
552 3128 722 3207 destitutae,
745 3149 918 3214 rursumque
936 3149 989 3215 per
1003 3130 1122 3194 caudam
1137 3127 1168 3192 in
1183 3128 1259 3193 bunc

116 3233 256 3294 mnndum
272 3231 397 3292 retundi.
429 3229 479 3294 En
494 3251 550 3314 quc
566 3229 703 3315 deinceps
716 3229 746 3293 in
765 3251 918 3316 porcorum
935 3231 1113 3315 aliorumque
1129 3229 1259 3294 unimun-

115 3333 187 3396 tium
205 3351 332 3417 corpora
348 3331 511 3395 tranuiuaae
525 3351 578 3416 per
593 3332 693 3394 eadem
708 3332 802 3396 denuc
816 3331 943 3416 vestigia
958 3352 1072 3397 rursum
1087 3333 1257 3396 efferantur.

117 3431 251 3516 Quod'
225 3455 254 3498 su
275 3433 354 3517 quia,
385 3432 482 3510 aiunt,
512 3453 548 3496 aa
572 3432 660 3496 inerit
651 3429 850 3547 ‘Cognitione
872 3432 1036 3516 praeditus,
1061 3455 1185 3518 eeseqrrc
1206 3454 1260 3518 per·

116 3635 189 3699 nibil
208 3637 257 3699 bic
275 3562 398 3698 dctiubri
415 3634 555 3720 amplius,
584 3636 636 3699 ued
653 3655 705 3700 ecs
722 3655 794 3719 quor
815 3635 942 3700 diximus
961 3638 1157 3722 praetergredi
1174 3634 1260 3701 Prin·

116 3738 214 3822 cipee,
239 3747 271 3800 et
286 3737 322 3800 ad
335 3733 464 3800 Sabaotb
487 3758 578 3821 usque
594 3738 765 3824 pervenire,
788 3747 874 3903 atppe
892 3738 968 3803 iiiiuu
986 3740 1154 3824 proculcare
1173 3749 1260 3822 caput

115 3839 174 3920 (ita
189 3837 267 3902 euim
289 3839 430 3921 sacrilego
452 3849 538 3924 atquc
561 3840 742 3926 impudenter
759 3841 817 3904 edu
832 3845 927 3932 runt),
958 3841 1082 3925 indeque
1100 3841 1135 3904 ad
1157 3861 1260 3925 eupre-

115 3961 196 4004 ruum
219 3939 291 4009 iilud
310 3939 483 4003 domicilium
505 3943 647 4020 evadere,
677 3941 726 4004 ubi
747 3940 908 4008 viventium
932 3951 1027 4006 mater
1049 3951 1096 4005 est
1113 3939 1258 4020 Barbara,

115 4061 194 4124 quac
214 4050 244 4104 et
265 4040 302 4104 ab
325 4040 382 4105 iilis
397 4038 523 4106 Barbeiu
541 4043 658 4107 dicitur.
702 4039 787 4106 Hanc
805 4063 873 4106 eure
891 4042 1009 4108 animae
1030 4045 1173 4107 rationem
1197 4043 1261 4107 adi·

115 4142 276 4228 piccendae
292 4142 405 4208 salutis·
449 4139 521 4207 iilud
539 4163 611 4208 vero
629 4153 780 4230 praeterea
797 4143 929 4252 iniciiccp
947 4144 989 4209 iiii
1006 4147 1042 4210 ud
1064 4145 1188 4212 inbutam
1209 4146 1261 4210 ad-

148 4395 176 4450 3.
195 4395 304 4452 ἰπαῦθα
321 4399 371 4450 oud.
389 4399 461 4450 Vutic.
741 4401 764 4452 5.
782 4399 847 4468 cnei
864 4403 930 4454 cedd.
949 4404 1043 4466 aneon.
1058 4403 1130 4453 t’utr'c.

149 4461 176 4516 4.
194 4464 272 4533 φησὶν
289 4467 356 4520 codd.
373 4469 445 4518 tuuc.
461 4469 557 4533 Rbtdip.

928 4555 956 4596 ff
