3006 4990
267 344 325 406 108
685 355 806 409 merl
823 355 989 408 ΕΡΙΡΗΔΝΙΙ

263 467 434 556 άνθρώπων
448 467 502 535 τόν
516 472 594 536 ἐδιον
610 469 676 538 υλόν
690 469 871 537 κατελθόντα
887 473 919 538 ἐν
935 469 1031 560 μήτρᾳ
1048 477 1215 562 παρθενικῇ
1233 479 1392 556 συλληφθή-

262 596 320 648 ναι,
342 568 430 656 λόγον
444 568 515 637 όντα
530 570 580 636 ἄπ’
591 569 732 656 οόρανοῦ,
754 575 787 639 ἐκ
802 569 1078 662 κόλπωνπατρῷων
1091 576 1298 660 γεγεννημένον
1315 571 1390 658 αἠρό-

262 699 321 749 νως
340 674 391 738 καλ
413 669 560 758 άνάρχως,
583 673 707 740 ἐλθόντα
729 674 762 739 δέ
778 672 824 740 ἐπ’
841 674 968 757 ἐσχάτων
989 682 1049 742 τῷν
1070 672 1200 760 ήμεραῐν,
1222 674 1296 741 θεόν
1315 675 1393 761 λόγον

262 771 334 841 όντα
345 775 379 839 ίκ
392 781 468 839 θεοῦ
481 773 593 858 πατρός
605 774 755 858 άληθινώς
764 778 982 861 γεγενημένον,
997 774 1156 858 όμοοόσιον
1170 775 1241 843 όντα
1250 785 1291 865 τῷ
1301 778 1392 860 πατρί,

261 876 314 940 καί
327 871 415 941 οόδέν
429 873 509 963 παρά
521 874 573 942 τόν
587 879 700 962 πατέρα
712 875 917 961 ήλλοιωμένον,
938 874 996 942 ἄλλ’
1011 876 1152 962 άτρεπταν
1165 876 1236 944 ὄντα
1249 880 1301 944 καί
1316 876 1392 942 άναλ-

261 980 396 1056 λοίωτον,
418 973 524 1060 όπαθη·
538 1002 568 1042 τε
582 976 673 1058 όλως,
694 976 735 1062 μή
756 977 917 1062 πάσχοντα,
939 978 1146 1064 συμπάσηοντα
1163 981 1195 1046 δέ
1214 987 1256 1070 τῷ
1271 976 1392 1066 ήμετέρρ

262 1079 353 1164 γένει,
373 1077 554 1145 κατελθόντα
577 1075 627 1145 ἄπ’
647 1077 794 1164 αόρανοῦ,
816 1083 1055 1166 ἐγκυμονηθέντα
1079 1079 1134 1148 αόκ
1156 1079 1216 1147 α’ττό
1237 1082 1394 1163 σπέρματος

261 1176 380 1265 άνδρός,
401 1177 472 1245 άλλά
485 1179 536 1247 διδ
547 1180 716 1263 πνεύματος
731 1179 826 1268 άγίαυ,
848 1179 999 1264 δληθινῷς
1012 1189 1098 1264 σῶμα
1112 1181 1172 1249 τίπτ’
1184 1187 1307 1266 Μαρίας
1321 1184 1393 1264 ἐσγη

261 1279 348 1361 κότα,
370 1278 576 1348 άναιιλάσαντα
594 1285 686 1370 ἐαυτῷ
701 1281 755 1366 τήν
771 1282 866 1368 σάρκα
883 1281 942 1350 α’πό
962 1290 1017 1366 τῆς
1033 1283 1146 1368 μήτρας
1162 1290 1216 1366 τῆς
1230 1281 1330 1368 άγίας,
1348 1283 1394 1346 καί

260 1381 360 1465 ψυχήν
374 1381 430 1466 τήν
445 1381 636 1469 άνθρωπείαν
653 1383 806 1467 είληφότα,
827 1387 880 1450 καί
894 1393 983 1465 νοῦν,
1004 1386 1056 1450 καλ
1073 1394 1133 1450 πᾶν
1151 1388 1203 1451 ιεί
1215 1388 1244 1450 τί
1260 1387 1335 1450 ἐστιν
1349 1381 1393 1447 άν-

260 1491 387 1568 θρωπος
406 1487 496 1571 χωρλς
510 1483 653 1570 άμαρτίας
674 1489 716 1563 τίς
737 1484 843 1552 ἐαυτδν
862 1493 898 1575 τῇ
916 1487 1023 1552 ἐαυτοῦ
1045 1485 1166 1570 θεότητι
1188 1483 1394 1560 συνενώσαντα,

260 1588 468 1670 γεγεννημένον
483 1611 513 1651 τε
530 1589 562 1653 ἐν
577 1588 728 1671 Βηθλεέμ,
750 1589 965 1672 περιτμηθέντα
985 1590 1017 1654 ἐν
1036 1595 1076 1676 τῷ
1099 1593 1245 1676 σπηλαίῷ,
1267 1609 1395 1673 προςανα-

152 1713 202 1758 m-
216 1705 248 1749 σε.
261 1687 369 1769 χθέντα
383 1685 640 1774 ἐνἹεροσαλόμαις,
659 1691 900 1775 ἐναγκαλισθέντα
912 1685 972 1756 όπό
988 1695 1219 1772 τοῦΣυμεώνος,
1237 1686 1395 1770 άνθαμολο

260 1789 390 1874 γηθέντα
411 1786 471 1854 όπό
488 1787 597 1873 Ἀννης
615 1799 668 1874 τῆς
686 1798 739 1858 τοῦ
759 1791 899 1875 Φανουήλ
919 1793 1120 1875 προφήτιδας,
1143 1788 1339 1873 άπενεχθέντα
1358 1791 1396 1862 είς

262 1889 410 1972 Ναζαρὲτ,
432 1891 559 1958 ἐλθόντα
576 1901 617 1982 τῷ
638 1895 705 1976 ἐξής
726 1894 851 1980 ἐνιαυτῷ
873 1891 1007 1976 όφθήναι
1025 1891 1155 1959 ἐνώπιον
1175 1897 1281 1975 κυρίου
1298 1894 1339 1967 είς
1351 1887 1394 1953 Ἱε-

261 1989 428 2074 ραυσαλήμ,
448 1991 607 2078 γενόμενόν
621 2021 652 2060 τε
670 1998 702 2060 ἐν
720 1996 852 2078 Βηθλεέμ
872 1992 922 2059 διά
937 1992 993 2077 τήν
1008 1996 1175 2079 συγγένειαν
1192 1991 1253 2061 όπό
1273 1999 1327 2076 τῆς
1346 2017 1394 2074 μη-

260 2090 330 2175 τρός
345 2093 572 2177 βασταζόμενον,
594 2089 686 2173 αὖθις
702 2095 789 2163 πάλιν
809 2099 851 2172 τίς
868 2096 1000 2179 Ναζαρὲτ
1022 2093 1233 2178 ἀπενεχθέντα,
1255 2096 1307 2158 καί
1326 2089 1396 2158 κατά

260 2195 400 2278 δευτέραν
422 2201 559 2282 περίοδον
582 2200 717 2263 ἐνιαυτοῦ
740 2201 783 2273 εἰς
805 2196 841 2263 τά
864 2194 1046 2281 Ἱεροσόλυμα
1071 2199 1120 2263 καί
1144 2196 1279 2278 Βηθλεέμ
1306 2197 1397 2276 ἐληλυ-

260 2292 355 2374 θότα,
377 2297 591 2380 βασταζόμενον
610 2297 749 2376 ώςαότως
769 2297 829 2367 άπό
851 2307 905 2381 τῆς
922 2301 999 2373 ίδίας
1019 2297 1142 2383 μητρός,
1165 2299 1196 2362 ἐν
1215 2295 1349 2377 Βηθλεέμ
1368 2294 1397 2357 δὲ

262 2397 294 2462 ἐν
316 2400 395 2486 οίιιίη
411 2399 592 2466 κατελθόντα
609 2399 666 2467 σόν
680 2409 717 2491 τῇ
733 2403 793 2490 ἐδίρι
813 2403 902 2486 μητρί
917 2402 967 2465 καί
982 2398 1090 2482 Ἰωσήφ
1111 2401 1226 2484 γέροντι
1247 2395 1326 2476 ὄντι,
1347 2393 1397 2460 σόν

262 2505 299 2588 τῇ
309 2505 416 2587 Μαρία
430 2501 462 2566 δὲ
477 2498 549 2580 όντι,
566 2499 684 2568 κόκεῖσε
696 2509 736 2592 τῷ
752 2505 877 2592 δευτέρρα
892 2505 947 2567 ἐτει
961 2498 1054 2567 αότοῦ
1070 2499 1230 2586 γεννήσεως
1243 2521 1396 2564 κατοπτευ-

261 2601 354 2665 θέντα
374 2598 434 2668 όπό
456 2608 516 2667 τών
530 2603 648 2690 Μάγων
669 2611 911 2689 πραςκυνηθήναι
933 2608 1015 2688 δῷρα
1036 2601 1179 2685 λαβόντα,
1201 2601 1251 2664 καί
1272 2602 1306 2665 ἐν
1327 2595 1397 2685 αότή

261 2709 298 2790 τῇ
315 2703 398 2768 νυκτί
420 2701 470 2768 δυ’
493 2703 614 2790 άγγέλου
635 2713 677 2795 τῷ
698 2704 805 2788 Ἰωσήφ
829 2708 1056 2789 χρηματίσαντος
1074 2705 1115 2779 είς
1131 2705 1287 2788 Αἴγυπτον
1310 2725 1396 2785 παρα-

261 2807 429 2885 ληφθέντα,
450 2803 502 2871 άπ’
516 2810 632 2874 ἐκεῖθεν
647 2833 678 2872 τε
698 2806 787 2873 πόλιν
802 2806 852 2872 διά
871 2804 926 2872 δόα
946 2809 1020 2871 ἐτών
1036 2801 1288 2886 ἐπανεληλυθότα,
1309 2809 1396 2866 τελευ-

260 2902 401 2988 τήσαντας
421 2914 475 2972 τοῦ
495 2905 645 2993 Ἡρώδου,
666 2906 820 2992 Ἀρχελάου
840 2933 870 2974 τε
891 2908 1107 2990 διαδεξαμένου.

127 3019 194 3089 Κερ.
212 3021 244 3094 β’,
350 3014 398 3096 Τῷ
422 3007 476 3094 γάρ
499 3017 661 3098 τριακοστῷ
684 3015 770 3099 τρίτῳ
794 3013 849 3075 ἐτει
871 3007 1020 3094 Ἡρώδου,
1042 3011 1261 3093 τεσσαρακοστῷ
1282 3003 1315 3068 δέ
1337 3007 1397 3067 δευ-

259 3107 334 3196 τέρῳ
349 3107 525 3195 Αόγοόσταυ
539 3113 680 3193 βασιλέως
694 3119 829 3198 γεννᾶται
843 3108 861 3176 ό
875 3109 971 3194 σωτήρ
986 3113 1019 3176 ἐν
1033 3109 1167 3190 Βηθλεέμ
1182 3114 1236 3189 τῆς
1248 3103 1397 3178 Ἰουδαίας.

262 3206 382 3274 Κότιισι
406 3213 438 3276 δέ
462 3214 504 3288 είς
525 3215 678 3298 Αίγυιττον
702 3219 743 3302 τῷ
766 3219 927 3300 τριακοστῷ
952 3215 1009 3278 ἐτει
1032 3212 1084 3276 καλ
1108 3211 1231 3295 πέμπτῳ
1254 3203 1397 3290 Ἡρώδου,

260 3307 353 3376 άνεισι
376 3311 408 3377 δέ
430 3310 490 3379 άπό
512 3321 565 3396 τῆς
584 3313 739 3400 Αίγόπτον
762 3313 833 3397 μετά
854 3321 907 3396 τῆς
928 3309 1062 3394 Ἡρώδου
1085 3307 1227 3392 τελευτήν.
1272 3305 1329 3373 Διό
1353 3305 1399 3371 ἐπί

260 3409 416 3496 τριάκοντα
437 3415 488 3480 καλ
511 3414 584 3480 ἐπτά
607 3419 681 3482 ἐτεσι
702 3423 754 3499 τῆς
777 3413 869 3498 αότής
888 3420 942 3480 τοῦ
959 3410 1092 3496 Ἡρώδου
1113 3407 1203 3497 α’ργής
1227 3401 1265 3492 ήν
1289 3405 1309 3474 ό
1332 3415 1399 3481 παῖς

259 3511 407 3599 τεσσάρων
423 3517 510 3595 ἐτοῖν,
531 3515 580 3582 ότε
595 3514 727 3601 Ἡρώδης
741 3511 968 3602 τριακονταεπτά
984 3517 1034 3596 ἐτη
1051 3511 1209 3597 πληρώσας
1223 3513 1398 3594 κατέστρεψε

260 3611 313 3678 τόν
328 3619 402 3697 βίον.
443 3614 593 3700 Ἀρχέλαος
610 3620 642 3684 δέ
658 3620 742 3685 ἐννέα
757 3621 807 3700 ἐτη
822 3614 977 3699 βασιλεόει,
998 3608 1037 3680 οό
1052 3617 1084 3681 ἐν
1099 3612 1173 3702 άρχῇ
1189 3619 1243 3694 τῆς
1257 3613 1400 3694 βασιλείας

261 3713 346 3792 ἐέίῡίν
360 3713 467 3801 Ἰωσήφ
485 3716 535 3784 α’τά
551 3718 705 3806 Αίγότττου
719 3719 782 3802 ἅμα
796 3725 833 3808 τῇ
847 3722 956 3806 Μαρίᾳ
971 3717 1022 3782 καί
1037 3723 1076 3804 τῷ
1090 3716 1184 3794 παιδί,
1206 3711 1339 3788 άκοάσας
1352 3707 1401 3776 τόν

260 3813 413 3900 Ἀρηέλααν
426 3819 598 3902 βασιλεύειν,
615 3818 795 3908 όνεχώρησεν
809 3823 850 3897 είς
863 3817 899 3885 τά
914 3820 986 3905 μέρη
999 3825 1052 3904 τῆς
1063 3817 1227 3894 Γαλιλαίας,
1243 3817 1296 3880 καλ
1308 3809 1401 3901 κακῷ·

260 3939 324 3982 κισε
339 3918 402 3985 τότε
417 3924 459 3997 τίς
474 3925 615 4008 Ναζαρέτ.
656 3920 808 4006 Ἀργέλαας
823 3922 856 3987 δέ
869 3927 957 4008 γεννῷ
973 3917 1025 3985 τόν
1036 3917 1168 4003 Ἡρώδην
1183 3913 1236 3981 τόν
1249 3913 1400 4001 νεώτερον,

260 4019 312 4084 καλ
328 4022 474 4103 βασιλεόει
490 4019 623 4109 Ἡρώδης
639 4030 681 4113 τῷ
696 4023 807 4111 ἐννάτρτ
830 4025 887 4088 ἐτει
902 4029 956 4104 τῆς
974 4029 1028 4086 τοῦ
1050 4016 1162 4104 πατρός
1171 4014 1332 4101 Ἀρχελάου
1349 4017 1401 4097 βα-

262 4125 369 4197 σιλείας
388 4122 462 4190 κατά
484 4124 638 4209 διαδοχήν,
660 4126 712 4190 καί
731 4127 832 4210 γέγονε
850 4131 890 4213 τῷ
910 4121 989 4212 αὐτῷ
1009 4125 1143 4204 δεκατρία
1161 4123 1209 4201 ἐτη
1233 4115 1402 4203 λογιζόμενοι

261 4229 298 4310 τῇ
316 4223 447 4314 ἐνσάρκῷ
465 4233 594 4311 Χριστοῦ
612 4233 769 4314 παρουσία.
809 4221 1065 4313 Ὀκτωκαιδεκάτῷ
1080 4223 1113 4287 δέ
1128 4223 1185 4287 ἐτει
1197 4217 1333 4305 Ἡρώδου
1349 4221 1403 4282 τοῦ

262 4324 469 4406 ἐπικληθέντος
484 4325 664 4415 Ἀγρίππου,
686 4325 751 4393 τότε
768 4325 874 4411 ἤρξατο
896 4323 913 4392 ό
929 4323 1041 4409 Ἰησοῦς
1057 4331 1110 4389 τοῦ
1128 4321 1331 4407 κηρύγματος,
1352 4317 1403 4384 καί

261 4422 295 4490 τό
315 4423 466 4510 βάπτισμα
486 4428 520 4496 τό
541 4427 600 4496 άπό
615 4427 753 4494 Ἰωάννου
774 4427 840 4495 τότε
859 4426 1016 4510 λαμβάνει,
1036 4428 1088 4492 καί
1109 4422 1248 4509 κηρόσσει
1267 4417 1403 4488 ἐνιαυτόν

296 4561 355 4618 Cn.
373 4564 392 4614 1.
409 4589 443 4602 -
478 4568 500 4619 λ.
517 4560 533 4620 ό
548 4584 573 4622 τι
590 4566 698 4620 corruit
714 4569 802 4632 Ιοιτμλ.
819 4568 932 4630 θεολόγοι.
