3008 4996
285 307 345 366 241
709 318 829 370 ελοιοτι
847 319 1015 371 τνινωεωιι

285 434 394 499 τόπασι
412 431 481 519 παρ’
496 431 596 510 αότοῐς
612 439 760 519 παρθενία
774 460 804 500 τε
823 437 874 502 καὶ
893 434 1057 522 ἐγκράτεια,
1081 433 1121 512 εἷς
1136 437 1186 501 καί
1202 435 1283 520 παρό
1298 443 1361 512 ταῖς
1376 433 1416 500 όλ-

285 543 350 612 λαις
363 531 480 618 όμοίαις
494 534 587 626 ταότη
602 537 736 623 αἱρέσεσι.
771 538 852 602 Hor}
864 536 920 622 γδρ
934 543 1099 623 παρθενίαν
1112 536 1313 620 ἕσεμνόνοντο,
1334 540 1417 619 δῆθεν

286 635 337 702 διό
358 635 411 702 τόν
427 634 574 719 Ἰάκωβον
597 636 649 702 τόν
673 635 802 720 όδελφδν
824 646 878 704 τοῦ
894 643 1017 724 κυρίου,
1038 641 1088 704 καὶ
1111 637 1146 704 τό
1164 637 1262 703 αῦττῦν
1281 638 1417 724 συγγρόμ-

288 765 363 822 ματα
378 741 586 825 πρεσβυτέροις
600 741 650 804 καλ
665 742 828 824 παρθένοις
842 739 1001 826 γρόφουσι.
1033 744 1138 826 Γέγονε
1153 742 1184 806 δέ
1198 739 1218 824 ἡ
1233 739 1305 825 όρχή
1320 740 1417 806 τοῦτον

286 839 357 926 μετὰ
373 839 425 923 τὴν
444 847 502 906 τοῖν
514 837 726 924 Ἱεροσολύμων
742 840 857 906 ἅλωσιν.
899 839 1018 925 Ἐπειδὴ
1042 841 1096 929 γόρ
1119 840 1225 920 πάντες
1249 846 1279 907 οἷ
1296 845 1339 918 είς
1356 850 1418 926 Χρι-

286 940 356 1008 στόν
379 941 599 1019 πεπιστευκότες
623 941 679 1025 τήν
707 948 838 1027 Περαίαν
862 939 924 1008 κατ’
948 945 1041 1010 έκεῖνο
1069 952 1173 1030 καιροῦ
1197 942 1367 1033 κατῴκησαν
1389 941 1417 1006 ιδ

285 1046 390 1122 πλέον,
419 1046 450 1109 έν
473 1045 570 1132 Πέλλη
595 1047 652 1108 τινί
678 1043 761 1110 πόλει
784 1047 949 1134 καλουμένῃ
975 1053 1029 1127 τῆς
1052 1044 1240 1122 Δεκαπόλεως
1259 1052 1313 1126 τῆς
1333 1049 1364 1111 έν
1383 1051 1417 1130 τῷ

285 1144 438 1233 εὐαγγελίῳ
460 1147 672 1231 γεγραμμένης,
694 1150 817 1228 πλησίον
836 1153 888 1229 τῆς
906 1151 1073 1223 Βαταναίας
1092 1149 1144 1212 καλ
1162 1150 1350 1222 Βασανίτιδος
1369 1145 1415 1229 χό·

285 1275 355 1332 ρας,
377 1245 410 1312 τό
427 1253 587 1329 τηνικαῦτα
608 1249 671 1312 ἐκεῖ
690 1246 944 1330 μεταναστάντων,
966 1250 1018 1313 καλ
1036 1251 1127 1315 έκεῖσε
1145 1245 1353 1331 διατριβόντων
1373 1245 1417 1312 αό-

283 1357 357 1430 τῦν,
380 1351 497 1435 γέγονεν
517 1351 550 1412 έιι
570 1346 678 1413 τοῦτον
693 1347 843 1433 πρόφασις
862 1356 902 1438 τῷ
919 1347 1043 1432 Ἐβίωνι.
1087 1353 1146 1415 Καί
1164 1350 1278 1435 ἄρχεται
1299 1349 1351 1432 μέν
1370 1348 1417 1429 τόν

283 1456 453 1532 κατοίκησιν
478 1452 552 1533 ἔχειν
576 1453 606 1516 έν
625 1449 758 1538 Κωκόβη
783 1452 839 1515 τινί
864 1450 949 1541 κόμη
975 1453 1024 1516 έπλ
1047 1450 1083 1516 τό
1107 1455 1178 1536 μέρη
1202 1459 1255 1533 τῆς
1276 1453 1416 1537 Καρναῒμ,

284 1552 386 1636 Ἀρνέμ
402 1554 452 1616 καλ
464 1548 633 1636 Ἄσταρόθ,
656 1553 737 1641 ίντῇ
753 1555 924 1616 Βασανίτιδι
938 1549 1032 1640 χόρρι,
1056 1549 1096 1629 τίς
1110 1551 1132 1636 ἦ
1147 1557 1273 1619 ἐλθοῦσα
1289 1556 1331 1629 είς
1346 1550 1417 1634 ἡμᾶς

284 1663 391 1742 γνῦσις
406 1655 538 1737 περιέχει.
571 1650 682 1718 Ἔνθεν
700 1651 816 1736 ἄρχεται
835 1659 889 1735 τῆς
908 1661 1003 1736 κακῆς
1021 1653 1111 1720 αῦτοῦ
1129 1659 1329 1734 διδασκαλίας,
1350 1653 1417 1720 ὅθεν

284 1761 380 1839 δῆθεν
400 1757 451 1819 καί
473 1758 505 1820 οἱ
522 1755 693 1840 Ναζαρηνοῦ
712 1758 743 1820 οἱ
763 1753 870 1837 όνομοι
888 1755 1130 1838 προδεδήλωνται.
1171 1758 1348 1834 Συυαφθελς
1367 1755 1416 1840 γδρ

284 1851 372 1933 οὗτος
392 1859 528 1934 ἐκείνοις,
550 1859 600 1921 καί
622 1860 727 1922 ἐκεῖνον
748 1855 858 1945 τούτῳ,
880 1855 1014 1938 έκότερος
1034 1855 1094 1922 όπό
1112 1865 1163 1939 τῆς
1185 1859 1294 1934 ἑαυτοῦ
1310 1867 1415 1939 μοχθη·

284 1965 350 2044 ρίας
365 1965 405 2047 τῷ
422 1959 509 2046 ἓιέρςο
524 1960 676 2040 μετέδωκε.
711 1960 772 2022 Καὶ
787 1959 976 2039 διαφέρονται
991 1958 1043 2039 μέν
1058 1961 1153 2044 ἕτερος
1168 1957 1243 2044 πρός
1260 1957 1312 2023 τόν
1325 1961 1417 2043 ἓτερον

282 2059 357 2128 κατό
373 2087 410 2138 τι,
432 2061 464 2124 έν
478 2059 511 2124 δέ
526 2065 562 2148 τῇ
576 2063 719 2146 κακονοίᾳ
735 2055 875 2142 όλλήλονς
891 2056 1085 2140 όπεμόξαντο.
1119 2059 1194 2142 Ἤδη
1211 2061 1245 2124 δέ
1260 2085 1308 2141 μοι
1324 2061 1374 2124 καλ
1389 2061 1418 2122 έν

283 2162 380 2238 ἄλλοις
395 2160 494 2244 λόγοις
509 2162 560 2225 καλ
575 2158 649 2226 κατῦ
664 2158 716 2235 τός
734 2157 822 2237 ἄλλας
836 2163 960 2246 αίρέστις
978 2163 1111 2247 περὶτῆς
1125 2165 1302 2237 τοποθεσίας
1318 2158 1417 2226 Κατιό-

284 2269 348 2348 βων
367 2265 419 2328 καὶ
439 2268 492 2343 τῆς
510 2258 648 2346 Ἀραβίας
667 2261 717 2328 διδ
739 2260 868 2337 πλόκους
888 2265 1008 2348 είρηται.

150 2387 218 2454 Κεφ,
234 2381 267 2452 γ’.
368 2366 428 2448 Καὶ
440 2363 474 2429 τό
491 2363 544 2446 μέν
557 2369 672 2446 πρῶτον
692 2355 800 2438 ιοὗτος
813 2361 832 2429 δ
846 2361 959 2444 Ἐβίων,
978 2361 1019 2439 σός
1034 2365 1120 2446 ἔφην,
1141 2363 1268 2450 Χριστδν
1285 2367 1318 2431 έκ
1333 2365 1414 2447 σπέρ-

284 2493 376 2552 ματος
392 2462 510 2549 όνδρδς,
528 2467 658 2530 τουτέστι
674 2472 728 2530 τοῦ
741 2461 859 2547 Ἷωσηφ,
883 2461 1007 2549 οδρίζετο.
1043 2463 1092 2530 Ἐκ
1107 2464 1214 2549 χρόνου
1228 2468 1261 2531 δέ
1276 2492 1354 2542 τινος
1369 2466 1414 2530 καί

284 2573 372 2653 δεῦρο
391 2571 422 2633 οδ
441 2563 533 2631 αῦτοῦ
553 2561 593 2642 ῦς
610 2569 652 2643 είς
675 2564 837 2632 όσόστατον
857 2569 909 2632 καί
931 2563 1081 2650 ἀμήχανον
1097 2570 1255 2653 τρέψαντες
1274 2565 1325 2633 τόν
1345 2569 1416 2632 ἶδιον

165 2701 216 2746 pag.
230 2678 360 2736 τεκνοῦν
379 2667 459 2734 ῦλλοι
479 2665 571 2744 ῦλλως
592 2663 660 2752 παρ’
678 2665 778 2744 αῦτοῖς
802 2669 895 2752 ’περὶ
916 2675 1048 2753 Χριστοῦ
1068 2671 1243 2754 διηγοῦνται.
1291 2670 1369 2751 Τόηα
1388 2667 1417 2732 δέ

283 2767 440 2856 οίμαι“όπό
458 2776 512 2835 τοῦ
529 2776 724 2852 συναφθῆναι
741 2767 842 2846 αῦτοῖς
856 2766 989 2846 Ἠλξαῖον
1010 2767 1061 2836 τόν
1082 2772 1347 2856 ψευδοπροφήτην,
1370 2768 1417 2834 τόν

284 2871 365 2959 παρδ
386 2881 448 2948 τοῖς
467 2878 667 2952 8Σαμψηνοῖς
688 2873 739 2936 καί
758 2867 910 2952 Ὀσσηνολς
932 2873 983 2936 καί
1006 2868 1197 2947 Ἐλκεσσαίοις
1219 2874 1416 2955 καλουμένοις,

286 2973 327 3052 οἷς
351 2977 461 3049 έκεῖνος
482 2976 647 3054 φαντασίαν
667 2969 733 3037 τινῦ
753 2973 820 3056 περί
838 2977 968 3058 Χριστοῦ
990 2976 1144 3058 διηγεῖται,
1172 2973 1221 3038 καί
1246 2975 1313 3058 περί
1334 2975 1417 3037 πνεύ-

284 3101 375 3162 ματος
391 3073 486 3161 όγίου.
534 3073 617 3149 Τινές
638 3071 693 3159 γδρ
713 3076 743 3152 έξ
762 3071 861 3139 αῦτῦν
883 3075 934 3138 καλ
950 3071 1043 3156 Ἀδόμ
1065 3071 1115 3138 τόν
1133 3072 1260 3156 Χριστόν
1283 3072 1356 3139 εἶναι
1374 3073 1415 3137 λέ·

283 3199 384 3265 γουσι,
406 3173 458 3241 τόν
472 3181 590 3258 πρῶτον
604 3177 770 3240 πλασθέντα
785 3199 815 3239 τε
831 3176 882 3239 καλ
897 3175 1106 3258 έμφνσηθέντα
1118 3173 1177 3240 όπδ
1199 3183 1252 3260 τῆς
1272 3183 1326 3240 τοῦ
1345 3179 1418 3240 θεοῦ

283 3283 445 3354 ἐπιπνοίας.
479 3275 581 3342 Ἀλλυι
597 3278 629 3342 δέ
647 3279 679 3342 έν
693 3273 795 3353 αῦτοῑς
808 3279 942 3361 λέγουσιν
959 3274 1075 3342 ἄνωθεν
1093 3276 1145 3357 μέν
1160 3275 1246 3360 ὄντα,
1269 3275 1326 3362 πρό
1348 3273 1416 3341 πόν-

284 3408 344 3448 των
364 3381 396 3445 δέ
415 3381 571 3444 κτισθέντα
591 3385 706 3461 πνεῦμα
721 3375 808 3458 ὄντα,
829 3379 879 3442 καί
900 3374 973 3462 ῦπέρ
995 3375 1130 3464 α’γγέλους
1148 3377 1234 3458 ὄντα,
1256 3377 1371 3444 πόντων
1388 3399 1418 3439 τε

286 3484 476 3567 κυριεόοντα,
496 3483 548 3546 καί
568 3478 696 3564 Χριστόν
711 3481 857 3567 λέγεσθαι,
879 3477 931 3544 τόν
945 3481 1036 3544 έκεῖσε
1051 3483 1082 3545 δὲ
1097 3482 1188 3544 αίῦνα
1202 3485 1415 3564 κεκληρῶσθαι·

284 3588 421 3670 ἔρχεσθαι
436 3583 469 3647 δέ
486 3584 618 3649 ένταῦθα
634 3581 682 3646 δ’τε
696 3581 843 3664 βοόλεται,
866 3577 908 3656 οἷς
923 3582 974 3645 καλ
990 3583 1022 3646 έν
1038 3588 1078 3669 τῷ
1092 3578 1182 3662 Ἀδῦμ
1203 3572 1278 3663 ἦλθε
1293 3583 1345 3647 καί
1360 3585 1417 3650 τοῖς

285 3683 477 3768 πατρτόρχαις
492 3686 626 3765 ἐφαίνετο
642 3682 818 3766 ἐνδυόμενος
836 3681 870 3747 τό
891 3688 983 3764 σῶμα.
1029 3681 1111 3768 Πρός
1124 3680 1256 3766 Ἀβραιίμ
1274 3707 1304 3747 τε
1325 3676 1417 3748 ἐλθόν

284 3789 336 3854 καλ
348 3783 450 3851 Ἰσαδκ
462 3787 515 3851 καὶ
525 3781 635 3866 Ἰακοδβ
650 3781 668 3849 ό
683 3782 772 3860 αῦτδς
786 3780 829 3848 ἐπ’
845 3784 971 3866 έσγότων
985 3789 1044 3848 τῦν
1057 3780 1172 3868 ἡμεροῦν
1186 3777 1270 3866 ἦλθε,
1286 3785 1339 3849 καλ
1349 3777 1416 3846 αῦτδ

284 3888 318 3954 τό
333 3893 417 3971 σῦμα
433 3893 488 3952 τοῦ
501 3883 595 3968 ’Λδιίμ
610 3883 775 3962 ένεδόσατο,
796 3886 848 3950 καὶ
864 3883 957 3966 όφθη
974 3882 1148 3970 ἄνθρωπος,
1168 3888 1222 3950 καί
1236 3885 1416 3971 έσταυρεόθη,

284 3991 336 4056 καλ
348 3987 462 4071 όνέστη,
478 3988 530 4053 καλ
545 3985 680 4070 αὐῆλθεν.
713 3985 809 4051 Πόλιν
823 3987 855 4051 δέ
871 3985 919 4051 δ’τε
933 3984 1089 4068 βούλονται
1102 3987 1242 4071 λέγουσιν,
1259 3983 1334 4070 οῦχλ,
1351 3977 1419 4049 όλλδ

321 4195 380 4247 (λιν.
395 4195 437 4245 m.
454 4221 487 4234 -
524 4193 545 4244 l.
561 4195 691 4244 Ρνοποοιαι
707 4183 778 4251 οὗτος
793 4195 838 4242 ad·
870 4197 896 4244 λιι
911 4195 948 4244 ιιλ.
966 4207 1002 4255 pr.
1018 4195 1101 4256 λιρλλιιν
1114 4185 1248 4259 όμψηνσῖς.
1280 4189 1418 4243 λλλνδτιελί·

236 4273 240 4286 ·
285 4265 329 4314 λτολ
345 4277 374 4312 ιτ
390 4265 441 4312 cod.
457 4264 531 4312 Υολλο.
870 4263 981 4310 tuendum
1000 4265 1049 4310 ιὀυι
1071 4262 1128 4310 vidi!
1146 4262 1287 4323 Carnarius,
1311 4261 1350 4322 φιτ·
1364 4269 1418 4306 ωτι·

319 4329 343 4382 2
360 4329 417 4394 περὶ
433 4331 578 4379 διιλδπολιιτ
591 4331 616 4378 λιι
632 4329 685 4379 ιδλλ.
700 4331 839 4392 Ριλονλοηο,
871 4331 952 4378 vertit:
968 4327 1084 4378 Fortasse
1101 4337 1182 4377 autem
1196 4326 1267 4378 abeo
1282 4323 1346 4394 quod
1356 4336 1418 4372 con-

284 4403 342 4448 τιτλε
356 4398 475 4457 mpsim
871 4395 967 4444 iunctus
989 4395 1037 4444 suit
1059 4395 1117 4461 ipsis
1143 4394 1242 4444 δίτοεοι
1262 4390 1418 4462 pseudopro-

318 4465 342 4516 3.
361 4465 400 4516 Sic
413 4466 465 4516 σοδ.
484 4466 556 4514 ratic.
590 4465 616 4514 λιι
638 4465 689 4514 ασελ.
705 4463 801 4527 λλλεδλς.
818 4469 839 4513 τι
871 4462 961 4530 ρλιελε,
984 4461 1050 4530 apud
1067 4465 1213 4530 θεωρεεαοε
1229 4470 1254 4512 ει
1269 4464 1370 4512 Oneum
1386 4469 1418 4503 ae
