3010 5000
409 317 807 370 ranunrrnrmoruur.
825 315 992 370 nunnae.
1211 306 1271 370 54³

125 437 365 517 concitabantur,
399 457 433 504 ac
456 459 513 502 non
536 437 602 502 iden
625 435 700 521 qnod
723 435 835 502 Abalus
859 437 914 500 deo
937 447 1017 502 essct
1038 437 1202 522 acceptior,
1232 438 1273 502 nti

124 561 197 606 sese
218 561 267 606 res
289 537 393 620 habet,
425 541 477 605 sed
500 560 577 604 novo
596 539 719 624 quodam
739 538 890 604 mendacio
907 539 1062 604 ueritatem
1079 539 1271 604 dissimulant.

124 643 240 708 Ambos
255 643 331 708 enim
345 643 426 708 aiunt
440 642 552 709 sororis
567 662 667 706 amoro
682 642 833 724 flagrasse.
880 639 950 706 ldco
963 638 1086 706 Cainnm
1102 641 1133 706 in
1147 641 1272 706 Abelnm

124 743 303 810 concitatum
322 746 415 832 ipsum
431 744 628 810 interemisse.
672 742 750 808 Nono
770 756 921 828 utrumqne
939 743 1045 808 diaboli
1064 765 1080 808 c
1099 745 1189 828 stirpe
1208 765 1273 828 pro·

124 859 257 912 creatum
281 858 312 912 ιιι
333 849 476 928 diximus,
508 849 661 914 affirmant.
705 844 771 910 Nec
793 847 899 910 desunt
919 845 977 910 illis
997 846 1162 910 testimonia
1180 845 1273 912 sacris

123 971 142 1014 ε
159 949 252 1016 literis
266 951 446 1036 deprompta,
466 949 568 1035 quihus
582 952 617 1014 nd
635 949 795 1014 illudendos
811 947 943 1012 homines
957 947 1124 1013 abutuntur.
1166 943 1273 1014 Cuius·

123 1053 202 1116 modi
223 1053 300 1117 istud
324 1063 369 1118 est
388 1054 417 1116 iu
441 1051 498 1118 alia
520 1073 537 1116 a
560 1073 606 1117 me
625 1052 739 1116 haeresi
759 1062 1032 1130 commemoratum,
1064 1052 1139 1134 quod
1159 1048 1273 1114 ludaeis

124 1155 257 1219 salvator
275 1155 365 1220 dixit:
391 1161 445 1218 Vos
462 1179 499 1218 en
512 1159 621 1218 Sutorio
636 1159 720 1216 eald:
744 1164 790 1231 et,
815 1157 930 1232 Quando
948 1157 1072 1235 quuitur
1087 1157 1268 1228 mendacrum,
1281 1165 1357 1214 ιιιιιιι.
1364 1169 1384 1226 ε,
1392 1171 1423 1216 aa.

123 1279 164 1320 ecc
175 1261 301 1338 proponis
317 1262 457 1340 loquatur,
487 1261 617 1339 quonaone
634 1267 664 1320 el
672 1269 757 1338 puter
772 1261 833 1318 acto
847 1260 967 1318 menduc
983 1268 1034 1318 cot.
1082 1253 1120 1320 Ut
1136 1255 1270 1320 nimirum

123 1359 270 1424 diabolum
292 1379 359 1425 osse
379 1357 503 1426 Caicum
525 1360 666 1438 efficiant,
697 1381 737 1422 ex
758 1379 795 1422 co
818 1360 892 1443 quod
914 1359 1040 1437 dixerit,
1070 1362 1215 1422 Homicida
1230 1371 1273 1420 est

122 1464 161 1526 cd
178 1467 275 1538 eicr'te'o,
308 1472 395 1546 atquc
413 1474 523 1548 patrem
542 1461 606 1526 eius
623 1445 691 1526 esse
710 1461 853 1526 diabolum
873 1460 1045 1539 ostendant,
1079 1460 1183 1524 diaboli
1200 1481 1271 1524 vero

122 1575 236 1648 patrem
251 1565 418 1630 mendacem
436 1565 514 1630 illum
532 1563 706 1650 principem,
729 1583 814 1648 quem
829 1563 859 1626 in
873 1573 958 1648 coput
970 1583 1055 1626 snum
1071 1562 1271 1648 blaspbeman-

123 1678 170 1732 tca
186 1669 278 1754 ipsum
295 1688 362 1732 ease
379 1664 508 1732 Sabaoth
523 1665 703 1731 stolidissimi
720 1666 851 1730 homines
866 1676 985 1750 putant,
1009 1667 1084 1748 quod
1102 1685 1207 1730 nomen
1224 1663 1269 1726 dci

122 1771 273 1834 cuiusdam
290 1769 436 1855 proprium
453 1788 520 1834 esse
536 1769 650 1834 volunt.
696 1765 742 1832 lle
760 1775 817 1852 qua
832 1789 866 1831 rc
879 1768 910 1831 in
927 1767 1126 1852 superioribus
1142 1768 1269 1832 baeresi-

122 1872 180 1938 bns
193 1872 307 1938 abunde
321 1872 549 1958 disputavimus;
573 1872 620 1936 ubi
635 1881 664 1934 ει
679 1867 808 1936 Sabaoth
824 1870 1003 1953 aliorumque
1019 1869 1165 1934 nominum
1180 1870 1270 1934 iuter-

123 1975 317 2058 pretotiouem
335 1975 500 2054 attulimus,
525 1975 605 2039 velut
622 1977 675 2036 ΕΗ
691 1983 721 2037 ει
737 1977 818 2047 Eloi,
852 1975 959 2046 Israel,
991 1976 1130 2047 Sodcdue',
1162 1975 1268 2046 Editor,

122 2079 263 2151 llcbdoai,
289 2081 338 2152 Io,
361 2081 490 2152 Adonai,
515 2079 591 2140 Iube.
637 2073 720 2159 Quas
739 2076 854 2160 quidem
873 2094 962 2138 voces
985 2074 1011 2137 si
1030 2084 1110 2138 rcctc
1128 2074 1271 2160 interpre-

122 2188 237 2257 temur,
268 2179 366 2244 varim
383 2182 417 2246 ad
437 2179 656 2264 praedicandam
674 2177 719 2240 dei
737 2177 861 2261 gloriam
879 2177 1086 2261 appellationes
1103 2196 1187 2254 esse,
1212 2197 1270 2239 non

123 2281 182 2365 ipsi
198 2281 338 2346 divinitati
358 2281 566 2366 significandae
580 2279 714 2365 imposita
733 2279 849 2344 nomina
866 2279 1028 2344 docuimus.
1074 2279 1121 2342 Ac
1137 2299 1191 2342 nos
1207 2278 1270 2342 illas

122 2382 230 2447 iterum
255 2383 397 2448 hocloco
422 2394 598 2470 repetemus.
643 2379 700 2446 Est
722 2381 809 2465 igitur
831 2379 1041 2458 dorotheus,
1075 2383 1166 2442 Elauia
1189 2377 1270 2444 Deus

123 2504 259 2569 semper,
287 2489 339 2548 Ele·
358 2483 439 2550 Deus
460 2505 559 2564 mens,
589 2487 698 2548 Snddnr'
716 2483 877 2562 sufficiens,
906 2485 1034 2546 doddoni
1048 2479 1210 2562 Dominus,
1237 2487 1270 2546 Io

122 2583 286 2668 Dominus,
308 2592 425 2652 Adonai
440 2585 500 2671 Qui
517 2597 563 2651 cst
580 2586 730 2664 dominns,
754 2587 821 2648 Iole
841 2583 899 2669 Qui
916 2595 981 2650 erat
998 2595 1028 2649 ct
1045 2594 1092 2648 εει
1108 2594 1138 2649 ει
1155 2605 1271 2670 semper

122 2689 243 2769 existit,
267 2689 504 2774 quemadmodum
519 2685 619 2774 Moysi
635 2689 696 2773 ipse
712 2686 857 2752 declarate
883 2692 940 2766 Qui
951 2700 993 2750 eat
1008 2693 1086 2750 mabit
1098 2710 1141 2749 rac
1153 2691 1192 2750 nd
1206 2709 1264 2762 cos,
1282 2705 1376 2762 araus,
1389 2707 1421 2749 ra.

121 2793 200 2854 debeo
214 2796 252 2854 cd
262 2794 344 2866 ctas,
365 2795 461 2856 Ellr‘on
477 2790 659 2856 Altissimnm
674 2801 771 2870 sonat,
790 2791 914 2854 Sabaoth
928 2789 1132 2854 Exercitnnm.
1170 2786 1269 2872 Quare

121 2897 258 2955 domebus
275 2895 399 2956 Sabaoth
420 2895 495 2958 idem
520 2903 565 2958 εει
583 2913 616 2956 ac
634 2889 777 2956 llorniuus
794 2893 987 2956 exercituum.
1033 2889 1117 2975 Quae
1136 2912 1197 2956 vox
1213 2896 1270 2954 llo

121 2999 215 3057 mrbus
240 2995 306 3059 addi
332 3006 471 3080 perpctno
497 2996 573 3060 solet
599 2994 770 3079 ubicumque
796 2992 925 3058 Sabaoth
952 3013 1057 3057 nomen
1083 2993 1267 3077 exprimitur.

123 3095 196 3162 Non
217 3097 293 3162 eninr
316 3098 378 3163 sola
398 3094 526 3162 Sabaoth
549 3097 636 3162 dictio
656 3097 787 3182 ponitur,
818 3107 903 3180 puta,
935 3093 1020 3160 Dixit
1037 3094 1107 3158 mihi
1126 3093 1267 3174 Sabaoth,

121 3211 191 3277 aut,
226 3196 359 3264 Locutus
382 3213 428 3264 εει
452 3197 599 3278 Sabaoth,
631 3199 682 3263 sed
708 3199 804 3262 statim
830 3198 1013 3282 adiungitur,
1048 3194 1190 3262 Dominus
1213 3194 1269 3262 Sa·

121 3301 223 3366 booth.
268 3299 313 3366 lta
331 3301 407 3367 euim
426 3301 572 3366 Hebraico
589 3303 746 3386 scriptum,
768 3304 886 3364 Adoreo
899 3302 1041 3374 Sabaoth,
1067 3299 1120 3364 boc
1142 3311 1189 3364 est
1209 3298 1268 3364 llo-

120 3403 218 3468 minus
241 3397 382 3468 Sabaoth.

207 3501 266 3576 Sed
286 3527 360 3590 quae
378 3507 526 3592 praeclare
544 3505 663 3572 omnino
682 3507 859 3586 dictasunt,
892 3507 963 3571 hoec
979 3505 1015 3570 ah
1032 3505 1088 3569 illis
1105 3516 1135 3568 et
1153 3505 1267 3569 illorum
1285 3514 1318 3565 ι
1297 3531 1345 3582 μ
1360 3516 1402 3567 vl.

120 3605 264 3672 similibus
281 3609 389 3672 frustra
409 3630 477 3694 prae
494 3609 581 3674 animi
600 3609 741 3672 caecitate
758 3631 810 3695 per
825 3607 995 3673 calumniam
1013 3629 1047 3671 ac
1064 3607 1201 3670 malitium
1216 3607 1267 3670 de·

120 3719 291 3793 precantur.
336 3707 453 3774 Etenim
475 3711 605 3776 salvator
627 3721 727 3775 noster
748 3711 777 3775 iu
799 3733 835 3776 eo
857 3731 942 3796 quem
965 3712 1000 3772 ad
1021 3706 1145 3774 ludaeos
1168 3709 1268 3774 hahuit

119 3829 257 3876 sermone
273 3831 452 3897 nequaquam
472 3814 506 3877 de
525 3813 638 3878 diabolo
658 3813 772 3878 locutus
790 3825 853 3892 est,
885 3825 916 3876 ut
932 3833 1017 3879 nenro
1033 3833 1091 3877 nou
1108 3822 1208 3896 operte
1223 3809 1267 3873 vi·

119 3912 169 3976 det
185 3934 233 3996 qur
227 3912 404 3979 'inhaerere
418 3915 535 3980 veritati
550 3916 681 3994 studeat,
715 3917 767 3980 sed
785 3926 902 4000 propter
918 3911 1016 3978 ludam
1034 3915 1061 3977 id
1079 3913 1115 3977 ab
1131 3934 1166 3977 co
1183 3933 1267 3978 usur·

119 4023 217 4099 patum
240 4026 297 4079 est.
340 4015 411 4082 Nou
429 4018 504 4082 eninr
522 4017 662 4083 Abraami
681 4017 730 4080 dlii
747 4029 830 4082 crant
853 4015 900 4100 qni
923 4038 955 4082 so
974 4027 1127 4102 autequam
1149 4035 1265 4080 caruem

118 4116 255 4182 indueret
270 4118 324 4182 sub
337 4095 386 4184 illa
402 4117 536 4186 Mambre
551 4140 661 4205 quercu
676 4119 744 4182 olim
760 4130 936 4204 exceperat,
960 4119 1011 4183 scd
1027 4118 1163 4204 perfidiae
1177 4115 1267 4181 ludas

119 4218 214 4297 dlios,
237 4221 450 4302 utiudicam,
481 4222 746 4288 suaseseutentia
763 4221 1000 4300 declaraverunt,
1032 4220 1266 4306 quemdominus

117 4361 168 4408 rant
218 4353 334 4440 despumat.
706 4363 836 4422 porentia
820 4361 1014 4422 ardidprlnc,
1039 4361 1150 4410 Petuntur
1170 4371 1227 4408 ecc
1215 4359 1265 4407 c.od

152 4426 178 4477 S.
233 4419 261 4478 ati
280 4423 331 4508 pco'o
315 4441 353 4479 occ
368 4429 477 4512 puroet
483 4429 602 4478 rumam
711 4429 784 4478 Votis
801 4429 894 4478 odient.

151 4491 177 4544 9.
197 4497 272 4544 Veron
291 4488 367 4546 Οὕτω
389 4489 477 4580 pdpnl
497 4490 603 4564 Εβραῖς
623 4491 674 4561 pd-
741 4495 792 4544 Car
793 4496 901 4546 ..-Vt
867 4491 1031 4562 -.1μαι-ην
1044 4497 1266 4547 Petncitesteosea·

118 4575 190 4614 om·
206 4557 317 4616 'dccccl
331 4559 462 4632 Σιβωθ,
478 4577 673 4626 maroccanos
707 4565 780 4618 uua.
813 4565 977 4616 umanum
994 4559 1105 4630 pere
1075 4580 1131 4632 την.
