3006 4990
287 203 422 257 PANARll
440 205 516 256 nnv.
535 203 702 256 dunenses
719 204 949 256 L1e.1.Tont.1.
1154 195 1193 259 97

58 334 280 388 commemorant.
326 320 484 388 Caeterum
509 323 595 388 homo
616 322 666 388 ille
687 323 817 387 moribus
838 323 968 407 perditus
990 334 1076 410 stqne
1099 326 1191 412 impo-

57 437 108 488 stor
124 427 183 490 luit.
227 423 306 488 Nam
325 447 389 490 eum
408 445 570 510 genereus
588 422 810 489 sectaludaeus
830 436 926 506 esset,
958 427 994 490 ad
1012 427 1086 511 legis
1106 449 1189 513 prae-

56 529 177 614 scriptum
200 527 318 591 miuime
339 528 425 591 vitum
451 547 531 590 suam
558 526 804 605 accommodavit,
840 528 892 590 sed
920 528 977 592 ulia
1000 529 1098 593 omnia
1123 531 1188 594 loco

56 629 104 693 eius
118 630 257 706 obtrusit,
281 651 315 694 eo
331 639 495 692 sectatores
511 649 580 692 suos
596 627 626 692 io
644 637 843 692 transversum
857 629 990 695 abduxit.
1035 629 1117 696 luter
1132 633 1186 696 alia

55 735 196 816 persalem
217 741 395 806 demerem,
426 750 549 815 panem,
580 728 710 805 coelum,
741 729 878 807 aethera,
909 743 1086 818 ventumque
1107 737 1187 800 velut

54 835 152 898 numius
175 833 310 896 deierare
331 831 428 896 iussit.
473 827 620 902 Interdum
640 827 699 894 Vll
723 830 796 894 alios
815 841 912 894 testes
935 833 1046 898 defluit.
1089 835 1187 900 Nimi-

53 957 101 997 mm
115 935 245 1014 coelum,
269 955 390 1018 aquam,
415 943 445 996 et
460 931 598 1017 spiritns,
621 942 739 996 sanctos
758 932 898 996 orationis
916 934 1055 1018 angelos,
1075 939 1183 1018 oleum,

52 1037 137 1114 salem,
161 1047 191 1099 et
206 1047 328 1099 terram.
356 1033 517 1098 Praetereo
531 1031 726 1116 virginitatem
741 1034 813 1113 odit,
830 1035 1039 1099 continentiam
1054 1038 1182 1121 damnat,

52 1150 74 1200 et
87 1140 117 1200 ad
136 1137 278 1201 ineundas
296 1137 412 1222 nuptias
427 1133 584 1221 compellit.
628 1131 703 1198 Tum
723 1156 795 1199 vero
812 1146 975 1201 commenta
992 1141 1132 1222 quaedam
1150 1163 1185 1206 ae

52 1241 144 1302 somnia
163 1252 301 1323 tanquam
318 1237 520 1323 Apoealypses
539 1236 601 1300 sais
618 1236 745 1321 reliquit.
791 1234 875 1320 Quos
891 1238 980 1302 etium
998 1239 1184 1306 simulatores

51 1361 103 1404 esse
123 1343 238 1418 docuit,
269 1361 334 1403 cum
358 1340 446 1402 ullum
465 1349 586 1422 negaret
603 1359 670 1402 esse
689 1339 817 1417 crimen,
847 1339 873 1404 si
890 1341 955 1424 quis
972 1344 1183 1425 persecutionis

51 1451 163 1526 tempore
179 1443 254 1506 idola
273 1452 447 1518 veneretur,
478 1441 631 1504 dummodo
646 1440 764 1503 minime
781 1442 808 1503 id
828 1441 980 1505 exanimo
997 1443 1101 1523 iaciat,
1133 1457 1183 1510 aut

51 1543 144 1628 siquid
168 1565 220 1607 ure
244 1553 329 1606 tenus
352 1563 410 1606 ocu
430 1541 501 1606 item
522 1540 620 1606 auimo
642 1541 821 1628 profiteatur.

114 1747 243 1811 Adiecit
260 1757 290 1809 et
307 1745 392 1809 huius
411 1745 456 1809 rei
472 1755 576 1808 testem
594 1755 745 1809 veterator
762 1742 904 1810 Phineem
920 1747 1064 1831 quendum
1081 1771 1180 1815 sacer·
1199 1764 1258 1836 cap.
1279 1775 1308 1824 tt.

48 1847 128 1912 dotem
143 1871 159 1912 e
175 1847 312 1912 Levitico
326 1867 449 1928 genere,
471 1847 506 1910 de
522 1845 650 1910 Aesonis
667 1867 702 1909 ac
717 1847 828 1910 veteris
844 1847 920 1912 illius
934 1845 1062 1914 Phinees
1077 1852 1179 1938 stirpe,

49 1951 85 2030 qui
107 1959 245 2034 regnante
270 1947 362 2012 Dario
385 1949 414 2012 in
437 1946 605 2034 captivitate
628 1945 808 2033 Babylonica
830 1945 916 2036 Susis
940 1951 1060 2014 adorata
1086 1949 1182 2019 Diana

48 2053 189 2133 perieulum
207 2049 312 2135 capitis
327 2050 437 2134 effugit.
483 2045 527 2112 lta
545 2049 609 2112 eius
626 2049 722 2112 omnia
740 2051 813 2114 lalsa
828 2059 897 2116 suut
911 2071 946 2114 ac
960 2051 1082 2117 ridicula
1101 2077 1180 2118 oom-

48 2166 140 2217 nenta.
179 2151 237 2216 llic
254 2152 343 2236 igitur
355 2152 422 2215 olim
439 2170 472 2214 se
489 2151 524 2214 ad
543 2147 725 2216 Ossonorum
741 2149 885 2216 haeresim
900 2152 1045 2219 adiunxit.
1087 2151 1179 2221 Culus

47 2252 117 2318 hodie
138 2255 166 2318 in
184 2253 358 2318 Nabathaea
379 2265 407 2318 et
425 2249 538 2318 Peraea
552 2250 693 2316 Moabitis
714 2252 810 2316 vicina
832 2253 954 2338 regione
971 2256 1112 2342 reliquiae
1130 2279 1179 2322 su·

46 2367 166 2438 pessunt,
190 2367 220 2419 et
235 2353 443 2439 Sempseorum
460 2355 547 2440 vulgo
565 2354 645 2417 natio
661 2355 732 2418 haec
747 2354 893 2419 hominum
908 2355 1025 2421 dicitur.
1069 2357 1099 2422 Α
1116 2361 1179 2443 qui-

45 2455 88 2520 bus
99 2457 181 2520 etium
197 2456 376 2540 perabsurde
391 2457 460 2520 illud
475 2455 672 2540 excogitatum
687 2465 744 2533 est,
762 2466 795 2519 ut
810 2456 845 2519 ab
858 2459 973 2521 occulta
986 2458 1015 2523 vi
1028 2461 1178 2542 cognomi·

44 2570 130 2622 natum
147 2557 310 2623 istiusmodi
326 2557 498 2622 nebulonem
517 2558 678 2642 lingerent,
707 2568 862 2643 propterea
879 2558 954 2641 quod
970 2557 1014 2623 lel
1030 2557 1177 2626 llebraice

43 2661 107 2740 eim,
131 2657 189 2724 itai
205 2661 371 2724 abstrusum
388 2659 543 2744 significet.
588 2655 648 2724 Sed
665 2657 750 2722 lruius
762 2657 888 2722 instituti
901 2659 1017 2726 vanitas
1035 2681 1176 2744 arrogan-

42 2761 127 2846 tirqne
143 2763 277 2826 convicta
293 2761 408 2847 penitus
425 2769 487 2838 est,
517 2771 546 2823 et
561 2760 598 2824 ab
614 2759 651 2824 iis
666 2757 753 2823 irrisa
769 2780 945 2844 magnopere
963 2761 1010 2844 qui
1027 2762 1062 2825 ad
1078 2766 1175 2827 oonsi-

41 2863 185 2930 derandam
205 2864 486 2945 discernendumque
509 2861 661 2926 veritatem
690 2859 786 2944 aliquo
812 2861 920 2926 iudicio
941 2863 1063 2948 praediti
1092 2878 1172 2930 sunt.

40 2967 128 3052 Atque
149 2989 189 3032 ex
209 2966 281 3050 ipsis
298 2963 438 3049 imprimis
456 2959 621 3027 Constantii
637 2972 722 3046 atque
738 2963 952 3047 insequentium
968 2963 1173 3049 imperatorum

40 3068 207 3154 temporibus
221 3068 258 3130 ad
274 3066 348 3129 hauc
364 3065 439 3128 diem
455 3064 683 3128 efficacissimum
700 3064 735 3126 ed
749 3064 815 3128 illos
829 3066 1004 3129 refellendos
1020 3087 1175 3150 argumen-

39 3177 90 3233 tum
111 3167 213 3234 eonlioi
237 3177 344 3252 potest.
387 3165 467 3231 Nam
486 3166 520 3229 ad
539 3185 629 3248 usque
649 3161 853 3229 Constantium
872 3167 1076 3251 imperatorem
1093 3165 1175 3232 lllar-

39 3269 95 3336 tltus
111 3272 210 3336 neseio
229 3290 304 3352 quae
319 3290 355 3332 ao
369 3265 525 3332 Marthama
542 3286 662 3332 sorores
679 3266 714 3328 de
732 3263 819 3330 Elxai
836 3265 925 3350 stirpe
943 3269 973 3330 in
992 3267 1106 3332 illorum
1126 3293 1174 3335 re·

36 3371 114 3454 gioue
130 3374 278 3438 omninum
294 3371 387 3434 instar
402 3369 438 3432 ob
458 3389 522 3431 eam
537 3365 659 3450 originis
674 3366 841 3450 dignitatem
857 3367 969 3432 habitae
986 3381 1066 3435 suut.
1112 3371 1174 3436 llu-

35 3493 90 3538 mm
107 3474 242 3540 Martius
257 3495 315 3536 uon
330 3472 370 3534 ita
385 3471 494 3556 pridem
508 3465 640 3532 excessit
655 3487 672 3530 e
687 3466 765 3546 vita,
788 3465 944 3531 Marthama
963 3468 992 3533 in
1009 3470 1082 3536 hanc
1097 3474 1173 3539 diem

35 3589 176 3660 superstes
198 3585 256 3640 est.
301 3571 460 3656 Utriusque
481 3591 554 3634 vero
570 3569 617 3632 vel
636 3579 722 3654 sputa
743 3567 804 3652 ipsa
827 3579 1017 3655 caeterasque
1040 3576 1172 3658 corporis

33 3679 129 3742 sordes
146 3678 223 3743 illius
244 3686 355 3741 tractus
372 3671 509 3737 haeretici
525 3671 715 3734 circumferre
734 3669 868 3734 solebant
885 3671 921 3733 ad
941 3671 1107 3738 morborum
1126 3696 1173 3738 re-

30 3779 130 3843 media.
176 3777 261 3864 Quae
279 3789 376 3842 tumen
395 3775 478 3839 irritu
494 3783 578 3838 erant
599 3772 706 3836 omniu.
753 3767 813 3834 Sed
831 3781 876 3834 est
890 3770 1103 3838 haeretieorum
1122 3796 1174 3860 ge·

28 3927 94 3996 cim
110 3922 171 3982 '112
187 3927 236 4026 spir
248 3923 306 3995 παρ’
320 3926 450 3999 Ἑβραίοις
464 3965 485 3981 ··
495 3965 516 3980 ··
614 3923 752 4044 mffltd
762 3925 846 3974 tm
855 3919 1174 3991 messianum&

27 3999 214 4080 monebu-‘⁴

55 4069 78 4116 ά
96 4061 200 4124 aldone
216 4067 262 4116 ios.
276 4065 387 4126 seuiiper.
649 4055 674 4110 4.
691 4061 782 4122 itepone
797 4058 1001 4121 Kuoormslooo,
1022 4065 1044 4109 et
1058 4062 1096 4111 tte
1112 4065 1158 4110 et·
1149 4077 1176 4112 m

54 4130 77 4183 4.
96 4129 320 4195 cluniancensem
336 4131 463 4208 Μάσκα.
465 4129 583 4178 remotus.
614 4129 689 4176 uerbis
703 4131 862 4191 sequentum,
879 4143 908 4178 e:
923 4096 1061 4178 acetoiitote
1074 4130 1176 4193 iiiedoe,

55 4201 113 4249 t'se.
135 4194 522 4264 ΙΙ.-1.ναυατίτιδιγῇ,τῇ
538 4192 582 4246 καὶ
614 4197 681 4245 euius
696 4197 767 4244 ambo
783 4209 856 4257 supro
873 4197 998 4257 adscripsi.

25 4267 111 4336 mm
127 4269 187 4316 ertit
200 4269 274 4328 princ.
648 4262 671 4311 5.
690 4261 801 4312 Merthus
818 4277 900 4312 nomen
915 4265 1021 4313 mulieris
1037 4265 1103 4326 oport
1118 4265 1177 4328 Epi·

52 4281 351 4398 Ὶ.ά’ἲφοκιΣαμψαῑων.
376 4333 419 4382 los.
429 4331 582 4394 Scultqeruo·
613 4331 728 4392 piundum
743 4335 782 4378 est.
818 4331 854 4390 Gi.
870 4331 935 4380 noer.
951 4329 999 4391 53,
1019 4331 1040 4381 l.
1075 4331 1176 4382 Martho

24 4401 78 4451 teas
92 4398 298 4467 Σεμψαῑων.-
267 4401 341 4448 -V.
356 4401 420 4460 infru
433 4400 498 4449 tom.
507 4396 549 4458 33,
559 4397 582 4447 i.
614 4401 710 4447 vocetur
726 4397 792 4458 opud
808 4399 868 4448 otios
884 4401 1014 4460 scriptores.

68 4485 162 4541 cerpus
177 4478 311 4524 messal.
325 4478 355 4524 ll.
955 4487 973 4546 7
