2984 4996
239 225 301 290 652
657 235 780 290 εινσσῐ
795 235 964 290 mama

324 354 350 438 η’
372 357 422 420 καλ
443 351 478 431 ις’
495 351 579 437 Σχάλ.
611 351 668 436 Mt}
689 360 748 420 τῶν
768 357 849 437 βοῶν
871 355 947 438 μέλει
966 359 1008 444 τρῖ
1027 362 1105 444 θεῷς

321 455 349 539 η’
363 458 413 522 καλ
429 456 465 532 ις’
473 454 584 541 Ἕλεγχ.
607 453 687 538 Ἤδη
702 453 1002 542 διαπεπραγμάτευται
1018 459 1067 522 καλ
1084 453 1134 522 διά
1149 452 1277 531 πλάτους
1292 453 1392 540 ἡρμη-

240 585 336 624 νευται
358 562 388 624 ἰν
409 567 450 648 τῷ
467 556 525 645 πρδ
543 554 635 624 αάτσῦ
653 561 740 648 ῥητῷ.
784 559 841 626 Διδ
860 557 995 644 περισσάν
1011 556 1189 644 ἡγησάμενος
1206 549 1306 634 αὖθις
1323 559 1391 640 πιρλ

239 658 332 726 αάτοῦ
352 662 442 746 λέγειν
463 659 613 746 ἤρκέσθην
634 669 696 736 τοῖς
718 663 946 747 προειρημένοις.

321 761 352 827 θ’
367 764 418 828 καλ
434 761 468 840 ιζ
481 760 567 845 Σχόλ.
602 759 647 826 Οά
661 763 741 828 θέλω
756 762 812 849 γάρ
829 761 907 845 άμάς
922 760 1048 848 άγνοεῖν,
1070 760 1203 842 άδελφολ,
1225 759 1275 828 ὅτι
1290 764 1328 826 σι’
1337 789 1391 826 πα-

238 867 317 950 τέρες
341 861 470 948 Νάμῶν
491 861 550 928 άπδ
572 862 626 946 τὴν
646 865 770 947 νεφέλην
791 859 882 948 ἦσαν,
911 868 961 930 καί
976 863 1082 941 πάντες
1098 863 1148 929 διά
1164 869 1216 946 τῆς
1231 861 1393 946 θαλάσσης

238 971 379 1050 διῆλθον,
400 968 451 1031 καὶ
466 965 572 1042 πάντες
587 964 619 1030 τδ
637 963 708 1032 αάτό
726 965 924 1050 πνευματικόν
939 969 1051 1052 ἔφαγον
1066 971 1184 1054 βρῶμα,
1205 967 1254 1030 καλ
1274 963 1392 1041 πάντες

238 1067 270 1134 ιδ
290 1066 362 1135 αάτδ
382 1065 577 1150 πνευματικδν
599 1069 683 1134 έπιον
704 1067 793 1152 πόμα.
828 1067 953 1134 Ἔπινον
973 1065 1029 1155 γάρ
1052 1071 1084 1134 έκ
1100 1070 1300 1150 πνευματικῆς
1318 1065 1392 1132 άκο-

237 1170 406 1256 λουθοάσης
424 1172 546 1256 πέτρας,
569 1167 635 1253 ἠδέ
651 1171 742 1254 πέτρα
759 1163 797 1254 ἦν
813 1168 832 1237 δ
849 1170 991 1256 Χριστδς,
1013 1168 1072 1236 ἄλλ’
1089 1169 1145 1237 σάοι
1161 1172 1191 1236 έν
1207 1177 1269 1245 τοῖς
1288 1173 1389 1235 πλείο-

238 1295 284 1338 σιν
300 1269 398 1338 αάτῶν
413 1269 568 1356 ηάδάκησε.
616 1279 713 1337 Ταῦτα
733 1273 764 1338 δέ
779 1271 866 1340 τάποι
884 1270 1013 1353 ’θάμσῖν
1031 1272 1228 1359 ἐγενήθησαν,
1259 1270 1392 1356 ’Υιτράς

238 1373 271 1441 τά
288 1374 329 1458 μὴ
347 1371 421 1440 εἰναι
436 1370 515 1456 ἡμᾶς
528 1372 715 1456 ἐπιθυμητὰς
731 1382 848 1454 κακῶν,
870 1374 974 1452 καθοδς
989 1377 1039 1440 καί
1055 1378 1159 1442 ἐκεῖνοι
1175 1371 1390 1456 ἐπεθύμησαν·

238 1477 312 1558 μηδέ
327 1473 529 1562 εἰδωλολάτραι
545 1480 678 1562 γίνεσθε,
700 1476 806 1553 καθάς
821 1503 896 1554 τινες
912 1475 1025 1557 αὐτῶν,
1050 1475 1198 1553 ’Βκαθάς
1212 1477 1389 1560 γέγραπται,

235 1575 393 1644 Ἐκάθισεν
408 1575 426 1642 δ
438 1576 508 1654 λαδς
522 1587 630 1664 φαγεῖν
643 1581 693 1642 καλ
708 1587 795 1658 πιεῖν,
817 1583 867 1646 καλ
881 1578 1040 1663 άνέστησαν
1053 1583 1175 1657 παίζειν·
1197 1579 1269 1661 μηδέ
1285 1579 1390 1643 έκπει·

237 1678 366 1764 ράζωμεν
388 1678 438 1746 ιδν
458 1678 600 1766 Χριστδν,
625 1679 750 1747 Νὸπου
766 1682 854 1766 λέγει,
888 1689 985 1748 Ταῦτα
1007 1681 1038 1746 δέ
1059 1688 1189 1757 τυπικαῖς
1209 1679 1390 1762 συνέβαινεν

237 1784 374 1862 έκείνσις,
396 1779 509 1868 έγράφη
532 1783 564 1846 δέ
585 1779 670 1865 ἡμῖν,
692 1784 743 1848 καί
764 1783 800 1846 τά
822 1785 896 1867 ἑξῆς.

280 1911 286 1922 ·
319 1883 351 1949 θ’
365 1887 415 1949 καλ
432 1882 464 1962 εξ
474 1881 583 1970 Ἕλεγγ.
610 1876 651 1948 Ὦ
668 1888 774 1968 πολλῆς
792 1889 1073 1972 80φρενοβλαβείας.
1110 1890 1161 1962 Τίς
1175 1887 1248 1968 έχων
1263 1881 1389 1962 δφθαλ-

236 1985 312 2070 μσάς
326 1984 409 2070 ἦλίσυ
426 1984 627 2062 άνατέλλοντος
641 1986 746 2053 ἓαυτδν
759 1985 819 2053 άπδ
834 1995 888 2054 τοῦ
902 1988 1002 2069 φωιδς
1014 1985 1167 2070 πλανησεις
1199 1989 1242 2050 Εἰ
1254 1984 1311 2072 γάρ
1327 2013 1387 2052 πα-

236 2092 322 2176 τέρας
337 2091 443 2154 έαυτοῢ
463 2086 534 2165 τούς
548 2088 611 2154 τότε
625 2090 698 2174 λέγει
713 2087 732 2155 o‘
747 2088 831 2176 άγισς
845 2087 1022 2169 άπόστολος,
1054 2091 1105 2155 καί
1118 2086 1177 2154 άπδ
1194 2089 1317 2170 νεφέλης
1332 2090 1388 2154 καλ

237 2190 287 2257 διά
305 2190 456 2274 θαλάσσης
474 2192 691 2272 διεληλυθέναι,
722 2195 773 2258 καλ
789 2191 985 2276 πνευματικὸν
999 2197 1104 2278 βρῶμα
1123 2193 1173 2256 καλ
1191 2189 1274 2273 πόμα
1294 2187 1387 2268 εἰναι,

236 2295 418 2378 βεβρωκέναι
440 2293 472 2358 δέ
492 2294 543 2358 καί
564 2295 730 2360 πεπωκέναι
751 2297 783 2362 έκ
805 2303 1003 2378 πνευματικῆς
1019 2291 1245 2376 άκσλουθοάσης
1261 2293 1386 2376 πέτρας,

239 2395 366 2482 Χριστὸν
386 2395 418 2460 δὲ
436 2391 509 2460 εἰναι
526 2393 579 2477 τήν
596 2397 704 2482 πέτραν
723 2396 846 2479 φάσκει,
876 2403 920 2473 εἰς
937 2396 1128 2480 πεισθήσεται
1144 2399 1331 2482 Μαρκίωνος
1348 2403 1388 2484 τῇ

235 2495 377 2586 άπονοίςι,
408 2504 462 2562 τοῦ
477 2501 657 2574 σκστίζοντος
674 2500 780 2565 ἑαυτοῦ
796 2497 847 2566 τδν
863 2505 934 2565 νοῦν
950 2501 1001 2567 καί
1017 2503 1075 2564 τῶν
1092 2497 1261 2568 άκσνόντων
1277 2494 1386 2576 αὐτοῦ,

235 2597 385 2685 άλλότριον
401 2598 524 2681 φάσκειν
540 2597 592 2664 τδν
611 2600 739 2684 Χριστδν
755 2609 815 2666 τάν
832 2604 863 2667 έν
879 2600 961 2690 νδμφ
979 2602 1158 2686 γενομένων,
1187 2597 1387 2685 ὁμολογουμέ-

235 2729 297 2768 νων
316 2701 450 2788 δὲπαρά
472 2707 524 2766 τοῦ
545 2699 711 2769 άπσστόλου
727 2705 759 2768 έν
776 2701 915 2790 άληθεέρι,
945 2705 994 2768 καλ
1013 2701 1068 2768 οὐκ
1083 2706 1114 2768 έν
1132 2701 1267 2784 δοκήσας
1302 2706 1388 2768 ⁸¹31

115 2837 164 2882 ηις.
177 2827 222 2870 σεε.
236 2801 345 2885 φάσκει
358 2803 391 2868 δέ
405 2801 423 2870 ό
438 2803 521 2888 άγιος
534 2801 696 2880 άπόσιολος
708 2803 748 2888 μή
763 2807 795 2870 έν
810 2815 870 2882 τοῖς
884 2807 1026 2880 πλείσιοις
1041 2804 1092 2870 τάν
1110 2803 1239 2890 Χριστδν
1252 2803 1382 2888 ηάδσαη-

234 2907 331 2984 κέναι,
361 2903 479 2981 πάντως
499 2904 550 2970 διά
570 2903 745 2990 παράνομον
763 2911 869 2992 πρᾶξιν
886 2914 945 2974 τάν
964 2905 1069 2974 αάτῶν.
1114 2909 1156 2970 Εἰ
1172 2907 1205 2972 δέ
1221 2905 1278 2972 οάκ
1293 2905 1382 2989 ηάδό-

233 3027 322 3089 κησεν
337 3009 369 3073 έν
386 3016 448 3084 τοῖς
463 3005 537 3074 κατά
553 3005 604 3072 τάν
622 3007 712 3091 νόμον
728 3008 886 3096 παράνομα
902 3010 1124 3096 ἐργασαμένοις,
1154 3005 1212 3093 άρα
1226 3005 1387 3094 άγανσκτεῖ

233 3107 310 3192 πρδς
332 3108 402 3186 τοάς
422 3107 590 3187 τοιοάτσνς,
622 3107 663 3186 σάς
684 3108 774 3177 αὐτοῦ
792 3110 955 3187 δεδωκότος
974 3109 1025 3176 τδν
1044 3109 1150 3192 νόμον,
1179 3111 1231 3176 καλ
1251 3111 1381 3176 διδάσκει

233 3212 340 3276 ἑαυτοῦ
355 3209 407 3276 τδν
423 3209 513 3293 νόμον
528 3209 683 3298 ὑπάρχειν,
712 3221 806 3302 καιρῷ
827 3215 1011 3293 ’έδοθέντω
1041 3214 1089 3278 καὶ
1108 3215 1230 3286 δικαίως
1245 3214 1380 3298 ἐξυπηρε-

214 3314 361 3396 ·τηθέντα
376 3311 442 3398 άχρι
458 3321 510 3396 τῆς
524 3312 668 3400 ένσάριιον
684 3313 776 3381 αὐτοῦ
789 3320 959 3400 παρουσίας.
1006 3316 1127 3400 Πρέπον
1142 3312 1197 3399 γάρ
1211 3315 1291 3380 έστιν
1303 3318 1380 3380 οἰκο-

232 3413 360 3503 δεσπότη
375 3413 445 3480 καθ’
460 3417 581 3483 ἕκαστον
596 3416 701 3500 καιρδν
715 3413 865 3500 άρμοδίως
880 3417 1045 3484 ἐπιτάσσειν
1057 3425 1118 3492 τοῖς
1133 3418 1241 3482 έαντσῦ
1256 3419 1380 3492 οἰκέταις

232 3515 268 3581 τά
284 3519 442 3601 πρέποντα.
484 3516 593 3594 Εάθάς
605 3519 637 3582 δέ
651 3520 783 3602 έπιφέρει
796 3522 896 3606 λέγων,
923 3525 1022 3584 Ταῦτα
1037 3520 1069 3584 δέ
1082 3517 1171 3583 νάπαι
1184 3515 1273 3601 ἡμῶν
1285 3517 1379 3605 lym}-

231 3628 344 3701 θησαν,
374 3617 450 3705 πράς
471 3618 504 3684 εδ
527 3619 568 3702 μὴ
590 3617 665 3688 εἰναι
687 3618 763 3704 ἡμᾶς
780 3606 965 3705 έπιθνμητάς
982 3629 1097 3698 κακῶν,
1126 3619 1232 3696 καθάς
1247 3619 1377 3687 κάιεῖνοι

233 3723 437 3804 ἐπεθύμησαν·
467 3723 541 3804 μηδέ
563 3722 765 3808 εἰδωλολάτραι
780 3728 917 3809 γένεσθε,
948 3723 1054 3799 καθάς
1074 3747 1149 3799 τινες
1170 3719 1284 3790 σάτοῖν·
1315 3719 1376 3805 οάχλ

230 3821 305 3888 κατά
325 3823 444 3890 πάντων
466 3822 520 3906 τήν
540 3832 647 3907 ψῆφον
667 3824 789 3904 διεξιών.
834 3829 892 3891 Καὶ
911 3823 1005 3892 πόθεν
1021 3821 1104 3902 σίδας
1122 3831 1230 3904 ταῦτα,
1264 3817 1376 3892 άάπά-

192 3968 198 3981 ·
231 3932 326 4003 σιολε;
358 3923 523 4012 Ἐπιφέρει,
551 3925 603 4003 Ὡς
622 3929 796 4012 γέγραπται,
827 3927 938 4010 φήσας,
962 3927 1118 3994 Ἐκάθισεν
1141 3924 1158 3992 δ
1180 3923 1252 4003 λαδς
1275 3933 1376 4011 φαγεῖν

231 4029 281 4091 καλ
297 4035 390 4106 πιεῖν,
412 4030 462 4093 καλ
480 4027 641 4112 άνέστησαν
656 4034 775 4108 παέῑειν.
809 4027 887 4116 ’Ἆρα
902 4037 974 4116 γοῦν
992 4029 1107 4113 εἰληθεὶς
1122 4025 1271 4113 ἦγραφη,
1294 4031 1324 4106 έξ
1342 4019 1376 4109 ἧς

232 4131 283 4194 καλ
294 4127 347 4195 εδν
361 4132 475 4216 ἔλεγχον
490 4129 565 4196 κατά
581 4138 639 4196 τῶν
655 4129 776 4216 άνόμων
792 4129 811 4198 o‘
825 4129 984 4208 άπάστολος
998 4130 1145 4216 λαμβάνει.
1190 4127 1268 4196 Ehe
1281 4128 1374 4206 πάλιν,

263 4268 304 4318 25.
322 4271 402 4332 ευμτσ
418 4265 501 4354 η’μῶι.
856 4269 897 4324 ’ὶ9.
915 4274 996 4334 supra
1013 4267 1062 4330 ἕως
1078 4264 1147 4324 ὅπου.

176 4361 179 4367 ·
263 4333 304 4386 26.
322 4339 403 4399 snpra
417 4336 500 4402 ημῶν.
856 4339 897 4391 30.
911 4338 1095 4458 ἓρενοβλσβίας
1111 4341 1167 4390 εδδ.
1179 4341 1254 4402 φιιίιι.

263 4401 304 4454 Ἠ.
324 4407 396 4467 Vulgo
407 4401 443 4488 μη
455 4401 555 4470 πρδςτδ
568 4401 637 4459 εἶναι.
659 4409 695 4471 θλ.
704 4423 785 4472 συρτει.
853 4407 893 4460 31.
938 4404 1103 4471 immam
1119 4410 1201 4472 τερεεθ
1222 4421 1252 4457 ιτ
1265 4407 1370 4488 μεοοδνισ

264 4471 305 4524 28.
323 4472 403 4535 Supra
420 4489 463 4531 ως.
817 4478 924 4528 vocabuli
945 4473 1051 4543 δοκήσει
1066 4477 1172 4538 wahe,
1196 4487 1257 4538 σεισι
1273 4475 1372 4525 who!
