2994 5024
336 310 471 364 neuneu
490 311 553 364 cre.
566 311 585 362 1.
603 310 684 363 nour.
697 311 741 362 ru.
758 310 857 362 nune.
871 309 952 362 xuu.
1160 297 1222 361 609

70 427 198 494 Possum
221 439 251 492 et
269 429 420 496 innumera
444 431 499 496 alia
517 451 709 517 percensere,
744 452 808 494 cam
828 429 1000 514 praesertim
1017 449 1034 492 a
1053 425 1169 492 domino
1184 427 1223 492 sit

75 531 201 610 dictam,
223 536 261 596 Sa'
272 538 369 614 Mopsi
381 538 548 608 crederetis,
573 537 724 596 crederetui
730 535 859 616 forsitan
872 544 904 594 et
915 535 992 594 mibi.
1038 535 1373 608 [taurominitanum

69 636 123 696 itte
143 640 269 716 scripsit.

158 734 260 802 Sebol.
278 735 431 808 XXYllI.
462 735 591 818 Deerat,
615 743 768 819 Propterea
783 751 813 800 et
827 740 963 819 aoprenn'o
979 740 1028 798 der·
1040 739 1129 810 dieat,
1153 740 1223 799 Mr't-
1236 748 1374 806 euentu.

70 853 128 902 ton
144 844 182 902 od
198 843 263 902 t'llos
274 844 443 922 propbetas,
476 851 506 904 et
524 842 559 904 de
575 842 717 925 sauguine
736 837 900 904 Zachariae
917 849 947 904 et
962 838 1038 904 Abel
1055 850 1084 904 et
1100 839 1223 924 propbe-

71 953 187 1022 tarunt,
212 946 347 1022 (tuomum
368 947 530 1024 requiretur
550 965 568 1004 c
587 948 770 1024 generatione
790 946 853 1005 bue.

157 1042 428 1110 Retecxxvltt.
462 1043 623 1109 Enimvero
644 1067 785 1110 summam
808 1044 854 1109 bic
874 1043 943 1124 tibi,
974 1041 1108 1122 Marcio,
1140 1044 1222 1108 loeas

68 1146 261 1230 ignominiam
277 1147 382 1226 inurit,
407 1167 472 1210 cum
493 1148 625 1212 veritatis
642 1147 735 1211 adbuc
751 1149 865 1232 integra
881 1148 973 1210 lorma
991 1146 1093 1210 relicta
1109 1146 1165 1226 sit,
1189 1167 1223 1208 ac

69 1251 171 1314 furtim
193 1270 210 1312 a
233 1260 261 1312 te
279 1249 393 1314 sublata
410 1249 597 1334 mutilataque
615 1249 680 1314 loca
698 1249 780 1314 laoile
799 1249 999 1335 reperiamur,
1030 1269 1064 1312 nc
1082 1267 1156 1332 quae
1174 1248 1224 1310 de-

69 1362 158 1431 sunt,
181 1352 210 1416 in
227 1349 380 1436 Evangelii
398 1353 555 1416 secundum
571 1349 683 1416 Lucam
700 1352 914 1438 exemplaribus
928 1351 1062 1435 legantur
1076 1349 1222 1430 omnibus,

70 1465 104 1518 ιιι
127 1475 202 1539 quae
224 1454 275 1518 abs
298 1465 327 1516 te
349 1465 418 1518 suat
439 1455 603 1520 interversa
626 1456 796 1540 prodantur.

159 1553 261 1621 Scbol.
278 1554 403 1621 XXlX.
436 1561 506 1620 Dico
527 1569 618 1620 autern
641 1563 738 1620 orarer's
758 1563 841 1632 meu,
872 1559 968 1619 Nolite
990 1561 1086 1618 amere
1106 1579 1153 1620 eor
1174 1561 1361 1638 perceptae

69 1663 206 1722 occuitum
220 1682 338 1742 empna:
372 1663 465 1721 trinete
480 1683 545 1722 cero
563 1683 641 1735 eum,
672 1666 724 1742 pur'
733 1671 880 1742 postquem
899 1662 1034 1721 merilerr't
1048 1661 1132 1721 labet
1144 1670 1223 1739 pote-

68 1775 171 1824 statem
186 1766 316 1824 mittendi
326 1768 354 1824 iu
371 1766 518 1824 Grannum.
549 1760 616 1826 Nec
632 1762 756 1827 babebat
771 1762 857 1826 illutl:
877 1765 977 1824 Nonne
992 1767 1113 1844 paritque
1124 1783 1223 1842 parce·

69 1888 118 1926 ree
134 1878 254 1928 aeneum
268 1869 424 1948 daporrdrb,
449 1877 476 1926 ct
491 1887 563 1928 uuae
583 1887 619 1926 ee
637 1868 767 1927 illistron
788 1877 831 1926 est
849 1870 877 1926 r‘n
894 1866 1029 1927 obliuione
1046 1885 1141 1926 corum
1155 1868 1223 1925 dei?

158 2068 260 2134 fletur.
276 2067 400 2134 XXIX.
434 2068 517 2134 llaec
536 2071 598 2156 ipsa
615 2070 723 2134 verba:
755 2075 824 2132 Dico
840 2091 892 2150 ego
909 2074 1006 2132 anubab
1021 2074 1104 2142 oreb,
1128 2071 1225 2130 Nolite

71 2179 174 2236 tritum
188 2196 235 2234 eos
250 2179 302 2254 qui
313 2177 444 2236 orarunt
456 2195 574 2255 carpum·
607 2177 695 2236 trbrr'te
710 2195 775 2234 oero
790 2195 850 2234 eum
867 2177 918 2254 qui
927 2183 1074 2254 postquam
1090 2175 1226 2233 orarunt

71 2298 178 2357 eorpus
195 2276 278 2337 lubet
289 2286 454 2356 potestatem
470 2279 599 2338 metlenti
610 2281 730 2338 unimam
745 2281 774 2338 r'n
790 2281 943 2348 Grannum,
967 2273 1120 2359 parabolae
1138 2274 1223 2337 etiam

68 2378 186 2462 reliqua
204 2376 288 2440 lateri
306 2387 335 2440 te
349 2387 468 2462 cogunt.
514 2375 632 2442 Etenim
645 2379 709 2442 sinc
724 2376 771 2441 dei
786 2389 857 2441 nutu
873 2377 943 2441 nibil
959 2375 1076 2440 omnino
1091 2376 1223 2460 geritur,

70 2479 207 2566 quamvis
225 2479 300 2564 quod
319 2480 355 2543 tle
370 2479 538 2565 passeribus
552 2480 691 2566 scriptum
706 2491 753 2545 est
768 2479 897 2544 auferas.
943 2473 1035 2562 lgitur
1048 2478 1084 2541 dc
1098 2477 1134 2541 iis
1152 2497 1225 2562 quoe

68 2585 102 2646 in
121 2583 176 2646 bac
190 2580 337 2646 sententia
352 2581 486 2646 dicuutur
502 2582 647 2648 reddenda
664 2581 715 2644 tibi
730 2581 805 2645 ratic
820 2592 881 2660 est,
905 2605 924 2646 o
939 2580 1065 2646 Marcio.
1110 2579 1157 2644 Ac
1173 2601 1225 2644 ve-

70 2683 125 2748 lim
144 2683 213 2748 mihi
231 2684 409 2768 respondeas
431 2685 498 2768 quid
523 2685 557 2748 de
578 2703 614 2748 eo
630 2704 753 2748 censeas
773 2683 820 2769 qui
839 2695 1011 2769 potestatem
1029 2683 1138 2747 babere
1156 2681 1226 2746 dici-

73 2797 135 2850 tur.
179 2783 213 2850 Si
230 2785 308 2851 enim
328 2796 439 2872 patrem
458 2787 538 2851 illum
555 2783 666 2851 Christi
689 2807 756 2850 esse
776 2786 905 2865 dixeris,
936 2788 1116 2871 eundemque
1139 2805 1224 2870 quem

73 2900 105 2953 tn
124 2887 231 2952 bonnm
251 2908 318 2952 esse
336 2889 420 2952 deam
437 2890 602 2974 praedicas,
627 2889 682 2952 etsi
699 2889 774 2952 male
790 2899 820 2952 tu
837 2888 950 2972 quidem
966 2909 1103 2974 separas,
1128 2899 1224 2952 tamen

73 2990 211 3075 quoniam
229 3000 373 3075 potestate
388 2992 536 3077 praeditus
550 3002 606 3071 est,
630 2991 754 3056 iudicem
771 3012 837 3055 esec
852 2991 1011 3070 confiteris,
1035 2990 1083 3075 qui
1098 3011 1151 3075 prc
1165 3011 1225 3053 cre·

72 3092 141 3157 ritis
153 3092 216 3156 suis
231 3094 452 3178 unumquodque
467 3105 647 3180 compenset.
681 3093 743 3157 Aut
754 3093 779 3158 si
793 3094 880 3157 alium
896 3113 962 3156 esse
977 3093 1138 3178 quempiam
1153 3092 1227 3156 iudi·
1250 3179 1254 3184 Ι

73 3217 144 3274 cas,
176 3196 355 3259 conditorem
373 3195 503 3272 scilicet,
534 3217 618 3280 quem
635 3209 666 3259 tu
685 3196 799 3282 proprie
814 3195 937 3258 iarlieom
955 3195 1126 3274 constituis,
1152 3197 1225 3259 cedo

73 3299 141 3382 quie
164 3298 191 3360 ei
211 3307 384 3382 potestatem
406 3298 595 3362 commiserit.
641 3296 726 3361 blanc
747 3298 823 3361 enirn
847 3298 871 3361 si
892 3296 978 3360 babet
996 3297 1059 3383 ipsc
1077 3317 1130 3382 per
1144 3318 1223 3376 sese,

73 3420 199 3484 magnus
216 3399 315 3484 utique
330 3411 391 3480 est,
416 3423 451 3465 ac
468 3409 612 3484 potestate
627 3399 787 3486 praeditus.
834 3397 919 3481 Quod
937 3401 961 3463 si
977 3399 1122 3463 iudicandi
1136 3420 1226 3485 penes

74 3523 143 3564 eum
162 3502 284 3566 facultas
302 3513 366 3583 est,
399 3504 455 3567 erit
476 3513 506 3566 et
525 3503 674 3568 servandi.
720 3499 779 3585 Qui
799 3501 875 3565 enirn
893 3499 1121 3565 iurisdictionem
1139 3521 1226 3564 exer·

73 3624 145 3668 cere
160 3614 273 3688 potest,
297 3614 394 3688 potest
410 3615 439 3668 et
454 3604 620 3670 absolvere.
665 3601 837 3682 Praeterea,
862 3603 886 3666 si
901 3625 964 3667 cunr
978 3605 1068 3667 iudex
1082 3603 1110 3667 in
1127 3601 1225 3668 Gcen-

74 3727 145 3769 nam
160 3706 333 3792 praecipites
351 3705 478 3770 immittit
493 3707 623 3786 animas,
646 3707 740 3770 bonus
756 3705 804 3770 ille
820 3706 903 3783 deus,
928 3705 975 3790 qui
992 3717 1099 3770 tantam
1116 3705 1226 3769 anima-

73 3829 141 3871 rum
157 3827 255 3872 euram
269 3807 358 3894 gerit,
379 3829 437 3872 non
455 3829 504 3872 eas
518 3807 635 3888 liberat,
655 3808 755 3872 baberi
770 3808 863 3872 bonus
877 3807 924 3892 qui
941 3808 1066 3892 poterit?
1086 3818 1137 3872 aut
1149 3807 1225 3872 enim

73 3909 125 3974 ille
142 3908 246 3972 lectior
261 3921 322 3989 est,
347 3931 401 3975 uec
416 3931 456 3974 cx
472 3910 536 3974 eius
553 3910 686 3975 manibus
702 3920 879 3996 extorquere
895 3919 1001 3994 potest,
1026 3921 1076 3974 aut
1091 3921 1122 3974 ut
1139 3910 1227 3974 lacul-

74 4021 120 4074 tas
137 4020 283 4097 suppetat,
307 4012 391 4076 deest
408 4022 503 4075 mmcn
521 4011 662 4076 liberandi
679 4013 824 4078 voluntas.
870 4010 992 4076 Ubinam
1009 4011 1098 4096 igitur
1112 4011 1161 4075 illa
1175 4012 1227 4076 bo-

75 4113 155 4176 nitas
177 4115 242 4178 estl
285 4110 338 4177 Sin
359 4115 492 4200 quoniam
512 4114 587 4178 alter
605 4113 653 4178 illc
671 4114 815 4194 condidit,
849 4114 914 4178 ideo
934 4127 964 4178 et
981 4114 1126 4179 iudicandi
1145 4125 1227 4200 pote·

74 4224 139 4279 stas
157 4215 184 4278 ei
200 4213 349 4294 tribuitur,
373 4215 516 4301 quomodo
535 4237 689 4302 supremus
704 4217 769 4295 ille,
794 4238 878 4302 quem
895 4217 991 4300 bogis,
1015 4217 1087 4281 leus
1104 4218 1227 4281 nonnul·

73 4318 121 4382 los
142 4337 180 4382 cx
202 4316 297 4402 aliqua
317 4328 398 4402 parte
416 4319 541 4382 liberare
559 4319 685 4382 dicitur?
729 4315 802 4382 Sira
820 4319 897 4382 enim
912 4319 1007 4382 aliena
1024 4319 1141 4403 rapiens
1158 4341 1227 4384 con-

75 4429 195 4498 servat,
219 4419 354 4482 iniuriam
373 4421 528 4508 cupiditate
546 4441 597 4484 sua
616 4421 684 4484 lacit
700 4419 801 4499 alteri,
826 4421 888 4484 sive
906 4431 1058 4507 propterea
1076 4443 1166 4506 negas
1183 4421 1228 4485 io-

74 4523 181 4588 iuriam
200 4542 282 4601 esse,
307 4523 381 4606 quod
398 4523 434 4588 ad
447 4524 553 4588 bonum
569 4523 690 4588 alicuius
706 4545 740 4588 ac
755 4523 876 4588 salutern
892 4526 1011 4600 relerat,
1036 4543 1227 4609 personarum

129 4621 219 4680 corpus
233 4619 368 4668 mererere
382 4619 410 4665 u.
983 4630 1023 4692 39
