2986 4996
276 309 410 362 ΡΔΝΔΒΙΙ
425 309 503 362 ADV.
520 309 766 362 Hermastus.
783 311 802 360 Ι.
818 310 899 362 Toni.
919 311 937 360 Ι.
1140 303 1180 362 49

68 431 168 493 terarum
181 429 281 508 uodo,
308 430 360 494 sed
378 439 408 493 et
421 439 590 514 serpentum
607 449 642 494 ae
659 427 865 493 vilissimorum
880 428 1068 493 erimantium
1086 429 1186 492 eondi-

67 531 151 594 tiooen
164 531 235 595 iiiios
252 531 389 611 dimittis,
416 551 490 615 quae
507 541 659 610 naturam,
683 541 711 594 te
728 531 842 615 quidem
858 541 995 610 auctore,
1019 528 1186 594 hausturus

67 631 146 696 deoet
159 653 326 720 expressam
344 632 484 711 obtinuit,
509 643 605 718 potest
623 631 775 717 quiequam
797 654 832 696 ee
856 653 888 696 re
911 653 978 698 esse
999 632 1188 718 perversiori

130 735 166 798 dt
189 735 275 798 etiam
306 736 395 798 iatum
426 734 510 798 nobis
540 735 660 813 obiiois,
693 757 712 798 a
741 755 798 818 quo
824 734 921 797 orouia
950 735 1183 819 proficiscantur,
1205 753 1319 824 capnt.
1370 735 1372 742 ’

66 855 121 916 qnae
142 847 191 898 tam
213 835 323 899 nomini
351 857 435 919 qnam
461 837 586 900 caeteris
610 835 698 899 rebus
723 835 868 900 aooidunt.
913 833 1025 900 Verum
1053 858 1113 900 auo
1136 858 1187 901 eo-

66 955 107 1016 que
124 935 286 1001 brevissimo
309 937 386 1000 dioto
409 947 488 1000 tuum
511 937 579 1000 ittun
609 948 803 1000 commentum
829 949 1000 1001 evanescet.
1045 935 1078 1002 Si
1109 939 1186 1002 enim

65 1035 122 1100 istud
139 1039 242 1122 ipsum,
266 1037 426 1122 sapientem
450 1059 484 1102 ao
504 1039 673 1123 prudentem
695 1037 774 1117 deri,
798 1038 920 1102 rationis
941 1037 1111 1124 participem
1134 1058 1188 1102 ex·

66 1148 202 1222 puteoque
225 1139 324 1220 nasei,
349 1139 517 1225 reliquaque
534 1139 618 1203 huius
634 1139 753 1224 generis
775 1140 825 1203 tati
846 1142 1007 1204 necessitas
1026 1139 1123 1216 adest,
1147 1138 1188 1203 si·
1298 1145 1301 1152 '

64 1236 124 1300 icant
141 1241 253 1304 decreta
273 1241 371 1326 legum
393 1243 507 1321 omnia,
537 1241 641 1327 quippe
663 1263 729 1305 carn
751 1239 781 1304 io
804 1241 952 1304 adulteros
970 1241 1189 1325 sceleratosque

66 1350 172 1404 coeteros
194 1343 245 1404 tati
274 1343 321 1406 uis
347 1342 396 1407 itta
419 1344 595 1407 dominetur.
641 1341 722 1408 Saue
746 1341 861 1427 quidem
885 1341 990 1406 iustius
1019 1341 1055 1405 ub
1081 1342 1186 1421 stellis,

65 1461 120 1522 quae
136 1443 336 1508 necessitatem
354 1446 486 1529 pariunt,
516 1463 628 1529 poenae
647 1455 816 1529 repetantur
835 1465 920 1528 quam
940 1443 977 1506 ob
995 1463 1031 1506 eo
1049 1443 1097 1526 qui
1114 1445 1191 1526 qnod

67 1542 111 1623 apt
129 1547 240 1609 omnino
262 1555 382 1609 conotus
404 1545 584 1630 aggreditur.
628 1544 727 1629 Atque
745 1557 776 1609 ut
790 1546 818 1608 id
833 1547 888 1608 stin
904 1545 1018 1608 ratione
1034 1544 1189 1628 disputem,

65 1643 83 1702 si
101 1644 133 1706 its
148 1647 185 1709 uti
203 1646 310 1710 volunt
332 1667 365 1710 se
385 1647 556 1727 restatur,
588 1647 710 1731 agedum
730 1647 848 1710 scholae
866 1647 1082 1724 conticescant,
1115 1646 1195 1708 desiss

66 1756 120 1807 aaut
137 1749 298 1834 sophistae,
322 1749 474 1827 rhetores,
496 1747 696 1831 grammatici,
720 1747 841 1828 medici,
871 1758 1063 1832 caeteraeque
1085 1745 1193 1810 doetri-

66 1867 241 1928 aesomnes,
275 1850 457 1915 illibereiiom
487 1849 592 1913 artium
616 1851 768 1914 innumera
791 1849 954 1912 multitudo.
997 1845 1066 1912 Neo
1088 1849 1193 1912 donent

66 1948 178 2036 deinceps
191 1951 353 2037 quispiam3
377 1952 401 2016 si
418 1950 532 2036 quidem
550 1952 600 2016 sati
615 1951 771 2030 benedicio,
790 1972 848 2014 noo
862 1951 1012 2014 literarum
1026 1947 1190 2032 disciplina,

65 2055 145 2132 generi
166 2055 292 2117 hnmano
314 2053 436 2118 seientia
458 2053 634 2140 suppeditet.
678 2049 756 2117 Nam
780 2051 806 2116 si
830 2051 931 2116 doctos
953 2063 1040 2135 atque
1061 2051 1192 2116 eruditos

65 2151 158 2217 eiicere
175 2157 225 2219 inti
244 2155 406 2220 necessitas
424 2164 538 2240 potest,
569 2176 655 2218 nemo
672 2153 853 2239 praeceptori
870 2163 959 2216 naret
974 2172 1111 2237 opernm,
1140 2153 1193 2215 sed
1277 2185 1280 2192 .

63 2253 113 2316 itise
130 2258 252 2321 stamina
274 2257 423 2320 trahentes
438 2254 551 2321 Pareae
572 2253 689 2340 ingenia
709 2253 855 2318 hominurn
874 2253 1034 2340 disciplinis
1051 2251 1190 2333 imbuant,

62 2359 277 2435 quenadmodum
300 2356 380 2422 inani
402 2358 532 2442 falsoque
556 2356 606 2421 ilio
629 2358 763 2442 dogmate
785 2355 944 2441 protiteris.

338 2549 417 2674 ns
465 2595 876 2690 aaaronrors

181 2741 267 2814 puae
294 2725 346 2792 est
370 2717 517 2792 haeresis
545 2716 724 2792 Gentilium
740 2716 820 2808 ln,
846 2716 961 2790 ordine
981 2713 1041 2788 vl.

124 2865 202 2932 Haeo
224 2879 327 2933 contre
349 2865 501 2932 Zenonem
524 2879 552 2929 et
573 2863 691 2932 Stoicos
714 2866 789 2931 diota
811 2879 910 2929 sunto.
956 2861 1043 2948 Quod
1065 2864 1101 2927 ad
1120 2859 1187 2928 Pin·
1208 2875 1266 2943 Cep.
1286 2877 1305 2928 1.

57 2975 137 3031 tanen
157 2971 280 3048 attinet,
311 2969 341 3034 io
363 2971 465 3033 eodem
488 2971 513 3034 is
535 2969 596 3034 luto
617 2979 763 3033 versatur.
807 2965 884 3032 Nam
907 2967 943 3029 de
965 2965 1125 3030 animarum
1149 2987 1189 3029 ex

57 3066 108 3130 eliis
125 3071 152 3133 ia
172 3073 229 3136 alia
254 3093 377 3157 corpora
399 3072 570 3136 traiectione
592 3091 627 3134 ao
647 3069 864 3146 uicissitudine,
894 3069 987 3154 deque
1007 3066 1188 3130 multitudine

57 3169 156 3236 deornm
183 3197 219 3238 oo
247 3173 367 3258 reliquis
396 3172 577 3237 iuototurioe
603 3171 874 3258 superstitionisque
902 3169 1059 3254 generibus
1086 3170 1188 3232 eadem

58 3283 93 3332 est
111 3275 182 3338 iiiios
208 3275 370 3340 sententio.
413 3273 473 3340 Sed
499 3274 534 3338 de
557 3274 676 3338 materia
693 3275 817 3337 tortasse
835 3293 893 3336 uon
910 3270 1029 3335 omuino
1046 3292 1110 3335 oum
1129 3269 1188 3334 Ze-

57 3391 118 3436 none
131 3377 301 3460 Stoicisque
316 3377 416 3440 sentit.
461 3374 577 3440 Etenim
594 3377 678 3441 deum
693 3375 742 3438 itte
756 3373 905 3458 cognouit,
923 3374 960 3436 ab
975 3393 1068 3456 euque
1083 3383 1188 3436 ouootn

58 3479 195 3557 prodacta,
219 3489 282 3542 tum
295 3487 408 3541 mentes
424 3479 561 3562 quosdam
577 3477 682 3562 agendi
701 3477 836 3540 inanitate
851 3475 996 3559 praeditos
1011 3496 1028 3536 a
1045 3495 1116 3537 vero
1133 3474 1188 3536 deo

57 3593 210 3663 propagatos
232 3579 370 3644 asseruit.
413 3576 573 3644 Praeterea
591 3580 712 3665 primum
730 3599 798 3643 esse
814 3576 1002 3662 principium,
1033 3597 1067 3638 eo
1081 3596 1188 3638 secun-

56 3676 123 3757 dam,
152 3694 182 3744 et
195 3681 327 3744 tertium.
373 3676 504 3763 Quorum
522 3682 642 3768 primum
661 3682 745 3744 deam
761 3701 829 3742 esse
845 3677 1033 3764 pronunciat,
1063 3677 1186 3740 atterum

55 3795 206 3858 procreatas
230 3803 247 3846 s
267 3784 321 3846 deo
338 3793 469 3861 meotes,
501 3782 537 3848 ab
559 3783 688 3866 utrisque
704 3783 817 3844 demam
835 3777 985 3844 materiam
1004 3779 1184 3864 productam.

54 3873 95 3942 Sie
108 3886 181 3948 enirn
200 3883 318 3948 definite
342 3884 454 3948 eoelum
471 3907 535 3948 cum
555 3893 685 3969 tempore
704 3885 810 3948 iactum
827 3902 912 3960 esse,
934 3899 1050 3965 unaque
1066 3899 1131 3944 oona
1151 3897 1187 3942 eo

54 3979 208 4050 dissolutum
226 3984 276 4050 iri.
321 3983 436 4070 Quibus
456 3985 555 4049 verbis
572 3987 698 4070 priorem
715 4005 797 4048 snam
818 3984 853 4046 de
870 3983 992 4046 materia
1011 3979 1185 4044 sententiam

53 4089 154 4154 evertit.
189 4089 278 4152 Alias
295 4089 371 4152 enim
390 4088 539 4152 materiam
559 4088 614 4151 deo
632 4087 782 4171 aequatem
800 4105 866 4150 esse
884 4096 1015 4168 tempore
1031 4090 1184 4146 statuerat.
