3008 4996
258 335 318 398 262
680 343 800 398 saum
818 343 987 396 εειειειεειι

255 467 397 545 λεσθῆναι
410 459 463 526 τόν
477 457 560 527 οίκον
574 463 689 544 κυρίου.
733 461 793 526 Καὶ
809 459 905 536 οὕτως
918 457 1061 544 λαμβάνει
1074 459 1108 526 τό
1126 461 1208 545 ῦδωρ
1224 463 1257 526 ἐν
1269 465 1305 550 τῇ
1318 461 1397 543 ηειρλ,

256 566 308 630 καί
319 565 415 648 βαίνει
429 560 539 650 ἑκάστῳ
557 559 709 646 ιφόροιυιι
724 563 758 628 ἐκ
772 569 827 628 τοῦ
839 560 957 638 ῦδατος.
990 562 1052 626 ίίαί
1065 559 1197 628 άνελῦετο
1211 561 1265 645 μὲν
1278 559 1313 626 τά
1327 559 1399 646 φάρ-

258 689 347 749 μακα,
369 662 401 730 τό
415 671 475 749 πῦρ
489 663 520 729 δέ
535 661 663 729 ίνάπιου
675 661 794 729 πάντων
807 661 1024 746 άνεβλῦστατευ.
1070 666 1110 728 Ol
1122 664 1154 729 δέ
1167 661 1311 744 παρόντες
1324 662 1399 745 όχλοι

258 765 483 854 κραυγάσαντες,
500 761 557 840 Ele
567 761 640 840 θεός
650 761 670 829 ό
681 768 806 847 βοηθοῦν
815 773 877 840 τοῖς
889 771 1087 850 Χριστιανοῖς,
1100 761 1296 850 άνεχάρησαν.
1324 769 1399 828 Πολ-

143 925 150 943 .
258 867 342 945 λάκις
355 869 388 934 δέ
401 864 574 933 κακούντων
586 863 637 931 τόν
652 863 745 951 άνόρα
762 867 896 942 ἐκείνων,
919 868 961 941 τίς
975 864 1097 951 ὕστερον
1112 868 1201 952 μέρος
1215 891 1244 931 τι
1258 872 1312 932 τοῦ
1328 871 1399 930 ναοῦ

258 972 291 1036 ἐν
307 967 456 1054 Τιβεριάδι
476 965 690 1050 οἰκοδομήσας,
720 969 771 1032 καί
792 965 900 1052 μικρόν
917 968 1071 1050 ἐκκλησίαν
1087 965 1277 1047 άιαοτελέσας,
1306 965 1399 1040 οῦτας

258 1073 373 1138 ἐκεῖθεν
385 1067 579 1154 άνεράρησεν,
601 1071 633 1134 ἐν
646 1067 837 1134 Σκυθοπόλει
851 1069 883 1133 δέ
896 1065 993 1133 ἐλθόν
1006 1071 1179 1150 κατέμεινεν.
1219 1066 1270 1132 Ἐν
1284 1076 1401 1133 Διοκαι-

260 1177 360 1261 σαρείμ
378 1172 425 1252 δέ,
454 1173 505 1236 καλ
522 1168 622 1246 άλίαις
634 1171 692 1234 τισί
705 1175 818 1246 τελείως
835 1166 1015 1258 οἰκοδόμησε.
1062 1177 1161 1234 Ταῦτα
1176 1170 1208 1235 δέ
1222 1170 1398 1254 πραχθέντα,

258 1276 309 1340 καί
325 1271 456 1340 ἐνταῦθά
470 1297 522 1354 μοι
535 1273 753 1354 ἐπιμνησθέντα
768 1273 866 1338 ἐνεκεν
881 1277 934 1354 τῆς
949 1278 1008 1336 τόν
1023 1274 1134 1353 βίβλων
1150 1272 1318 1358 ἑρμηνείας,
1339 1277 1401 1346 πός

257 1372 318 1440 άιιό
330 1371 497 1457 ’Ἑλληνίδος
511 1371 543 1438 τό
556 1370 631 1438 κατά
644 1370 783 1456 Ἰωάννην
796 1371 961 1458 εῦαγγίλεον
975 1375 1017 1448 είς
1029 1370 1170 1458 Ἑβραΐδα
1185 1373 1330 1454 μετίπεσε,
1351 1373 1399 1438 καί

258 1479 293 1542 αί
307 1474 435 1561 Πράξεις
450 1482 510 1540 τοῦν
523 1469 724 1554 Ἀποστόλων,
752 1476 808 1550 ἕως
825 1467 883 1540 άδε
897 1472 933 1539 τά
948 1481 1002 1558 τῆς
1018 1478 1147 1560 ἱστορίας
1163 1475 1212 1540 καί
1227 1471 1401 1560 όφηγόωως

258 1577 352 1662 ἐχέτω.

107 1691 176 1760 Κεφ.
199 1692 240 1761 ιη.
341 1675 494 1760 Ἐπάνειμι
507 1676 538 1742 δέ
553 1673 608 1759 τόν
622 1675 697 1742 κατά
710 1673 849 1758 Ἐβίωνος
864 1674 1039 1758 ποιεόμενος
1052 1673 1241 1742 άκολουθίαν.
1273 1674 1333 1740 Διό
1347 1673 1401 1761 γάρ

257 1778 290 1845 τό
307 1779 382 1845 κατά
399 1785 563 1844 Ματθαῑον
578 1775 744 1863 εῦαγγίλιον
760 1775 874 1862 προίοόν
898 1775 917 1843 ό
936 1777 1021 1862 λόγος
1041 1775 1095 1860 τὴν
1118 1775 1302 1844 άκολουθίαν
1326 1785 1400 1860 Ιτῆς

259 1884 302 1958 είς
314 1879 393 1964 ημᾶς
408 1877 553 1962 ἐλθοῦσης
568 1879 700 1964 γνοίοεως
714 1881 907 1964 παραθέσθαι
925 1877 1096 1965 ἠνάγκασεν.
1123 1876 1174 1943 Ἐν
1188 1883 1228 1968 τῷ
1243 1885 1317 1964 γοῦν
1332 1875 1400 1964 παρ’

259 1979 361 2058 αότοῖς
375 1979 529 2070 εῦαγγελίρι
545 1977 622 2045 κατά
638 1987 804 2046 Ματθαῖον
819 1976 1039 2069 όνομαζομίνρι,
1070 1977 1124 2064 οόχ
1148 1980 1230 2065 Ωίίλρι
1247 1980 1279 2046 δέ
1296 1989 1401 2066 πληρε·

258 2083 370 2172 οτάτρο,
393 2080 463 2150 άλλά
482 2083 686 2169 νενοθευμίνηο
708 2083 760 2148 καί
775 2079 1039 2170 ότρωτηριασμίνρο
1061 2078 1235 2168 (Ἑβραῐκόν
1257 2083 1290 2148 δέ
1311 2090 1398 2148 τοῦτο

259 2189 425 2272 καλοῦσιν),
455 2184 610 2268 ἐμφέρεται
616 2231 625 2262 ,
654 2181 715 2260 ὅτι,
743 2181 873 2269 Ἐγίνετό
896 2209 942 2259 τις
962 2179 1037 2269 άνὴρ
1061 2180 1183 2264 όνόματι
1201 2181 1331 2268 Ἰησοῦς,
1351 2185 1402 2249 καί

258 2282 348 2361 αῦτός
359 2284 399 2362 οῦς
414 2287 488 2350 ἐτεόν
505 2283 671 2369 τριάκοντα,
692 2283 727 2360 ός
743 2286 886 2360 ἐξελέξατο
900 2282 987 2367 ἦμᾶί·
1031 2287 1092 2349 Καί
1110 2283 1207 2350 ἐλθόν
1221 2289 1262 2362 είς
1275 2292 1400 2370 &W

257 2385 354 2469 ναοῦμ
370 2389 503 2470 είςῆλθεν
514 2389 556 2462 εἰς
570 2383 623 2468 τόν
642 2389 739 2452 οίκίαν
756 2389 893 2466 Σίμωνος
906 2393 960 2452 τοῦ
978 2387 1186 2468 ἐπικληθέντος
1201 2389 1328 2470 Πέτρου,
1350 2387 1402 2453 καί

252 2485 376 2566 -άνοίξας
396 2487 429 2555 τό
443 2486 537 2571 στόμα
555 2483 650 2552 αότοῦ
668 2483 744 2566 εἷπε,
775 2485 1001 2572 Παρερχόμενος
1022 2485 1105 2572 παρά
1123 2485 1176 2570 τόν
1192 2492 1296 2572 λίμνην
1318 2493 1400 2572 Mt·

125 2664 130 2678 ‚
258 2589 361 2675 ριόόος
378 2588 545 2672 ἐξελεξάμην
557 2586 696 2670 Ἰωάννην
712 2590 763 2654 καλ
777 2584 918 2670 Ἰάκωβον
929 2585 1016 2665 υίοῦς
1035 2591 1211 2670 Ζεβεδαίου,
1231 2591 1284 2656 καί
1301 2593 1402 2672 Σίμο-

257 2717 311 2770 να,
340 2693 391 2757 καί
414 2689 569 2777 Ἀνδρίαν,
596 2691 646 2756 καί
668 2692 833 2770 Θαδδαῖον,
863 2690 914 2754 καί
937 2694 1059 2772 Σίμωνα
1084 2689 1136 2756 τόν
1163 2688 1321 2774 Ζηλωτὴν,
1349 2691 1403 2758 καλ

257 2791 372 2859 Ἰούδαν
384 2791 437 2860 τόν
452 2789 654 2878 Ἰσκαριοίιην,
674 2793 727 2855 καί
739 2791 780 2866 σί,
800 2789 853 2856 τόν
866 2797 1047 2870 Ματθαῖον,
1068 2791 1266 2874 καθεζόμενον
1282 2793 1333 2858 ἐντί
1347 2799 1404 2859 τοῦ

258 2899 398 2961 τελωνίαν
414 2891 549 2972 ἐκάλεσα,
570 2893 619 2958 καί
635 2889 842 2975 ἠκολοόθησάς
865 2917 924 2975 μοι.
966 2889 1062 2975 ’Τμός
1084 2885 1303 2976 οῦνβοόλομαε
1325 2891 1403 2960 είναι

258 2995 385 3062 δεκαδάο
408 2993 607 3072 άποστόλους,
629 2995 670 3070 είς
684 2992 843 3078 μαρτῦριον
860 3001 914 3060 τοῦ
931 2990 1052 3080 Ἰσραήλ.
1097 2996 1157 3059 Καί
1176 2996 1287 3081 ἐγένετο
1302 2992 1402 3062 Ἰωάν-

258 3121 312 3179 νης
327 3101 484 3180 βαπτίζων,
505 3097 556 3162 καί
571 3097 696 3179 ἐξῆλθον
712 3093 789 3177 πρός
803 3092 895 3161 αάτόν
913 3101 1081 3180 Φαρισαῖοι,
1101 3097 1153 3162 καλ
1167 3097 1402 3180 ἐβαπτίσθησαν,

135 3235 186 3280 μς.
199 3223 244 3268 m
259 3200 312 3265 καί
328 3205 408 3264 πάσα
421 3196 614 3283 Ἰεροσόλυμα.
657 3199 718 3261 Καί
737 3192 811 3279 εἶχεν
831 3194 849 3262 ό
867 3195 1005 3279 Ἰωάννης
1019 3198 1133 3279 ἔνδυμα
1146 3194 1207 3263 άιτό
1222 3205 1329 3283 τριχῦν
1349 3225 1404 3264 κα-

259 3299 369 3384 μήλου,
396 3301 446 3364 καί
464 3296 560 3380 ζόνην
573 3302 746 3384 δερματίνην
766 3300 834 3386 περί
855 3296 909 3382 τήν
924 3295 1023 3378 όσφῦν
1041 3295 1149 3377 αῦτοῦ,
1178 3301 1229 3365 καλ
1243 3297 1277 3364 τό
1293 3303 1404 3384 βροῦμε

259 3399 367 3480 αῦτοῦ,
388 3401 480 3483 φησί,
507 3401 569 3481 μίλι
589 3397 705 3486 ἄγριον,
734 3393 772 3465 οῦ
795 3397 816 3482 ἦ
832 3405 930 3486 γεῦσις
945 3390 983 3482 ἦν
999 3407 1054 3467 τοῦ
1071 3398 1181 3483 μάννα,
1210 3398 1254 3477 τίς
1277 3403 1405 3486 'W

259 3505 292 3570 ἐν
305 3505 404 3591 ἐλαίρι·
425 3503 475 3567 ἵνα
492 3505 587 3584 δῆθεν
602 3502 821 3586 μεταστρέψωσι
834 3500 885 3566 τόν
898 3507 952 3583 τῆς
967 3499 1107 3583 άληθτίας
1121 3500 1207 3588 λόγον
1220 3505 1262 3579 είς
1274 3507 1404 3584 ψεῦδος,

259 3605 310 3670 καλ
325 3601 391 3670 άντλ
404 3601 548 3688 Ἀκρίδων
564 3601 725 3686 ποιήσωσιν
734 3599 886 3688 Ἐγκρίδας
900 3603 932 3668 ἐν
947 3603 1047 3684 μίλιτι.
1075 3599 1115 3668 Ἡ
1125 3604 1157 3669 δέ
1172 3601 1247 3692 άρηή
1262 3611 1319 3670 τοῦ
1332 3601 1405 3690 παρ’

260 3703 361 3780 αῦτοῖς
377 3701 545 3790 εάαγγελίου
561 3706 616 3787 ῦχεε
630 3702 693 3783 ότι,
718 3699 847 3790 Ἐγένετο
865 3705 898 3770 ἐν
913 3711 978 3780 ταῖς
993 3701 1116 3787 όμέραες
1129 3701 1263 3789 Ἡρόδοτε
1275 3712 1333 3772 τοῦ
1347 3710 1406 3789 βι-

259 3809 359 3884 σελέως
373 3811 425 3889 τῆς
435 3803 595 3886 Ἰουδαίας,
615 3797 707 3888 ἦλθεν
719 3802 861 3888 Ἰωάννης
874 3809 1020 3888 βαπτίζων
1033 3804 1183 3888 βάπτεσμᾱ
1198 3811 1356 3888 ΜΜίῠι·
1371 3809 1407 3873 ἐν

259 3915 300 3996 τῷ
317 3906 456 3997 Ἰορδάνη
470 3913 610 3994 ποταμῷ,
639 3905 674 3982 ῦς
688 3907 800 3992 ίλεήετο
817 3903 893 3972 εέναι
911 3909 945 3973 ἐκ
962 3908 1066 3992 γένους
1082 3904 1196 3990 Ἀαρόν
1215 3914 1271 3973 τοῦ
1285 3909 1407 3994 ίερίος,

259 4017 331 4086 παίς
347 4013 496 4092 Ζαχαρίου
510 4009 562 4073 καί
575 4004 737 4090 Ἐλισάβετ,
758 4010 809 4073 καί
825 4007 977 4092 ἐξήρχοντο
991 4005 1123 4094 πρός’
1083 4005 1175 4074 αυτόν
1188 4007 1304 4084 πάντες.
1336 4012 1407 4074 Καὶ

260 4108 375 4192 μετά
342 4135 375 4176 το
392 4113 484 4176 είπείν
498 4108 591 4182 πολλά
607 4108 774 4194 ἐπιφέρει”
755 4135 817 4188 οτι,
850 4115 911 4176 Τοῦ
930 4117 1004 4176 λαοῦ
1019 4109 1232 4194 βαπτισθέντος
1250 4102 1326 4194 ἦλθε
1348 4113 1409 4178 καλ

258 4209 390 4292 Ἰησοῦς,
411 4213 462 4276 καλ
477 4207 681 4294 ἐβαπτίσθη’
660 4208 719 4276 υιιό
733 4218 786 4276 τοῦ
802 4208 956 4278 Ἰωάννου.
992 4209 1095 4276 Καί
1070 4237 1112 4288 ως
1125 4208 1288 4294 άνηίθεν’
1268 4209 1328 4277 ακό
1345 4220 1409 4278 τοῦ

259 4309 382 4391 ῦδατος,
401 4310 561 4398 ηνοίμησαν
577 4315 609 4377 οί
620 4309 753 4396 οιίραεολ,
775 4315 826 4378 καλ
837 4307 948 4378 ·“είδε
915 4337 949 4378 το
963 4321 1079 4396 πνεῦμα
1098 4318 1177 4380 4τοῦ
1190 4321 1269 4380 θεοῦ
1280 4315 1313 4380 ἐν
1327 4317 1409 4381 εἴδει

292 4465 454 4533 λκροίιριιαα
469 4469 632 4531 wamy.
844 4469 1409 4534 tammummmmm

293 4533 493 4586 ίλιε..-ΧΙΙΙ
526 4535 811 4600 ί.τῆς,-ηασείδειίδε
844 4538 1090 4600 δίρ.είεδίί..μείπε
