3008 4996
267 276 329 339 250
691 287 813 340 amm
829 287 998 340 mmm!

266 405 430 486 ἐπισκοπῆς
451 400 542 470 αότδν
562 407 735 484 καταξιοῦν,
754 441 797 454 -
819 401 838 470 δ
853 405 885 468 δέ
902 405 1013 485 ἔφασκε
1029 402 1136 470 τούτου
1152 405 1238 491 χάριν
1253 413 1406 492 συνῆφθαι

264 507 317 571 καί
338 507 422 594 έτέρμ
443 509 574 592 γυναικί,
597 505 680 582 ὅπως
701 505 856 592 διαδράναι
875 505 928 582 τάς
948 504 1046 572 αόιιῦν
1065 513 1249 592 χειροτονίας.

129 606 196 674 Κεφ·
214 602 241 668 ε’·
346 605 580 690 Ἀλλάέπάνειμι
593 606 647 689 τόν
660 605 811 693 ύφήγησιν
822 615 875 690 τῆς
889 606 964 673 κατά
977 606 1029 674 τόν
1042 608 1224 694 πατριάρχην
1237 607 1406 687 όποθέσευς

264 710 317 774 καὶ
337 707 429 775 αότοῦ
450 716 503 774 τοῦ
518 706 662 792 Ἰωσήπου
684 712 726 785 είς
742 707 910 792 τοόμφανές
925 708 1000 774 κατά
1018 711 1179 794 λεπτότητα
1193 721 1257 788 τοίς
1271 713 1406 796 βουλομέ-

266 837 330 887 νοις
346 809 529 897 ἐντυγχάνειν
544 809 594 876 διά
609 817 669 876 τῶν
690 808 741 876 ὑπ’
759 813 873 876 ἐκείνου
888 809 982 896 λόγων
997 814 1064 895 ἐμολ
1079 814 1240 898 εἰρημένων
1255 813 1406 896 ποιησόμε-

264 939 324 988 νος.
368 914 430 976 Καί
444 911 501 995 ἤδη
510 909 578 994 μίν,
601 910 642 988 οές
657 915 768 988 ἐκεῖνος
782 911 937 997 ύφηγεῖτο,
957 920 1011 978 τοῦ
1026 912 1207 999 πατριάρχου
1218 922 1344 998 λουτροῦ
1359 941 1407 980 κο-

147 1039 251 1094 mm.
266 1015 473 1096 ταξιουμένον,
495 1013 545 1080 διά
560 1022 620 1078 τῶν
633 1017 665 1080 ἐν
678 1023 743 1090 ταῖς
758 1013 871 1097 θύραις
885 1011 1024 1100 άρμογοῑν
1039 1018 1107 1080 εἴσω
1122 1015 1332 1098 παρακόπτωυ,
1353 1041 1406 1098 φη-

265 1118 310 1196 σὶ,
332 1115 493 1181 κατενόουν
504 1115 540 1180 τά
554 1113 615 1181 όπδ
632 1123 687 1180 τοῦ
702 1114 866 1181 ἐπισκόπου
880 1122 921 1202 τῷ
934 1115 1094 1206 πατριάρχη
1106 1116 1260 1202 γινόμενα,
1282 1121 1323 1194 είς
1337 1125 1409 1183 νοῦν

264 1243 294 1282 τε
315 1220 435 1300 ἐλαβον,
463 1219 515 1282 καί
536 1215 605 1302 παρ’
626 1219 743 1306 ἐμαυτῷ
766 1216 969 1300 ἐταμιευόμην.
1012 1221 1071 1282 Καί
1093 1224 1214 1302 χρυσίου
1234 1216 1325 1302 ύλκήν
1345 1245 1406 1286 τινα

263 1317 447 1401 ἱκανωτάτην
463 1321 537 1400 ἔχων
554 1317 636 1401 παρά
651 1327 732 1402 χεῖρα
750 1315 769 1384 δ
785 1316 874 1394 αότδς
891 1318 1088 1404 πατριάρχης,
1118 1323 1247 1396 ἐκτείνας
1261 1320 1315 1404 τήν
1331 1329 1407 1406 χεῖρα

265 1422 395 1486 ἐπέδωκε
407 1426 449 1508 τῷ
465 1419 629 1508 ἐπισκόπφ,
651 1419 775 1501 φάσκων
788 1419 844 1499 δτι,
865 1419 1022 1505 Πρόςφερε
1033 1418 1108 1504 όπέρ
1122 1424 1205 1504 ἐμοῦ.
1242 1425 1406 1507 Γέγραπται

263 1520 335 1608 γάρ,
365 1520 416 1586 διά
435 1529 496 1585 τοῖν
513 1523 614 1605 ἱερέων
635 1529 689 1586 τοῦ
706 1529 782 1587 θεοῦ
799 1520 992 1604 δεσμεύεσθαι
1008 1525 1059 1588 καλ
1072 1521 1196 1588 λύεσθαι
1212 1526 1261 1589 ἐπί
1276 1533 1330 1607 τῆς
1345 1531 1405 1610 γῆς,

264 1625 316 1688 καλ
335 1626 414 1688 ἔσται
427 1629 518 1687 ταῦτα
535 1623 674 1703 λελυμένα
689 1625 739 1689 καί
754 1624 892 1705 δεδεμένα
910 1625 942 1688 ἐν
958 1631 999 1712 τῷ
1014 1622 1140 1714 ούρανρῦ.
1182 1623 1234 1700 Ὡς
1248 1618 1304 1690 οῦν
1318 1633 1407 1690 ταῦτα

265 1724 417 1809 ἐπράχθη,
447 1725 537 1806 φησί,
565 1726 616 1788 καί
632 1721 791 1810 ἠνοίγησαν
807 1729 840 1789 αί
856 1723 967 1807 θύραι,
996 1723 1128 1808 ἤρωτάτο
1144 1724 1204 1793 ύπδ
1222 1734 1281 1792 τιῦν
1298 1729 1407 1792 ἐπισκε-

265 1828 418 1907 πτομένων
436 1823 454 1891 ό
469 1824 651 1909 πατριάρχης
669 1833 733 1902 ποῦς
749 1829 810 1910 ἐχοι
827 1825 877 1891 διά
895 1834 948 1891 τοῦ
966 1826 1173 1911 βοηθήματοςς
1200 1831 1251 1893 καί
1268 1825 1411 1914 ω’μολόγει

265 1931 423 2003 καλλίστας
435 1929 520 2010 ἔχειν·
542 1929 594 1993 καί
608 1927 662 2012 γάρ
676 1927 740 2016 ᾔδει
756 1928 773 1994 δ
788 1932 890 2014 ἐλεγεν.
922 1926 1047 1994 Ἔπειτα
1060 1931 1092 1994 δέ
1105 1927 1217 2013 ἡμέρας
1230 1929 1285 1995 δύο
1298 1929 1320 2013 ἦ
1334 1939 1409 2015 τρεῖς

264 2028 317 2095 τόν
332 2027 470 2112 άριθμδν,
492 2026 632 2105 πολλάκις
647 2037 701 2094 τοῦ
714 2029 877 2096 ἐπισκόπου
892 2033 1137 2113 ἐπισκεπτομένου
1152 2029 1244 2097 αύτδν
1258 2034 1290 2096 ἐν
1306 2035 1408 2116 ἰατροῦ

266 2130 430 2215 προφάσει,
455 2129 603 2214 ἐκοιμήθη
617 2129 636 2196 ό
652 2132 832 2214 πατριάρχης
849 2130 919 2214 μετά
935 2139 1026 2214 καλῆς
1043 2130 1229 2212 άποθέσεως,
1256 2131 1410 2217 παραδούς

265 2233 318 2296 τόν
331 2235 408 2298 ἴδιον
421 2231 488 2298 υίδν
501 2236 611 2314 κομιδῆ
625 2235 692 2298 νέον
704 2232 776 2298 ὅντα
786 2233 918 2322 Ἰωσήπῳ
934 2257 963 2297 τε
975 2237 1027 2298 καί
1041 2232 1115 2323 άλλρι
1129 2237 1184 2300 τινί
1198 2232 1409 2322 ἐπιεικεστάτφ.

271 2333 315 2398 Τά
336 2332 434 2398 πάντα
450 2337 549 2398 τοίνυν
568 2333 723 2418 ἐπράττετο
741 2333 791 2400 διά
811 2341 870 2400 τῶν
886 2333 941 2398 δύο
960 2333 1087 2414 τούτων,
1115 2334 1165 2401 διά
1180 2335 1214 2401 τό
1230 2338 1273 2402 ἔτι
1287 2327 1340 2402 τόν
1355 2361 1408 2398 ιτα-

240 2425 243 2430 ’
266 2434 404 2520 τριάρχην
425 2439 519 2500 παῖδα
537 2433 609 2500 ὄντα
629 2435 795 2519 νηπιάζειν,
824 2438 875 2500 καί
896 2439 928 2502 ἐν
949 2439 1046 2521 χερσίν
1064 2435 1162 2503 νότιῦν
1182 2435 1410 2522 άνατρέφεσθοι

264 2533 314 2601 Ἐν
328 2536 423 2624 τούτῳ
437 2543 478 2625 τῷ
494 2545 588 2626 καιρῷ
604 2545 658 2620 τῆς
671 2541 805 2614 διανοίας
821 2544 874 2603 τοῦ
889 2535 1034 2620 Ἰωσήπου
1051 2540 1255 2622 ἐνοχλουμένης
1272 2538 1411 2614 πολλάκις

268 2636 317 2703 διά
330 2645 389 2703 τῶν
401 2641 563 2723 γενομένων
577 2646 725 2722 μυστικῶν
737 2642 769 2706 ἐν
781 2645 818 2728 τῇ
830 2638 906 2704 κατά
919 2637 951 2705 τό
963 2638 1087 2725 λουτρόν
1100 2639 1241 2706 όποθίσει
1256 2643 1410 2706 ἐσκέπτετο

266 2745 294 2804 τί
314 2738 352 2804 όν
373 2739 500 2823 πράξειε.
543 2743 604 2806 Καί
622 2733 660 2824 ἦν
677 2743 769 2808 ἐκεῖσε
784 2744 1002 2827 γαζοφυλακίου
1018 2767 1063 2816 τις
1080 2739 1163 2818 οἶκος
1180 2744 1412 2827 ἐσφραγισμένος

269 2841 359 2920 (Γάζα
375 2843 407 2906 δέ
421 2841 609 2928 ἑρμηνεύεται
624 2841 698 2908 κατά
712 2842 766 2926 τὴν
779 2840 919 2925 Ἑβραΐδα
934 2841 1111 2926 Θησαυρός).
1157 2849 1282 2908 Πολλῶν
1296 2845 1328 2909 δέ
1341 2853 1411 2909 πολ-

266 2941 303 3007 λά
320 2945 540 3026 διανοουμένων
560 2946 629 3030 περί
649 2951 703 3009 τοῦ
719 2948 935 3030 γαζοφυλακίου
953 2943 1061 3010 τούτου
1083 2942 1132 3009 διά
1152 2943 1207 3026 τὴν
1223 2949 1374 3030 σφραγῖδα
1394 2941 1412 3009 ό

265 3041 407 3127 Ἰώσηπος
419 3044 586 3128 λεληθότως
601 3045 746 3129 τολμήσας
762 3044 875 3128 ἤνοιξε,
897 3048 949 3110 καί
967 3037 1050 3130 εύρεν
1063 3043 1151 3110 οόδὲυ
1165 3045 1321 3129 χρημάτων
1335 3045 1414 3128 πλὴν
1493 3117 1494 3120 ¹

267 3149 388 3228 βίβλους
401 3146 455 3222 τάς
466 3144 540 3231 όπέρ
555 3146 696 3232 χρήματα.
725 3145 945 3232 ’Λναγινοόσκων
959 3149 992 3212 δδ
1005 3150 1036 3212 έν
1050 3146 1179 3226 ταύταις,
1197 3145 1239 3224 οἱς
1250 3145 1309 3230 ἥδη
1323 3151 1413 3230 έφην,

266 3244 301 3311 τό
320 3245 396 3312 κατά
410 3245 549 3332 Ἰωάννην
567 3246 732 3335 εύαγγέλιον
752 3247 812 3314 άπδ
832 3246 970 3324 Ἑλλάδος
988 3252 1029 3323 είς
1043 3245 1183 3333 Ἐβραΐδα
1200 3248 1306 3331 φωνην
1327 3275 1414 3331 μετα-

268 3349 385 3429 ληφθίν
400 3349 524 3434 ηὕρετο,
545 3352 596 3416 καί
612 3347 666 3426 τάς
681 3357 741 3415 τῶν
754 3350 938 3416 Ἀποστόλων
955 3351 1092 3435 Πράξεις.
1138 3347 1183 3414 Ου’
1199 3349 1259 3433 μὴν
1274 3348 1347 3416 du&
1362 3351 1414 3417 καί

267 3447 300 3514 τδ
323 3449 398 3516 κατά
415 3458 581 3518 Ματθαίον
595 3450 755 3536 Ἑβραϊκδν
775 3451 892 3531 ιφντδν
910 3455 942 3517 ἐκ
958 3451 1072 3517 τούτων
1089 3449 1233 3536 άναγνοῦς
1250 3451 1340 3518 πάλιν
1359 3451 1415 3534 τόν

268 3549 402 3617 διάνοιαν
420 3553 567 3636 ἐτρύχετο,
596 3552 742 3637 άσχάλλων
757 3555 810 3636 μέν
825 3581 891 3630 ποις
904 3556 969 3637 περί
991 3561 1044 3636 τῆς
1061 3559 1183 3630 πίστεως
1197 3561 1252 3618 τοῦ
1269 3559 1415 3640 Χριστοῦ,

161 3676 164 3682 ’
188 3705 189 3712 .
266 3651 324 3735 ἤδη
338 3655 370 3718 δέ
383 3657 416 3718 ἐκ
429 3653 484 3720 δύο
499 3643 669 3720 ύποθέσεων
681 3653 927 3738 όπονντεόμενος,
948 3662 1000 3738 τῆς
1014 3663 1073 3720 τοῦν
1086 3659 1207 3743 βιβλίων
1220 3652 1417 3741 άναγνιόσεως
1493 3717 1494 3750 χ

266 3757 319 3820 καί
337 3763 389 3838 τῆς
410 3763 464 3822 τοῦ
487 3756 668 3842 πατριάρχου
690 3765 906 3843 μοσταγαγίας,
935 3756 1016 3840 ὅμως
1035 3763 1071 3845 τῇ
1092 3761 1199 3845 καρδία
1221 3757 1415 3842 ἐσκληρόνετο

268 3855 317 3923 οία
338 3863 455 3942 γίνεται.

133 3963 200 4033 Κεφ.
218 3964 247 4030 ξ.
355 3957 427 4036 1’.Ως
444 3961 476 4025 δέ
493 3962 525 4026 ἐν
539 3958 653 4036 κοτίνοις
669 3964 865 4042 κατετρίβετο,
886 3958 1041 4046 α’δρόνεται
1056 3957 1074 4026 ό
1089 3969 1160 4036 παῖς
1172 3957 1191 4026 ό
1203 3963 1420 4042 καταλειφθείς
1493 4015 1494 4024 .

267 4058 327 4126 υπδ
341 4059 444 4144 Ἐλλήλ
460 4065 501 4137 είς
519 4066 710 4147 πατριαρχίαν
722 4061 912 4146 τρεφόμενος·
934 4061 1032 4138 οῦδείς
1047 4061 1103 4148 γάρ
1121 4061 1205 4138 άλλος
1221 4060 1344 4147 άρπάζει
1361 4062 1417 4138 τάς
1493 4139 1494 4144 ¹

268 4161 358 4246 όρχάς
374 4161 454 4246 παρά
470 4173 532 4239 τοῖς
544 4161 709 4243 Ἰουδαίοις,
731 4161 801 4229 όλλά
814 4163 879 4241 υἱός
892 4167 1003 4250 πατέρα
1017 4166 1185 4248 διαδέχεται.
1225 4161 1278 4240 Ὡς
1292 4155 1350 4228 οῦν
1367 4166 1419 4230 ἐπί

149 4295 199 4340 ρος.
212 4285 255 4330 ιιι.
268 4261 301 4328 τδ
317 4262 444 4344 άκμαῖον
457 4271 510 4347 τῆς
526 4262 640 4347 ἡλικίας
654 4262 672 4330 ό
687 4267 753 4341 νέος
765 4263 884 4350 ἤρχετο,
906 4270 1156 4350 προςεφθείροντο
1169 4263 1248 4354 αύτῷ
1262 4287 1340 4340 τινες
1354 4266 1419 4350 ἥλι-
1493 4285 1494 4354 Τ

268 4389 317 4440 κες
332 4362 418 4450 άργοί
431 4367 482 4430 καί
496 4365 603 4442 ἐθάδες
618 4375 727 4431 κακῶν·
749 4365 822 4450 τάχα
837 4369 869 4432 δέ
885 4363 970 4449 οἶμαι
981 4365 1098 4444 Ἰούδας
1110 4359 1197 4443 οότος
1213 4369 1356 4448 ἐκαλεῖτο,
1380 4366 1420 4433 οῦ
1493 4431 1494 4440 ,

303 4504 361 4552 (λιι.
376 4505 418 4556 VI.
435 4531 468 4544 -
489 4507 509 4558 Ι.
526 4508 566 4557 Sic
579 4509 639 4556 libn'.
666 4509 772 4557 λὀείοεει
784 4509 940 4570 reponendum
956 4502 1039 4560 τόποι.
