<?xml version="1.0" encoding="UTF-8"?>
<!DOCTYPE html PUBLIC "-//W3C//DTD XHTML 1.0 Transitional//EN"
    "http://www.w3.org/TR/xhtml1/DTD/xhtml1-transitional.dtd">
<html xmlns="http://www.w3.org/1999/xhtml" xml:lang="en" lang="en">
 <head>
  <title>
</title>
<meta http-equiv="Content-Type" content="text/html;charset=utf-8" />
  <meta name='ocr-system' content='tesseract 3.04.00' />
  <meta name='ocr-capabilities' content='ocr_page ocr_carea ocr_par ocr_line ocrx_word'/>
</head>
<body>
  <div class='ocr_page' id='page_1' title='image "./corporishaerese03oehlgoog_0106.png"; bbox 0 0 3006 4990; ppageno 0'>
   <div class='ocr_carea' id='block_1_1' title="bbox 312 305 1216 373">
    <p class='ocr_par' dir='ltr' id='par_1_1' title="bbox 312 305 1216 373">
     <span class='ocr_line' id='line_1_1' title="bbox 312 305 1216 373; baseline -0.004 -1"><span class='ocrx_word' id='word_1_1' title='bbox 312 320 447 373; x_wconf 82' lang='lat' dir='ltr'><strong>rauaan</strong></span> <span class='ocrx_word' id='word_1_2' title='bbox 467 319 544 372; x_wconf 83' lang='lat' dir='ltr'><strong>aur.</strong></span> <span class='ocrx_word' id='word_1_3' title='bbox 561 317 731 370; x_wconf 71' lang='lat' dir='ltr'><strong>damasus</strong></span> <span class='ocrx_word' id='word_1_4' title='bbox 748 319 811 371; x_wconf 81' lang='grc' dir='ltr'>ιιι.</span> <span class='ocrx_word' id='word_1_5' title='bbox 821 320 842 369; x_wconf 90' lang='grc' dir='ltr'><strong>ι.</strong></span> <span class='ocrx_word' id='word_1_6' title='bbox 860 319 941 370; x_wconf 87' lang='lat' dir='ltr'><strong>rora.</strong></span> <span class='ocrx_word' id='word_1_7' title='bbox 955 320 975 370; x_wconf 91' lang='grc' dir='ltr'><strong>ι.</strong></span> <span class='ocrx_word' id='word_1_8' title='bbox 1176 305 1216 369; x_wconf 80' lang='grc'><strong>89</strong></span> 
     </span>
    </p>
   </div>
   <div class='ocr_carea' id='block_1_2' title="bbox 91 435 1219 830">
    <p class='ocr_par' dir='ltr' id='par_1_2' title="bbox 91 435 1219 830">
     <span class='ocr_line' id='line_1_2' title="bbox 92 435 1218 526; baseline -0.002 -24"><span class='ocrx_word' id='word_1_9' title='bbox 92 440 230 504; x_wconf 86' lang='lat' dir='ltr'><strong>convenire</strong></span> <span class='ocrx_word' id='word_1_10' title='bbox 248 453 388 526; x_wconf 77' lang='lat' dir='ltr'>possunt,</span> <span class='ocrx_word' id='word_1_11' title='bbox 412 439 565 515; x_wconf 85' lang='lat' dir='ltr'><strong>iudicium,</strong></span> <span class='ocrx_word' id='word_1_12' title='bbox 590 437 723 521; x_wconf 85' lang='lat' dir='ltr'><strong>iuquam,</strong></span> <span class='ocrx_word' id='word_1_13' title='bbox 748 447 834 521; x_wconf 82' lang='lat' dir='ltr'><strong>atqne</strong></span> <span class='ocrx_word' id='word_1_14' title='bbox 855 439 964 502; x_wconf 79' lang='lat' dir='ltr'><strong>intumi</strong></span> <span class='ocrx_word' id='word_1_15' title='bbox 1007 435 1119 500; x_wconf 86' lang='lat' dir='ltr'><strong>Horum</strong></span> <span class='ocrx_word' id='word_1_16' title='bbox 1140 437 1218 500; x_wconf 88' lang='lat' dir='ltr'><strong>cuim</strong></span> 
     </span>
     <span class='ocr_line' id='line_1_3' title="bbox 91 537 1217 622; baseline 0 -19"><span class='ocrx_word' id='word_1_17' title='bbox 91 545 196 606; x_wconf 83' lang='lat' dir='ltr'><strong>alterum</strong></span> <span class='ocrx_word' id='word_1_18' title='bbox 215 563 337 606; x_wconf 88' lang='lat' dir='ltr'><strong>neccsse</strong></span> <span class='ocrx_word' id='word_1_19' title='bbox 353 552 410 620; x_wconf 86' lang='lat' dir='ltr'><strong>est,</strong></span> <span class='ocrx_word' id='word_1_20' title='bbox 435 541 482 602; x_wconf 89' lang='lat' dir='ltr'><strong>vel</strong></span> <span class='ocrx_word' id='word_1_21' title='bbox 499 541 523 603; x_wconf 90' lang='lat' dir='ltr'><strong>si</strong></span> <span class='ocrx_word' id='word_1_22' title='bbox 543 541 599 602; x_wconf 89' lang='lat' dir='ltr'><strong>ulla</strong></span> <span class='ocrx_word' id='word_1_23' title='bbox 617 541 654 604; x_wconf 89' lang='lat' dir='ltr'><strong>sit</strong></span> <span class='ocrx_word' id='word_1_24' title='bbox 671 539 808 622; x_wconf 82' lang='lat' dir='ltr'><strong>genitalis</strong></span> <span class='ocrx_word' id='word_1_25' title='bbox 827 537 1000 618; x_wconf 75' lang='lat' dir='ltr'><strong>necessitas,</strong></span> <span class='ocrx_word' id='word_1_26' title='bbox 1025 538 1134 603; x_wconf 89' lang='lat' dir='ltr'><strong>nullum</strong></span> <span class='ocrx_word' id='word_1_27' title='bbox 1152 559 1217 604; x_wconf 88' lang='lat' dir='ltr'><strong>esse</strong></span> 
     </span>
     <span class='ocr_line' id='line_1_4' title="bbox 91 641 1219 728; baseline -0.001 -22"><span class='ocrx_word' id='word_1_28' title='bbox 91 645 227 724; x_wconf 86' lang='lat' dir='ltr'><strong>iudicium,</strong></span> <span class='ocrx_word' id='word_1_29' title='bbox 251 646 326 728; x_wconf 86' lang='lat' dir='ltr'><strong>quod</strong></span> <span class='ocrx_word' id='word_1_30' title='bbox 351 643 398 726; x_wconf 87' lang='lat' dir='ltr'><strong>qui</strong></span> <span class='ocrx_word' id='word_1_31' title='bbox 422 641 575 705; x_wconf 88' lang='lat' dir='ltr'><strong>committit</strong></span> <span class='ocrx_word' id='word_1_32' title='bbox 593 641 715 724; x_wconf 88' lang='lat' dir='ltr'><strong>aliquid,</strong></span> <span class='ocrx_word' id='word_1_33' title='bbox 740 663 797 703; x_wconf 93' lang='lat' dir='ltr'><strong>nou</strong></span> <span class='ocrx_word' id='word_1_34' title='bbox 815 641 842 702; x_wconf 92' lang='lat' dir='ltr'><strong>id</strong></span> <span class='ocrx_word' id='word_1_35' title='bbox 860 662 912 704; x_wconf 86' lang='lat' dir='ltr'><strong>sua</strong></span> <span class='ocrx_word' id='word_1_36' title='bbox 930 651 1033 726; x_wconf 85' lang='lat' dir='ltr'><strong>sponte</strong></span> <span class='ocrx_word' id='word_1_37' title='bbox 1057 641 1142 719; x_wconf 82' lang='lat' dir='ltr'><strong>facil,</strong></span> <span class='ocrx_word' id='word_1_38' title='bbox 1166 643 1219 706; x_wconf 87' lang='lat' dir='ltr'><strong>sed</strong></span> 
     </span>
     <span class='ocr_line' id='line_1_5' title="bbox 92 742 1218 830; baseline -0.002 -23"><span class='ocrx_word' id='word_1_39' title='bbox 92 748 197 810; x_wconf 86' lang='lat' dir='ltr'><strong>latorum</strong></span> <span class='ocrx_word' id='word_1_40' title='bbox 217 749 246 810; x_wconf 90' lang='lat' dir='ltr'><strong>vi</strong></span> <span class='ocrx_word' id='word_1_41' title='bbox 268 765 304 808; x_wconf 89' lang='lat' dir='ltr'><strong>ac</strong></span> <span class='ocrx_word' id='word_1_42' title='bbox 322 745 474 830; x_wconf 73' lang='lat' dir='ltr'><strong>tyrannide</strong></span> <span class='ocrx_word' id='word_1_43' title='bbox 495 742 680 827; x_wconf 85' lang='lat' dir='ltr'><strong>corupulsus,</strong></span> <span class='ocrx_word' id='word_1_44' title='bbox 704 743 751 805; x_wconf 85' lang='lat' dir='ltr'><strong>vel</strong></span> <span class='ocrx_word' id='word_1_45' title='bbox 769 743 794 804; x_wconf 87' lang='lat' dir='ltr'><strong>si</strong></span> <span class='ocrx_word' id='word_1_46' title='bbox 811 743 948 806; x_wconf 90' lang='lat' dir='ltr'><strong>indicium</strong></span> <span class='ocrx_word' id='word_1_47' title='bbox 969 753 1014 805; x_wconf 87' lang='lat' dir='ltr'><strong>est</strong></span> <span class='ocrx_word' id='word_1_48' title='bbox 1034 743 1138 822; x_wconf 92' lang='lat' dir='ltr'><strong>ullum,</strong></span> <span class='ocrx_word' id='word_1_49' title='bbox 1163 764 1218 807; x_wconf 90' lang='lat' dir='ltr'><strong>uec</strong></span> 
     </span>
    </p>
   </div>
   <div class='ocr_carea' id='block_1_3' title="bbox 84 843 1369 4384">
    <p class='ocr_par' dir='ltr' id='par_1_3' title="bbox 90 843 1219 1316">
     <span class='ocr_line' id='line_1_6' title="bbox 91 843 1219 928; baseline 0 -19"><span class='ocrx_word' id='word_1_50' title='bbox 91 851 180 911; x_wconf 85' lang='lat' dir='ltr'><strong>bostra</strong></span> <span class='ocrx_word' id='word_1_51' title='bbox 194 848 225 911; x_wconf 89' lang='lat' dir='ltr'><strong>in</strong></span> <span class='ocrx_word' id='word_1_52' title='bbox 242 845 516 910; x_wconf 84' lang='lat' dir='ltr'><strong>comminationibus</strong></span> <span class='ocrx_word' id='word_1_53' title='bbox 534 843 621 907; x_wconf 91' lang='lat' dir='ltr'><strong>obiici</strong></span> <span class='ocrx_word' id='word_1_54' title='bbox 638 845 731 922; x_wconf 85' lang='lat' dir='ltr'><strong>solet,</strong></span> <span class='ocrx_word' id='word_1_55' title='bbox 754 853 842 927; x_wconf 87' lang='lat' dir='ltr'><strong>atque</strong></span> <span class='ocrx_word' id='word_1_56' title='bbox 863 856 894 907; x_wconf 88' lang='lat' dir='ltr'><strong>et</strong></span> <span class='ocrx_word' id='word_1_57' title='bbox 914 844 994 928; x_wconf 84' lang='lat' dir='ltr'><strong>leges</strong></span> <span class='ocrx_word' id='word_1_58' title='bbox 1014 845 1127 928; x_wconf 79' lang='lat' dir='ltr'>aliquae</span> <span class='ocrx_word' id='word_1_59' title='bbox 1150 856 1219 909; x_wconf 88' lang='lat' dir='ltr'><strong>suut</strong></span> 
     </span>
     <span class='ocr_line' id='line_1_7' title="bbox 91 944 1218 1034; baseline -0.001 -23"><span class='ocrx_word' id='word_1_60' title='bbox 91 949 267 1034; x_wconf 80' lang='lat' dir='ltr'><strong>ctdagitiosis</strong></span> <span class='ocrx_word' id='word_1_61' title='bbox 283 947 447 1011; x_wconf 83' lang='lat' dir='ltr'><strong>bominibus</strong></span> <span class='ocrx_word' id='word_1_62' title='bbox 461 946 605 1009; x_wconf 79' lang='lat' dir='ltr'><strong>scelerum</strong></span> <span class='ocrx_word' id='word_1_63' title='bbox 622 965 735 1031; x_wconf 85' lang='lat' dir='ltr'><strong>poenae</strong></span> <span class='ocrx_word' id='word_1_64' title='bbox 749 944 937 1023; x_wconf 71' lang='lat' dir='ltr'><strong>constitutae,</strong></span> <span class='ocrx_word' id='word_1_65' title='bbox 958 945 983 1008; x_wconf 90' lang='lat' dir='ltr'><strong>si</strong></span> <span class='ocrx_word' id='word_1_66' title='bbox 1002 948 1125 1031; x_wconf 80' lang='lat' dir='ltr'><strong>deniqne</strong></span> <span class='ocrx_word' id='word_1_67' title='bbox 1141 946 1218 1010; x_wconf 82' lang='lat' dir='ltr'><strong>iusta</strong></span> 
     </span>
     <span class='ocr_line' id='line_1_8' title="bbox 90 1045 1219 1131; baseline -0.002 -19"><span class='ocrx_word' id='word_1_68' title='bbox 90 1053 164 1114; x_wconf 79' lang='lat' dir='ltr'><strong>adeo</strong></span> <span class='ocrx_word' id='word_1_69' title='bbox 178 1051 228 1114; x_wconf 78' lang='lat' dir='ltr'><strong>lex</strong></span> <span class='ocrx_word' id='word_1_70' title='bbox 252 1049 356 1113; x_wconf 78' lang='lat' dir='ltr'><strong>nadita</strong></span> <span class='ocrx_word' id='word_1_71' title='bbox 376 1058 406 1111; x_wconf 87' lang='lat' dir='ltr'><strong>el</strong></span> <span class='ocrx_word' id='word_1_72' title='bbox 421 1048 498 1112; x_wconf 83' lang='lat' dir='ltr'><strong>illins</strong></span> <span class='ocrx_word' id='word_1_73' title='bbox 520 1047 656 1110; x_wconf 88' lang='lat' dir='ltr'><strong>iudicium</strong></span> <span class='ocrx_word' id='word_1_74' title='bbox 675 1045 754 1110; x_wconf 89' lang='lat' dir='ltr'><strong>omni</strong></span> <span class='ocrx_word' id='word_1_75' title='bbox 771 1067 810 1110; x_wconf 81' lang='lat' dir='ltr'><strong>ex</strong></span> <span class='ocrx_word' id='word_1_76' title='bbox 829 1046 1045 1131; x_wconf 70' lang='lat' dir='ltr'><strong>parternitati</strong></span> <span class='ocrx_word' id='word_1_77' title='bbox 1063 1059 1219 1112; x_wconf 84' lang='lat' dir='ltr'><strong>cousenta-</strong></span> 
     </span>
     <span class='ocr_line' id='line_1_9' title="bbox 91 1149 1218 1234; baseline 0.001 -21"><span class='ocrx_word' id='word_1_78' title='bbox 91 1172 161 1214; x_wconf 84' lang='lat' dir='ltr'><strong>neum</strong></span> <span class='ocrx_word' id='word_1_79' title='bbox 177 1161 233 1231; x_wconf 90' lang='lat' dir='ltr'><strong>cst,</strong></span> <span class='ocrx_word' id='word_1_80' title='bbox 257 1171 381 1214; x_wconf 87' lang='lat' dir='ltr'><strong>necesse</strong></span> <span class='ocrx_word' id='word_1_81' title='bbox 399 1160 461 1229; x_wconf 91' lang='lat' dir='ltr'><strong>cst,</strong></span> <span class='ocrx_word' id='word_1_82' title='bbox 486 1149 614 1234; x_wconf 83' lang='lat' dir='ltr'><strong>inquam,</strong></span> <span class='ocrx_word' id='word_1_83' title='bbox 637 1168 850 1233; x_wconf 77' lang='lat' dir='ltr'><strong>superuacuum</strong></span> <span class='ocrx_word' id='word_1_84' title='bbox 868 1169 936 1212; x_wconf 89' lang='lat' dir='ltr'><strong>esse</strong></span> <span class='ocrx_word' id='word_1_85' title='bbox 953 1151 1041 1212; x_wconf 85' lang='lat' dir='ltr'><strong>iatum</strong></span> <span class='ocrx_word' id='word_1_86' title='bbox 1058 1150 1139 1230; x_wconf 91' lang='lat' dir='ltr'><strong>illud,</strong></span> <span class='ocrx_word' id='word_1_87' title='bbox 1163 1171 1218 1214; x_wconf 84' lang='lat' dir='ltr'><strong>uec</strong></span> 
     </span>
     <span class='ocr_line' id='line_1_10' title="bbox 90 1251 468 1316; baseline -0.005 -1"><span class='ocrx_word' id='word_1_88' title='bbox 90 1253 137 1316; x_wconf 91' lang='lat' dir='ltr'><strong>ullo</strong></span> <span class='ocrx_word' id='word_1_89' title='bbox 155 1255 182 1316; x_wconf 90' lang='lat' dir='ltr'><strong>in</strong></span> <span class='ocrx_word' id='word_1_90' title='bbox 204 1254 271 1316; x_wconf 84' lang='lat' dir='ltr'><strong>loco</strong></span> <span class='ocrx_word' id='word_1_91' title='bbox 293 1251 468 1316; x_wconf 76' lang='lat' dir='ltr'><strong>consistere.</strong></span> 
     </span>
    </p>

    <p class='ocr_par' dir='ltr' id='par_1_4' title="bbox 84 1351 1369 4384">
     <span class='ocr_line' id='line_1_11' title="bbox 158 1351 1352 1437; baseline -0.003 -19"><span class='ocrx_word' id='word_1_92' title='bbox 158 1353 276 1418; x_wconf 84' lang='lat' dir='ltr'><strong>Etenim</strong></span> <span class='ocrx_word' id='word_1_93' title='bbox 296 1375 354 1418; x_wconf 88' lang='lat' dir='ltr'><strong>oon</strong></span> <span class='ocrx_word' id='word_1_94' title='bbox 379 1353 464 1416; x_wconf 85' lang='lat' dir='ltr'><strong>aliam</strong></span> <span class='ocrx_word' id='word_1_95' title='bbox 487 1351 525 1415; x_wconf 91' lang='lat' dir='ltr'><strong>ob</strong></span> <span class='ocrx_word' id='word_1_96' title='bbox 548 1371 682 1414; x_wconf 77' lang='lat' dir='ltr'><strong>caussam</strong></span> <span class='ocrx_word' id='word_1_97' title='bbox 704 1351 762 1414; x_wconf 81' lang='lat' dir='ltr'><strong>nisi</strong></span> <span class='ocrx_word' id='word_1_98' title='bbox 786 1352 861 1436; x_wconf 89' lang='lat' dir='ltr'><strong>quod</strong></span> <span class='ocrx_word' id='word_1_99' title='bbox 879 1373 1002 1437; x_wconf 83' lang='lat' dir='ltr'><strong>peccare</strong></span> <span class='ocrx_word' id='word_1_100' title='bbox 1019 1373 1112 1416; x_wconf 87' lang='lat' dir='ltr'><strong>necue</strong></span> <span class='ocrx_word' id='word_1_101' title='bbox 1128 1353 1167 1417; x_wconf 92' lang='lat' dir='ltr'><strong>sit</strong></span> <span class='ocrx_word' id='word_1_102' title='bbox 1186 1352 1217 1418; x_wconf 93' lang='lat' dir='ltr'><strong>in</strong></span> <span class='ocrx_word' id='word_1_103' title='bbox 1233 1363 1293 1432; x_wconf 70' lang='lat' dir='ltr'><strong>cip.</strong></span> <span class='ocrx_word' id='word_1_104' title='bbox 1311 1365 1352 1414; x_wconf 72' lang='lat' dir='ltr'><strong>tt.</strong></span> 
     </span>
     <span class='ocr_line' id='line_1_12' title="bbox 89 1453 1220 1540; baseline 0.003 -24"><span class='ocrx_word' id='word_1_105' title='bbox 89 1455 194 1520; x_wconf 87' lang='lat' dir='ltr'><strong>arbitrio</strong></span> <span class='ocrx_word' id='word_1_106' title='bbox 211 1453 352 1536; x_wconf 85' lang='lat' dir='ltr'><strong>cuiusque</strong></span> <span class='ocrx_word' id='word_1_107' title='bbox 370 1453 514 1540; x_wconf 87' lang='lat' dir='ltr'><strong>positum,</strong></span> <span class='ocrx_word' id='word_1_108' title='bbox 538 1453 593 1516; x_wconf 89' lang='lat' dir='ltr'><strong>boc</strong></span> <span class='ocrx_word' id='word_1_109' title='bbox 613 1453 769 1517; x_wconf 76' lang='lat' dir='ltr'><strong>discrimen</strong></span> <span class='ocrx_word' id='word_1_110' title='bbox 791 1454 985 1517; x_wconf 86' lang='lat' dir='ltr'><strong>introductum</strong></span> <span class='ocrx_word' id='word_1_111' title='bbox 1006 1465 1068 1532; x_wconf 90' lang='lat' dir='ltr'><strong>est,</strong></span> <span class='ocrx_word' id='word_1_112' title='bbox 1092 1464 1125 1518; x_wconf 85' lang='lat' dir='ltr'><strong>ut</strong></span> <span class='ocrx_word' id='word_1_113' title='bbox 1145 1455 1220 1520; x_wconf 87' lang='lat' dir='ltr'><strong>alter</strong></span> 
     </span>
     <span class='ocr_line' id='line_1_13' title="bbox 90 1554 1219 1640; baseline 0.001 -22"><span class='ocrx_word' id='word_1_114' title='bbox 90 1559 268 1621; x_wconf 82' lang='lat' dir='ltr'><strong>admissorum</strong></span> <span class='ocrx_word' id='word_1_115' title='bbox 288 1556 432 1618; x_wconf 86' lang='lat' dir='ltr'><strong>scelerum</strong></span> <span class='ocrx_word' id='word_1_116' title='bbox 457 1575 565 1640; x_wconf 87' lang='lat' dir='ltr'><strong>poenas</strong></span> <span class='ocrx_word' id='word_1_117' title='bbox 587 1555 661 1633; x_wconf 85' lang='lat' dir='ltr'><strong>luat,</strong></span> <span class='ocrx_word' id='word_1_118' title='bbox 685 1554 760 1617; x_wconf 89' lang='lat' dir='ltr'><strong>ulter</strong></span> <span class='ocrx_word' id='word_1_119' title='bbox 784 1576 835 1638; x_wconf 77' lang='lat' dir='ltr'><strong>nro</strong></span> <span class='ocrx_word' id='word_1_120' title='bbox 854 1567 934 1618; x_wconf 85' lang='lat' dir='ltr'><strong>recte</strong></span> <span class='ocrx_word' id='word_1_121' title='bbox 957 1555 1041 1622; x_wconf 86' lang='lat' dir='ltr'><strong>iactis</strong></span> <span class='ocrx_word' id='word_1_122' title='bbox 1060 1556 1219 1640; x_wconf 82' lang='lat' dir='ltr'><strong>praemium</strong></span> 
     </span>
     <span class='ocr_line' id='line_1_14' title="bbox 89 1655 1220 1744; baseline 0.001 -23"><span class='ocrx_word' id='word_1_123' title='bbox 89 1659 244 1744; x_wconf 84' lang='lat' dir='ltr'><strong>laudemque</strong></span> <span class='ocrx_word' id='word_1_124' title='bbox 258 1666 467 1740; x_wconf 84' lang='lat' dir='ltr'><strong>consequatur.</strong></span> <span class='ocrx_word' id='word_1_125' title='bbox 513 1655 598 1739; x_wconf 82' lang='lat' dir='ltr'><strong>Quod</strong></span> <span class='ocrx_word' id='word_1_126' title='bbox 615 1655 729 1740; x_wconf 91' lang='lat' dir='ltr'><strong>quidem</strong></span> <span class='ocrx_word' id='word_1_127' title='bbox 745 1655 827 1719; x_wconf 87' lang='lat' dir='ltr'><strong>brevi</strong></span> <span class='ocrx_word' id='word_1_128' title='bbox 844 1657 1059 1742; x_wconf 87' lang='lat' dir='ltr'><strong>iustissimaquc</strong></span> <span class='ocrx_word' id='word_1_129' title='bbox 1073 1658 1220 1722; x_wconf 82' lang='lat' dir='ltr'><strong>sententia</strong></span> 
     </span>
     <span class='ocr_line' id='line_1_15' title="bbox 90 1755 1220 1846; baseline 0.001 -24"><span class='ocrx_word' id='word_1_130' title='bbox 90 1761 225 1846; x_wconf 84' lang='lat' dir='ltr'><strong>complecti</strong></span> <span class='ocrx_word' id='word_1_131' title='bbox 250 1779 420 1844; x_wconf 80' lang='lat' dir='ltr'><strong>possumus,</strong></span> <span class='ocrx_word' id='word_1_132' title='bbox 444 1779 518 1842; x_wconf 88' lang='lat' dir='ltr'><strong>quac</strong></span> <span class='ocrx_word' id='word_1_133' title='bbox 541 1758 577 1820; x_wconf 93' lang='lat' dir='ltr'><strong>ab</strong></span> <span class='ocrx_word' id='word_1_134' title='bbox 595 1755 670 1820; x_wconf 88' lang='lat' dir='ltr'><strong>lsaia</strong></span> <span class='ocrx_word' id='word_1_135' title='bbox 694 1757 833 1842; x_wconf 79' lang='lat' dir='ltr'><strong>propbeta</strong></span> <span class='ocrx_word' id='word_1_136' title='bbox 852 1779 893 1822; x_wconf 79' lang='lat' dir='ltr'><strong>ca</strong></span> <span class='ocrx_word' id='word_1_137' title='bbox 913 1780 1038 1844; x_wconf 84' lang='lat' dir='ltr'><strong>persona</strong></span> <span class='ocrx_word' id='word_1_138' title='bbox 1061 1760 1107 1822; x_wconf 93' lang='lat' dir='ltr'><strong>dei</strong></span> <span class='ocrx_word' id='word_1_139' title='bbox 1125 1760 1220 1823; x_wconf 89' lang='lat' dir='ltr'><strong>reris·</strong></span> 
     </span>
     <span class='ocr_line' id='line_1_16' title="bbox 89 1859 1369 1946; baseline 0.001 -23"><span class='ocrx_word' id='word_1_140' title='bbox 89 1862 150 1924; x_wconf 88' lang='lat' dir='ltr'><strong>sime</strong></span> <span class='ocrx_word' id='word_1_141' title='bbox 162 1861 348 1946; x_wconf 80' lang='lat' dir='ltr'><strong>pronuntiata</strong></span> <span class='ocrx_word' id='word_1_142' title='bbox 365 1859 489 1944; x_wconf 81' lang='lat' dir='ltr'><strong>legitur:</strong></span> <span class='ocrx_word' id='word_1_143' title='bbox 513 1863 550 1921; x_wconf 89' lang='lat' dir='ltr'><strong>Si</strong></span> <span class='ocrx_word' id='word_1_144' title='bbox 562 1862 722 1933; x_wconf 72' lang='lat' dir='ltr'><strong>voliternis,</strong></span> <span class='ocrx_word' id='word_1_145' title='bbox 746 1872 775 1920; x_wconf 87' lang='lat' dir='ltr'><strong>ct</strong></span> <span class='ocrx_word' id='word_1_146' title='bbox 788 1861 949 1921; x_wconf 72' lang='lat' dir='ltr'><strong>obedieritis</strong></span> <span class='ocrx_word' id='word_1_147' title='bbox 965 1865 1047 1935; x_wconf 83' lang='lat' dir='ltr'><strong>mr&#39;bi,</strong></span> <span class='ocrx_word' id='word_1_148' title='bbox 1071 1863 1143 1923; x_wconf 85' lang='lat' dir='ltr'><strong>bono</strong></span> <span class='ocrx_word' id='word_1_149' title='bbox 1161 1874 1219 1924; x_wconf 84' lang='lat' dir='ltr'><strong>ter·</strong></span> <span class='ocrx_word' id='word_1_150' title='bbox 1230 1887 1284 1934; x_wconf 72' lang='lat' dir='ltr'><strong>tut</strong></span> <span class='ocrx_word' id='word_1_151' title='bbox 1299 1891 1324 1944; x_wconf 86' lang='lat'><strong>1,</strong></span> <span class='ocrx_word' id='word_1_152' title='bbox 1338 1889 1369 1932; x_wconf 78' lang='lat' dir='ltr'><strong>n,</strong></span> 
     </span>
     <span class='ocr_line' id='line_1_17' title="bbox 89 1963 1221 2042; baseline 0 -17"><span class='ocrx_word' id='word_1_153' title='bbox 89 1983 129 2024; x_wconf 84' lang='lat' dir='ltr'><strong>mc</strong></span> <span class='ocrx_word' id='word_1_154' title='bbox 140 1967 296 2025; x_wconf 68' lang='lat' dir='ltr'><strong>canerem.</strong></span> <span class='ocrx_word' id='word_1_155' title='bbox 343 1965 381 2022; x_wconf 87' lang='lat' dir='ltr'><strong>Si</strong></span> <span class='ocrx_word' id='word_1_156' title='bbox 392 1973 484 2022; x_wconf 82' lang='lat' dir='ltr'><strong>autern</strong></span> <span class='ocrx_word' id='word_1_157' title='bbox 500 1965 662 2034; x_wconf 69' lang='lat' dir='ltr'><strong>nolueritis,</strong></span> <span class='ocrx_word' id='word_1_158' title='bbox 687 1983 776 2042; x_wconf 79' lang='lat' dir='ltr'><strong>neque</strong></span> <span class='ocrx_word' id='word_1_159' title='bbox 790 1963 949 2024; x_wconf 66' lang='lat' dir='ltr'><strong>cbedbribb</strong></span> <span class='ocrx_word' id='word_1_160' title='bbox 969 1965 1053 2036; x_wconf 81' lang='lat' dir='ltr'><strong>ma&#39;ii,</strong></span> <span class='ocrx_word' id='word_1_161' title='bbox 1077 1965 1221 2026; x_wconf 82' lang='lat' dir='ltr'><strong>decorabit</strong></span> 
     </span>
     <span class='ocr_line' id='line_1_18' title="bbox 88 2060 1220 2149; baseline 0.004 -25"><span class='ocrx_word' id='word_1_162' title='bbox 88 2087 126 2124; x_wconf 80' lang='lat' dir='ltr'><strong>aaa</strong></span> <span class='ocrx_word' id='word_1_163' title='bbox 136 2069 261 2145; x_wconf 70' lang='lat' dir='ltr'><strong>gindeus.</strong></span> <span class='ocrx_word' id='word_1_164' title='bbox 308 2069 345 2126; x_wconf 85' lang='lat' dir='ltr'><strong>Os</strong></span> <span class='ocrx_word' id='word_1_165' title='bbox 359 2069 432 2124; x_wconf 82' lang='lat' dir='ltr'><strong>enim</strong></span> <span class='ocrx_word' id='word_1_166' title='bbox 446 2067 554 2124; x_wconf 85' lang='lat' dir='ltr'><strong>domini</strong></span> <span class='ocrx_word' id='word_1_167' title='bbox 567 2066 689 2124; x_wconf 85' lang='lat' dir='ltr'><strong>locutum</strong></span> <span class='ocrx_word' id='word_1_168' title='bbox 704 2075 747 2124; x_wconf 82' lang='lat' dir='ltr'><strong>est</strong></span> <span class='ocrx_word' id='word_1_169' title='bbox 760 2068 823 2126; x_wconf 77' lang='lat' dir='ltr'><strong>cita.</strong></span> <span class='ocrx_word' id='word_1_170' title='bbox 869 2060 919 2126; x_wconf 79' lang='lat' dir='ltr'><strong>Ex</strong></span> <span class='ocrx_word' id='word_1_171' title='bbox 936 2073 992 2148; x_wconf 73' lang='lat' dir='ltr'><strong>quo</strong></span> <span class='ocrx_word' id='word_1_172' title='bbox 1011 2062 1162 2149; x_wconf 85' lang='lat' dir='ltr'><strong>perspicue</strong></span> <span class='ocrx_word' id='word_1_173' title='bbox 1184 2065 1220 2128; x_wconf 91' lang='lat' dir='ltr'><strong>il·</strong></span> 
     </span>
     <span class='ocr_line' id='line_1_19' title="bbox 88 2163 1220 2244; baseline 0.004 -18"><span class='ocrx_word' id='word_1_174' title='bbox 88 2165 125 2228; x_wconf 91' lang='lat' dir='ltr'><strong>lud</strong></span> <span class='ocrx_word' id='word_1_175' title='bbox 145 2187 180 2228; x_wconf 84' lang='lat' dir='ltr'><strong>ac</strong></span> <span class='ocrx_word' id='word_1_176' title='bbox 203 2166 277 2228; x_wconf 88' lang='lat' dir='ltr'><strong>citra</strong></span> <span class='ocrx_word' id='word_1_177' title='bbox 301 2165 387 2228; x_wconf 89' lang='lat' dir='ltr'><strong>ullam</strong></span> <span class='ocrx_word' id='word_1_178' title='bbox 413 2163 620 2228; x_wconf 85' lang='lat' dir='ltr'><strong>dubitationem</strong></span> <span class='ocrx_word' id='word_1_179' title='bbox 645 2165 784 2244; x_wconf 84' lang='lat' dir='ltr'><strong>edicitur,</strong></span> <span class='ocrx_word' id='word_1_180' title='bbox 809 2165 970 2229; x_wconf 87' lang='lat' dir='ltr'><strong>libertatem</strong></span> <span class='ocrx_word' id='word_1_181' title='bbox 995 2165 1101 2229; x_wconf 91' lang='lat' dir='ltr'><strong>bomini</strong></span> <span class='ocrx_word' id='word_1_182' title='bbox 1126 2188 1141 2228; x_wconf 91' lang='lat' dir='ltr'><strong>a</strong></span> <span class='ocrx_word' id='word_1_183' title='bbox 1165 2167 1220 2230; x_wconf 87' lang='lat' dir='ltr'><strong>dou</strong></span> 
     </span>
     <span class='ocr_line' id='line_1_20' title="bbox 88 2265 1218 2350; baseline 0.001 -22"><span class='ocrx_word' id='word_1_184' title='bbox 88 2287 143 2330; x_wconf 80' lang='lat' dir='ltr'><strong>csso</strong></span> <span class='ocrx_word' id='word_1_185' title='bbox 159 2287 344 2344; x_wconf 82' lang='lat' dir='ltr'><strong>concessam,</strong></span> <span class='ocrx_word' id='word_1_186' title='bbox 369 2287 433 2328; x_wconf 87' lang='lat' dir='ltr'><strong>cum</strong></span> <span class='ocrx_word' id='word_1_187' title='bbox 447 2267 490 2328; x_wconf 83' lang='lat' dir='ltr'><strong>ita</strong></span> <span class='ocrx_word' id='word_1_188' title='bbox 508 2287 561 2350; x_wconf 80' lang='lat' dir='ltr'><strong>per</strong></span> <span class='ocrx_word' id='word_1_189' title='bbox 578 2287 646 2330; x_wconf 88' lang='lat' dir='ltr'><strong>sese</strong></span> <span class='ocrx_word' id='word_1_190' title='bbox 663 2265 787 2330; x_wconf 79' lang='lat' dir='ltr'><strong>dixerita</strong></span> <span class='ocrx_word' id='word_1_191' title='bbox 813 2271 850 2329; x_wconf 87' lang='lat' dir='ltr'><strong>Si</strong></span> <span class='ocrx_word' id='word_1_192' title='bbox 860 2270 1005 2328; x_wconf 75' lang='lat' dir='ltr'><strong>uoluera&#39;nb</strong></span> <span class='ocrx_word' id='word_1_193' title='bbox 1016 2279 1046 2329; x_wconf 85' lang='lat' dir='ltr'><strong>ct</strong></span> <span class='ocrx_word' id='word_1_194' title='bbox 1059 2271 1218 2342; x_wconf 71' lang='lat' dir='ltr'><strong>minorica,</strong></span> 
     </span>
     <span class='ocr_line' id='line_1_21' title="bbox 88 2366 1221 2453; baseline 0.004 -25"><span class='ocrx_word' id='word_1_195' title='bbox 88 2369 149 2432; x_wconf 87' lang='lat' dir='ltr'><strong>adeo</strong></span> <span class='ocrx_word' id='word_1_196' title='bbox 167 2381 202 2432; x_wconf 88' lang='lat' dir='ltr'><strong>ut</strong></span> <span class='ocrx_word' id='word_1_197' title='bbox 218 2369 293 2432; x_wconf 88' lang='lat' dir='ltr'><strong>benc</strong></span> <span class='ocrx_word' id='word_1_198' title='bbox 316 2387 424 2450; x_wconf 77' lang='lat' dir='ltr'><strong>agere,</strong></span> <span class='ocrx_word' id='word_1_199' title='bbox 449 2366 496 2429; x_wconf 88' lang='lat' dir='ltr'><strong>vel</strong></span> <span class='ocrx_word' id='word_1_200' title='bbox 519 2367 659 2430; x_wconf 84' lang='lat' dir='ltr'><strong>naalorum</strong></span> <span class='ocrx_word' id='word_1_201' title='bbox 677 2369 862 2451; x_wconf 87' lang='lat' dir='ltr'><strong>cupiditatem</strong></span> <span class='ocrx_word' id='word_1_202' title='bbox 880 2370 1052 2453; x_wconf 86' lang='lat' dir='ltr'><strong>concipere,</strong></span> <span class='ocrx_word' id='word_1_203' title='bbox 1078 2369 1155 2432; x_wconf 89' lang='lat' dir='ltr'><strong>illius</strong></span> <span class='ocrx_word' id='word_1_204' title='bbox 1174 2389 1221 2432; x_wconf 87' lang='lat' dir='ltr'><strong>ar·</strong></span> 
     </span>
     <span class='ocr_line' id='line_1_22' title="bbox 88 2467 1220 2552; baseline 0.004 -22"><span class='ocrx_word' id='word_1_205' title='bbox 88 2470 161 2534; x_wconf 81' lang='lat' dir='ltr'><strong>bitrio</strong></span> <span class='ocrx_word' id='word_1_206' title='bbox 179 2472 218 2534; x_wconf 81' lang='lat' dir='ltr'><strong>sit</strong></span> <span class='ocrx_word' id='word_1_207' title='bbox 238 2471 383 2533; x_wconf 84' lang='lat' dir='ltr'><strong>relictum.</strong></span> <span class='ocrx_word' id='word_1_208' title='bbox 429 2467 626 2551; x_wconf 81' lang='lat' dir='ltr'><strong>Quamobrem</strong></span> <span class='ocrx_word' id='word_1_209' title='bbox 644 2489 732 2550; x_wconf 86' lang='lat' dir='ltr'><strong>saepe</strong></span> <span class='ocrx_word' id='word_1_210' title='bbox 747 2469 814 2552; x_wconf 82' lang='lat' dir='ltr'><strong>illud</strong></span> <span class='ocrx_word' id='word_1_211' title='bbox 830 2491 865 2533; x_wconf 89' lang='lat' dir='ltr'><strong>ac</strong></span> <span class='ocrx_word' id='word_1_212' title='bbox 881 2471 974 2543; x_wconf 87' lang='lat' dir='ltr'><strong>varie,</strong></span> <span class='ocrx_word' id='word_1_213' title='bbox 1000 2490 1054 2533; x_wconf 85' lang='lat' dir='ltr'><strong>nec</strong></span> <span class='ocrx_word' id='word_1_214' title='bbox 1072 2491 1127 2532; x_wconf 91' lang='lat' dir='ltr'><strong>una</strong></span> <span class='ocrx_word' id='word_1_215' title='bbox 1146 2491 1220 2534; x_wconf 82' lang='lat' dir='ltr'><strong>uoce</strong></span> 
     </span>
     <span class='ocr_line' id='line_1_23' title="bbox 88 2569 1219 2656; baseline 0.003 -24"><span class='ocrx_word' id='word_1_216' title='bbox 88 2573 307 2654; x_wconf 82' lang='lat' dir='ltr'><strong>personandum,</strong></span> <span class='ocrx_word' id='word_1_217' title='bbox 332 2570 618 2653; x_wconf 72' lang='lat' dir='ltr'><strong>infrequentissima</strong></span> <span class='ocrx_word' id='word_1_218' title='bbox 637 2581 736 2632; x_wconf 85' lang='lat' dir='ltr'><strong>contra</strong></span> <span class='ocrx_word' id='word_1_219' title='bbox 749 2569 925 2655; x_wconf 84' lang='lat' dir='ltr'><strong>impostores</strong></span> <span class='ocrx_word' id='word_1_220' title='bbox 939 2571 1013 2635; x_wconf 87' lang='lat' dir='ltr'><strong>istos</strong></span> <span class='ocrx_word' id='word_1_221' title='bbox 1031 2574 1219 2656; x_wconf 85' lang='lat' dir='ltr'><strong>repetendum</strong></span> 
     </span>
     <span class='ocr_line' id='line_1_24' title="bbox 88 2655 1320 2764; baseline 0.002 -32"><span class='ocrx_word' id='word_1_222' title='bbox 88 2685 126 2736; x_wconf 83' lang='lat' dir='ltr'><strong>cst</strong></span> <span class='ocrx_word' id='word_1_223' title='bbox 139 2676 243 2738; x_wconf 87' lang='lat' dir='ltr'><strong>dictum</strong></span> <span class='ocrx_word' id='word_1_224' title='bbox 259 2673 289 2736; x_wconf 93' lang='lat' dir='ltr'><strong>in</strong></span> <span class='ocrx_word' id='word_1_225' title='bbox 306 2693 359 2736; x_wconf 87' lang='lat' dir='ltr'><strong>eos</strong></span> <span class='ocrx_word' id='word_1_226' title='bbox 374 2673 530 2736; x_wconf 85' lang='lat' dir='ltr'><strong>salvatoris</strong></span> <span class='ocrx_word' id='word_1_227' title='bbox 546 2671 633 2735; x_wconf 69' lang='lat' dir='ltr'><strong>illudi</strong></span> <span class='ocrx_word' id='word_1_228' title='bbox 658 2675 714 2732; x_wconf 85' lang='lat' dir='ltr'><strong>Voc</strong></span> <span class='ocrx_word' id='word_1_229' title='bbox 725 2673 813 2748; x_wconf 71' lang='lat' dir='ltr'><strong>nobb,</strong></span> <span class='ocrx_word' id='word_1_230' title='bbox 838 2677 955 2736; x_wconf 69' lang='lat' dir='ltr'><strong>Scribat</strong></span> <span class='ocrx_word' id='word_1_231' title='bbox 967 2685 997 2734; x_wconf 80' lang='lat' dir='ltr'><strong>ct</strong></span> <span class='ocrx_word' id='word_1_232' title='bbox 1007 2677 1219 2754; x_wconf 77' lang='lat' dir='ltr'><strong>Piom&#39;soeiiy-</strong></span> <span class='ocrx_word' id='word_1_233' title='bbox 1235 2655 1320 2764; x_wconf 46' lang='lat' dir='ltr'><strong>{fiij</strong></span> 
     </span>
     <span class='ocr_line' id='line_1_25' title="bbox 85 2777 1219 2857; baseline 0.002 -21"><span class='ocrx_word' id='word_1_234' title='bbox 85 2782 215 2853; x_wconf 70' lang='lat' dir='ltr'><strong>maiae,</strong></span> <span class='ocrx_word' id='word_1_235' title='bbox 239 2780 370 2857; x_wconf 84' lang='lat' dir='ltr'><strong>quom&#39;om</strong></span> <span class='ocrx_word' id='word_1_236' title='bbox 386 2777 541 2854; x_wconf 78' lang='lat' dir='ltr'><strong>reliquistis</strong></span> <span class='ocrx_word' id='word_1_237' title='bbox 557 2795 629 2854; x_wconf 86' lang='lat' dir='ltr'><strong>quoe</strong></span> <span class='ocrx_word' id='word_1_238' title='bbox 641 2779 778 2853; x_wconf 71' lang='lat' dir='ltr'><strong>groumru</strong></span> <span class='ocrx_word' id='word_1_239' title='bbox 792 2787 861 2836; x_wconf 79' lang='lat' dir='ltr'><strong>suni</strong></span> <span class='ocrx_word' id='word_1_240' title='bbox 872 2778 954 2854; x_wconf 71' lang='lat' dir='ltr'><strong>legii,</strong></span> <span class='ocrx_word' id='word_1_241' title='bbox 978 2779 1110 2836; x_wconf 86' lang='lat' dir='ltr'><strong>iudicium</strong></span> <span class='ocrx_word' id='word_1_242' title='bbox 1127 2788 1158 2836; x_wconf 83' lang='lat' dir='ltr'><strong>et</strong></span> <span class='ocrx_word' id='word_1_243' title='bbox 1168 2779 1219 2838; x_wconf 84' lang='lat' dir='ltr'><strong>mi-</strong></span> 
     </span>
     <span class='ocr_line' id='line_1_26' title="bbox 88 2877 1221 2951; baseline 0.004 -16"><span class='ocrx_word' id='word_1_244' title='bbox 88 2883 274 2951; x_wconf 77' lang='lat' dir='ltr'><strong>seriem-citimi,</strong></span> <span class='ocrx_word' id='word_1_245' title='bbox 297 2888 325 2937; x_wconf 86' lang='lat' dir='ltr'><strong>ct</strong></span> <span class='ocrx_word' id='word_1_246' title='bbox 342 2879 486 2936; x_wconf 73' lang='lat' dir='ltr'><strong>deccinnb&#39;s</strong></span> <span class='ocrx_word' id='word_1_247' title='bbox 501 2877 631 2936; x_wconf 78' lang='lat' dir='ltr'><strong>noctium</strong></span> <span class='ocrx_word' id='word_1_248' title='bbox 649 2887 677 2935; x_wconf 83' lang='lat' dir='ltr'><strong>et</strong></span> <span class='ocrx_word' id='word_1_249' title='bbox 696 2879 833 2937; x_wconf 83' lang='lat' dir='ltr'><strong>mentium</strong></span> <span class='ocrx_word' id='word_1_250' title='bbox 855 2888 885 2938; x_wconf 85' lang='lat' dir='ltr'><strong>ct</strong></span> <span class='ocrx_word' id='word_1_251' title='bbox 904 2889 1013 2950; x_wconf 87' lang='lat' dir='ltr'><strong>rutum,</strong></span> <span class='ocrx_word' id='word_1_252' title='bbox 1037 2889 1068 2938; x_wconf 84' lang='lat' dir='ltr'><strong>ct</strong></span> <span class='ocrx_word' id='word_1_253' title='bbox 1081 2881 1221 2938; x_wconf 67' lang='lat' dir='ltr'><strong>mendatii</strong></span> 
     </span>
     <span class='ocr_line' id='line_1_27' title="bbox 88 2979 1220 3062; baseline 0.001 -21"><span class='ocrx_word' id='word_1_254' title='bbox 88 2983 153 3057; x_wconf 76' lang='lat' dir='ltr'><strong>cond</strong></span> <span class='ocrx_word' id='word_1_255' title='bbox 167 2983 272 3062; x_wconf 70' lang='lat' dir='ltr'><strong>describ</strong></span> <span class='ocrx_word' id='word_1_256' title='bbox 295 2990 338 3038; x_wconf 82' lang='lat' dir='ltr'><strong>ert</strong></span> <span class='ocrx_word' id='word_1_257' title='bbox 354 2981 453 3038; x_wconf 80' lang='lat' dir='ltr'><strong>cab&#39;cis</strong></span> <span class='ocrx_word' id='word_1_258' title='bbox 472 2989 501 3037; x_wconf 86' lang='lat' dir='ltr'><strong>ct</strong></span> <span class='ocrx_word' id='word_1_259' title='bbox 515 2979 693 3057; x_wconf 64' lang='lat' dir='ltr'><strong>paropsidis,-</strong></span> <span class='ocrx_word' id='word_1_260' title='bbox 716 2981 791 3058; x_wconf 84' lang='lat' dir='ltr'><strong>quod</strong></span> <span class='ocrx_word' id='word_1_261' title='bbox 806 2983 882 3038; x_wconf 79' lang='lat' dir='ltr'><strong>eblus</strong></span> <span class='ocrx_word' id='word_1_262' title='bbox 897 2989 955 3053; x_wconf 82' lang='lat' dir='ltr'><strong>cst,</strong></span> <span class='ocrx_word' id='word_1_263' title='bbox 976 2982 1088 3059; x_wconf 80' lang='lat' dir='ltr'><strong>plenum</strong></span> <span class='ocrx_word' id='word_1_264' title='bbox 1105 2991 1150 3041; x_wconf 79' lang='lat' dir='ltr'><strong>ert</strong></span> <span class='ocrx_word' id='word_1_265' title='bbox 1169 2984 1220 3042; x_wconf 83' lang='lat' dir='ltr'><strong>eiu-</strong></span> 
     </span>
     <span class='ocr_line' id='line_1_28' title="bbox 88 3080 1223 3161; baseline 0.004 -23"><span class='ocrx_word' id='word_1_266' title='bbox 88 3085 223 3153; x_wconf 80' lang='lat' dir='ltr'><strong>uuaditio,</strong></span> <span class='ocrx_word' id='word_1_267' title='bbox 247 3093 277 3142; x_wconf 85' lang='lat' dir='ltr'><strong>ct</strong></span> <span class='ocrx_word' id='word_1_268' title='bbox 283 3082 434 3160; x_wconf 79' lang='lat' dir='ltr'><strong>foeditate.</strong></span> <span class='ocrx_word' id='word_1_269' title='bbox 469 3083 509 3140; x_wconf 83' lang='lat' dir='ltr'><strong>Et</strong></span> <span class='ocrx_word' id='word_1_270' title='bbox 522 3080 684 3158; x_wconf 70' lang='lat' dir='ltr'><strong>approbabis</strong></span> <span class='ocrx_word' id='word_1_271' title='bbox 700 3083 802 3140; x_wconf 76' lang='lat' dir='ltr'><strong>iustum</strong></span> <span class='ocrx_word' id='word_1_272' title='bbox 814 3101 875 3142; x_wconf 81' lang='lat' dir='ltr'><strong>erse</strong></span> <span class='ocrx_word' id='word_1_273' title='bbox 890 3084 986 3142; x_wconf 83' lang='lat' dir='ltr'><strong>iurare</strong></span> <span class='ocrx_word' id='word_1_274' title='bbox 1000 3085 1029 3142; x_wconf 86' lang='lat' dir='ltr'><strong>in</strong></span> <span class='ocrx_word' id='word_1_275' title='bbox 1043 3102 1075 3141; x_wconf 87' lang='lat' dir='ltr'><strong>co</strong></span> <span class='ocrx_word' id='word_1_276' title='bbox 1090 3083 1165 3161; x_wconf 84' lang='lat' dir='ltr'><strong>quod</strong></span> <span class='ocrx_word' id='word_1_277' title='bbox 1178 3092 1223 3142; x_wconf 79' lang='lat' dir='ltr'><strong>eet</strong></span> 
     </span>
     <span class='ocr_line' id='line_1_29' title="bbox 87 3183 1222 3263; baseline 0.001 -20"><span class='ocrx_word' id='word_1_278' title='bbox 87 3203 161 3262; x_wconf 71' lang='lat' dir='ltr'><strong>rupa·</strong></span> <span class='ocrx_word' id='word_1_279' title='bbox 178 3185 287 3254; x_wconf 83' lang='lat' dir='ltr'><strong>altore,</strong></span> <span class='ocrx_word' id='word_1_280' title='bbox 313 3185 411 3241; x_wconf 79' lang='lat' dir='ltr'><strong>abrurc</strong></span> <span class='ocrx_word' id='word_1_281' title='bbox 428 3192 520 3242; x_wconf 83' lang='lat' dir='ltr'><strong>antean</strong></span> <span class='ocrx_word' id='word_1_282' title='bbox 537 3187 566 3242; x_wconf 86' lang='lat' dir='ltr'><strong>in</strong></span> <span class='ocrx_word' id='word_1_283' title='bbox 581 3183 672 3240; x_wconf 86' lang='lat' dir='ltr'><strong>altori</strong></span> <span class='ocrx_word' id='word_1_284' title='bbox 689 3184 765 3260; x_wconf 74' lang='grc' dir='ltr'>ι’ριυ,</span> <span class='ocrx_word' id='word_1_285' title='bbox 790 3185 978 3244; x_wconf 69' lang='grc' dir='ltr'><strong>ιἰινιὲιίιινανιάι·</strong></span> <span class='ocrx_word' id='word_1_286' title='bbox 994 3187 1071 3263; x_wconf 86' lang='lat' dir='ltr'><strong>opud</strong></span> <span class='ocrx_word' id='word_1_287' title='bbox 1085 3203 1134 3243; x_wconf 81' lang='lat' dir='ltr'><strong>uos</strong></span> <span class='ocrx_word' id='word_1_288' title='bbox 1154 3187 1222 3244; x_wconf 83' lang='lat' dir='ltr'><strong>reli-</strong></span> 
     </span>
     <span class='ocr_line' id='line_1_30' title="bbox 86 3284 1220 3362; baseline 0 -16"><span class='ocrx_word' id='word_1_289' title='bbox 86 3287 160 3359; x_wconf 70' lang='lat' dir='ltr'><strong>giune</strong></span> <span class='ocrx_word' id='word_1_290' title='bbox 173 3287 304 3346; x_wconf 78' lang='lat' dir='ltr'><strong>soluitur.</strong></span> <span class='ocrx_word' id='word_1_291' title='bbox 351 3287 393 3344; x_wconf 72' lang='lat' dir='ltr'><strong>dt</strong></span> <span class='ocrx_word' id='word_1_292' title='bbox 406 3287 434 3344; x_wconf 87' lang='lat' dir='ltr'><strong>in</strong></span> <span class='ocrx_word' id='word_1_293' title='bbox 451 3285 527 3344; x_wconf 83' lang='lat' dir='ltr'><strong>coelo</strong></span> <span class='ocrx_word' id='word_1_294' title='bbox 540 3286 638 3344; x_wconf 81' lang='lat' dir='ltr'><strong>iurare</strong></span> <span class='ocrx_word' id='word_1_295' title='bbox 652 3284 728 3342; x_wconf 76' lang='lat' dir='ltr'><strong>nibil</strong></span> <span class='ocrx_word' id='word_1_296' title='bbox 740 3303 800 3343; x_wconf 81' lang='lat' dir='ltr'><strong>csse</strong></span> <span class='ocrx_word' id='word_1_297' title='bbox 815 3285 920 3343; x_wconf 76' lang='lat' dir='ltr'><strong>dicr&#39;tab.</strong></span> <span class='ocrx_word' id='word_1_298' title='bbox 967 3287 1024 3362; x_wconf 80' lang='lat' dir='ltr'><strong>Qui</strong></span> <span class='ocrx_word' id='word_1_299' title='bbox 1036 3297 1126 3346; x_wconf 84' lang='lat' dir='ltr'><strong>nutem</strong></span> <span class='ocrx_word' id='word_1_300' title='bbox 1142 3289 1220 3346; x_wconf 70' lang='lat' dir='ltr'><strong>ibru-</strong></span> 
     </span>
     <span class='ocr_line' id='line_1_31' title="bbox 88 3387 1220 3466; baseline 0.003 -22"><span class='ocrx_word' id='word_1_301' title='bbox 88 3391 150 3444; x_wconf 75' lang='lat' dir='ltr'><strong>ecrit</strong></span> <span class='ocrx_word' id='word_1_302' title='bbox 162 3391 193 3446; x_wconf 87' lang='lat' dir='ltr'><strong>in</strong></span> <span class='ocrx_word' id='word_1_303' title='bbox 208 3409 257 3459; x_wconf 83' lang='lat' dir='ltr'><strong>eu,</strong></span> <span class='ocrx_word' id='word_1_304' title='bbox 281 3389 335 3466; x_wconf 84' lang='lat' dir='ltr'><strong>qui</strong></span> <span class='ocrx_word' id='word_1_305' title='bbox 346 3406 434 3464; x_wconf 77' lang='lat' dir='ltr'><strong>supro</strong></span> <span class='ocrx_word' id='word_1_306' title='bbox 450 3387 523 3446; x_wconf 82' lang='lat' dir='ltr'><strong>illud</strong></span> <span class='ocrx_word' id='word_1_307' title='bbox 537 3395 594 3457; x_wconf 85' lang='lat' dir='ltr'><strong>cst,</strong></span> <span class='ocrx_word' id='word_1_308' title='bbox 619 3387 650 3444; x_wconf 85' lang='lat' dir='ltr'><strong>id</strong></span> <span class='ocrx_word' id='word_1_309' title='bbox 666 3403 731 3444; x_wconf 86' lang='lat' dir='ltr'><strong>uero</strong></span> <span class='ocrx_word' id='word_1_310' title='bbox 750 3388 853 3444; x_wconf 84' lang='lat' dir='ltr'><strong>iustum</strong></span> <span class='ocrx_word' id='word_1_311' title='bbox 872 3396 1011 3445; x_wconf 83' lang='lat' dir='ltr'><strong>censetur.</strong></span> <span class='ocrx_word' id='word_1_312' title='bbox 1056 3389 1156 3447; x_wconf 86' lang='lat' dir='ltr'><strong>Nonne</strong></span> <span class='ocrx_word' id='word_1_313' title='bbox 1176 3390 1220 3447; x_wconf 85' lang='lat' dir='ltr'><strong>cl-</strong></span> 
     </span>
     <span class='ocr_line' id='line_1_32' title="bbox 88 3488 1220 3568; baseline 0.002 -21"><span class='ocrx_word' id='word_1_314' title='bbox 88 3497 141 3547; x_wconf 69' lang='grc' dir='ltr'>ιιι-ι</span> <span class='ocrx_word' id='word_1_315' title='bbox 155 3499 256 3568; x_wconf 80' lang='lat' dir='ltr'><strong>portat</strong></span> <span class='ocrx_word' id='word_1_316' title='bbox 276 3491 307 3548; x_wconf 85' lang='lat' dir='ltr'><strong>id</strong></span> <span class='ocrx_word' id='word_1_317' title='bbox 326 3490 401 3566; x_wconf 85' lang='lat' dir='ltr'><strong>quod</strong></span> <span class='ocrx_word' id='word_1_318' title='bbox 422 3491 577 3566; x_wconf 75' lang='lat' dir='ltr'><strong>inpositum</strong></span> <span class='ocrx_word' id='word_1_319' title='bbox 598 3497 656 3559; x_wconf 80' lang='lat' dir='ltr'><strong>cri,</strong></span> <span class='ocrx_word' id='word_1_320' title='bbox 682 3497 711 3546; x_wconf 87' lang='lat' dir='ltr'><strong>ct</strong></span> <span class='ocrx_word' id='word_1_321' title='bbox 727 3489 832 3548; x_wconf 83' lang='lat' dir='ltr'><strong>coelum</strong></span> <span class='ocrx_word' id='word_1_322' title='bbox 848 3488 966 3547; x_wconf 72' lang='lat' dir='ltr'><strong>tirum</strong></span> <span class='ocrx_word' id='word_1_323' title='bbox 981 3490 1042 3548; x_wconf 74' lang='lat' dir='ltr'><strong>caiis</strong></span> <span class='ocrx_word' id='word_1_324' title='bbox 1062 3499 1107 3548; x_wconf 86' lang='lat' dir='ltr'><strong>cst</strong></span> <span class='ocrx_word' id='word_1_325' title='bbox 1121 3493 1173 3568; x_wconf 85' lang='lat' dir='ltr'><strong>qui</strong></span> <span class='ocrx_word' id='word_1_326' title='bbox 1190 3492 1220 3549; x_wconf 81' lang='lat' dir='ltr'><strong>in</strong></span> 
     </span>
     <span class='ocr_line' id='line_1_33' title="bbox 87 3589 1369 3669; baseline 0.009 -25"><span class='ocrx_word' id='word_1_327' title='bbox 87 3589 129 3647; x_wconf 82' lang='lat' dir='ltr'><strong>allo</strong></span> <span class='ocrx_word' id='word_1_328' title='bbox 142 3593 267 3650; x_wconf 65' lang='lat' dir='ltr'><strong>wadel?</strong></span> <span class='ocrx_word' id='word_1_329' title='bbox 307 3591 349 3650; x_wconf 84' lang='lat' dir='ltr'><strong>Et</strong></span> <span class='ocrx_word' id='word_1_330' title='bbox 365 3591 439 3669; x_wconf 85' lang='lat' dir='ltr'><strong>quod</strong></span> <span class='ocrx_word' id='word_1_331' title='bbox 452 3591 561 3649; x_wconf 77' lang='lat' dir='ltr'><strong>dicitis.-</strong></span> <span class='ocrx_word' id='word_1_332' title='bbox 585 3591 622 3649; x_wconf 90' lang='lat' dir='ltr'><strong>Si</strong></span> <span class='ocrx_word' id='word_1_333' title='bbox 636 3592 698 3668; x_wconf 76' lang='lat' dir='ltr'><strong>quis</strong></span> <span class='ocrx_word' id='word_1_334' title='bbox 712 3591 821 3648; x_wconf 70' lang='lat' dir='ltr'><strong>demerui</strong></span> <span class='ocrx_word' id='word_1_335' title='bbox 828 3592 911 3666; x_wconf 81' lang='lat' dir='ltr'><strong>putri</strong></span> <span class='ocrx_word' id='word_1_336' title='bbox 926 3599 956 3648; x_wconf 84' lang='lat' dir='ltr'><strong>et</strong></span> <span class='ocrx_word' id='word_1_337' title='bbox 966 3593 1067 3662; x_wconf 78' lang='lat' dir='ltr'><strong>moiri,</strong></span> <span class='ocrx_word' id='word_1_338' title='bbox 1093 3590 1214 3662; x_wconf 72' lang='lat' dir='ltr'><strong>Cordum,</strong></span> <span class='ocrx_word' id='word_1_339' title='bbox 1225 3603 1299 3650; x_wconf 76' lang='lat' dir='ltr'><strong>Mara</strong></span> <span class='ocrx_word' id='word_1_340' title='bbox 1307 3607 1329 3664; x_wconf 83' lang='grc' dir='ltr'><strong>ι,</strong></span> <span class='ocrx_word' id='word_1_341' title='bbox 1338 3610 1369 3655; x_wconf 90' lang='grc' dir='ltr'><strong>ιι.</strong></span> 
     </span>
     <span class='ocr_line' id='line_1_34' title="bbox 87 3689 1222 3771; baseline 0.004 -25"><span class='ocrx_word' id='word_1_342' title='bbox 87 3691 131 3750; x_wconf 81' lang='lat' dir='ltr'><strong>tac</strong></span> <span class='ocrx_word' id='word_1_343' title='bbox 147 3703 191 3752; x_wconf 81' lang='lat' dir='ltr'><strong>est</strong></span> <span class='ocrx_word' id='word_1_344' title='bbox 206 3711 309 3752; x_wconf 79' lang='lat' dir='ltr'><strong>munus</strong></span> <span class='ocrx_word' id='word_1_345' title='bbox 323 3693 399 3771; x_wconf 86' lang='lat' dir='ltr'><strong>quod</strong></span> <span class='ocrx_word' id='word_1_346' title='bbox 414 3711 451 3750; x_wconf 71' lang='lat' dir='ltr'><strong>eac</strong></span> <span class='ocrx_word' id='word_1_347' title='bbox 466 3711 507 3750; x_wconf 85' lang='lat' dir='ltr'><strong>me</strong></span> <span class='ocrx_word' id='word_1_348' title='bbox 523 3689 577 3749; x_wconf 83' lang='lat' dir='ltr'><strong>tibi</strong></span> <span class='ocrx_word' id='word_1_349' title='bbox 589 3693 734 3768; x_wconf 78' lang='lat' dir='ltr'><strong>proderit,</strong></span> <span class='ocrx_word' id='word_1_350' title='bbox 759 3700 789 3750; x_wconf 82' lang='lat' dir='ltr'><strong>ct</strong></span> <span class='ocrx_word' id='word_1_351' title='bbox 805 3710 860 3750; x_wconf 84' lang='lat' dir='ltr'><strong>non</strong></span> <span class='ocrx_word' id='word_1_352' title='bbox 877 3691 1027 3751; x_wconf 77' lang='lat' dir='ltr'><strong>honorabit</strong></span> <span class='ocrx_word' id='word_1_353' title='bbox 1043 3703 1168 3770; x_wconf 81' lang='lat' dir='ltr'><strong>patrem,</strong></span> <span class='ocrx_word' id='word_1_354' title='bbox 1191 3701 1222 3751; x_wconf 85' lang='lat' dir='ltr'><strong>ct</strong></span> 
     </span>
     <span class='ocr_line' id='line_1_35' title="bbox 87 3793 1222 3872; baseline 0.001 -21"><span class='ocrx_word' id='word_1_355' title='bbox 87 3795 187 3852; x_wconf 74' lang='grc' dir='ltr'>ιἰτιίιιιι</span> <span class='ocrx_word' id='word_1_356' title='bbox 202 3795 315 3872; x_wconf 67' lang='lat' dir='ltr'><strong>saccini</strong></span> <span class='ocrx_word' id='word_1_357' title='bbox 328 3795 488 3852; x_wconf 76' lang='lat' dir='ltr'><strong>mundabor</strong></span> <span class='ocrx_word' id='word_1_358' title='bbox 504 3793 553 3852; x_wconf 86' lang='lat' dir='ltr'><strong>dci</strong></span> <span class='ocrx_word' id='word_1_359' title='bbox 564 3811 617 3870; x_wconf 85' lang='lat' dir='ltr'><strong>per</strong></span> <span class='ocrx_word' id='word_1_360' title='bbox 633 3793 809 3850; x_wconf 82' lang='lat' dir='ltr'><strong>trudin&#39;oncm</strong></span> <span class='ocrx_word' id='word_1_361' title='bbox 822 3795 963 3852; x_wconf 77' lang='lat' dir='ltr'><strong>seniorum</strong></span> <span class='ocrx_word' id='word_1_362' title='bbox 982 3803 1145 3853; x_wconf 67' lang='lat' dir='ltr'><strong>amborum.</strong></span> <span class='ocrx_word' id='word_1_363' title='bbox 1180 3795 1222 3853; x_wconf 83' lang='lat' dir='ltr'><strong>Et</strong></span> 
     </span>
     <span class='ocr_line' id='line_1_36' title="bbox 86 3894 1219 3973; baseline 0.005 -25"><span class='ocrx_word' id='word_1_364' title='bbox 86 3897 202 3956; x_wconf 70' lang='lat' dir='ltr'><strong>sienim</strong></span> <span class='ocrx_word' id='word_1_365' title='bbox 218 3915 299 3954; x_wconf 84' lang='lat' dir='ltr'><strong>merc</strong></span> <span class='ocrx_word' id='word_1_366' title='bbox 316 3904 346 3954; x_wconf 85' lang='lat' dir='ltr'><strong>ct</strong></span> <span class='ocrx_word' id='word_1_367' title='bbox 366 3896 474 3953; x_wconf 76' lang='lat' dir='ltr'><strong>ureiiom</strong></span> <span class='ocrx_word' id='word_1_368' title='bbox 497 3903 530 3952; x_wconf 86' lang='lat' dir='ltr'><strong>ut</strong></span> <span class='ocrx_word' id='word_1_369' title='bbox 544 3894 661 3973; x_wconf 74' lang='lat' dir='ltr'><strong>firccbtic</strong></span> <span class='ocrx_word' id='word_1_370' title='bbox 677 3913 761 3953; x_wconf 73' lang='lat' dir='ltr'><strong>mum</strong></span> <span class='ocrx_word' id='word_1_371' title='bbox 781 3896 970 3972; x_wconf 70' lang='lat' dir='ltr'><strong>proselytum,</strong></span> <span class='ocrx_word' id='word_1_372' title='bbox 995 3905 1025 3954; x_wconf 85' lang='lat' dir='ltr'><strong>ct</strong></span> <span class='ocrx_word' id='word_1_373' title='bbox 1043 3913 1105 3954; x_wconf 83' lang='lat' dir='ltr'><strong>cum</strong></span> <span class='ocrx_word' id='word_1_374' title='bbox 1119 3894 1219 3972; x_wconf 78' lang='lat' dir='ltr'><strong>sactus</strong></span> 
     </span>
     <span class='ocr_line' id='line_1_37' title="bbox 84 3993 1217 4078; baseline 0.002 -22"><span class='ocrx_word' id='word_1_375' title='bbox 84 3995 178 4068; x_wconf 59' lang='lat' dir='ltr'><strong>berni,</strong></span> <span class='ocrx_word' id='word_1_376' title='bbox 199 3999 304 4078; x_wconf 71' lang='lat' dir='ltr'><strong>sociiis</strong></span> <span class='ocrx_word' id='word_1_377' title='bbox 320 3997 398 4055; x_wconf 87' lang='lat' dir='ltr'><strong>ilium</strong></span> <span class='ocrx_word' id='word_1_378' title='bbox 415 3995 499 4073; x_wconf 83' lang='lat' dir='ltr'><strong>dupio</strong></span> <span class='ocrx_word' id='word_1_379' title='bbox 520 4015 602 4073; x_wconf 84' lang='lat' dir='ltr'><strong>quum</strong></span> <span class='ocrx_word' id='word_1_380' title='bbox 621 4014 668 4054; x_wconf 80' lang='lat' dir='ltr'><strong>uos</strong></span> <span class='ocrx_word' id='word_1_381' title='bbox 682 3995 776 4072; x_wconf 65' lang='lat' dir='ltr'><strong>filliam</strong></span> <span class='ocrx_word' id='word_1_382' title='bbox 794 4015 928 4073; x_wconf 83' lang='lat' dir='ltr'><strong>gecanue.</strong></span> <span class='ocrx_word' id='word_1_383' title='bbox 975 3993 1052 4077; x_wconf 82' lang='lat' dir='ltr'><strong>Quid</strong></span> <span class='ocrx_word' id='word_1_384' title='bbox 1074 3994 1161 4077; x_wconf 78' lang='lat' dir='ltr'><strong>igitur</strong></span> <span class='ocrx_word' id='word_1_385' title='bbox 1182 3996 1217 4058; x_wconf 78' lang='lat' dir='ltr'><strong>ad</strong></span> 
     </span>
     <span class='ocr_line' id='line_1_38' title="bbox 85 4093 1220 4180; baseline 0.005 -27"><span class='ocrx_word' id='word_1_386' title='bbox 85 4111 130 4156; x_wconf 84' lang='lat' dir='ltr'><strong>eos</strong></span> <span class='ocrx_word' id='word_1_387' title='bbox 148 4096 280 4159; x_wconf 85' lang='lat' dir='ltr'><strong>homines</strong></span> <span class='ocrx_word' id='word_1_388' title='bbox 296 4095 473 4158; x_wconf 77' lang='lat' dir='ltr'><strong>refellendos</strong></span> <span class='ocrx_word' id='word_1_389' title='bbox 489 4093 596 4157; x_wconf 84' lang='lat' dir='ltr'><strong>divinia</strong></span> <span class='ocrx_word' id='word_1_390' title='bbox 618 4093 676 4157; x_wconf 88' lang='lat' dir='ltr'><strong>illis</strong></span> <span class='ocrx_word' id='word_1_391' title='bbox 693 4094 847 4158; x_wconf 88' lang='lat' dir='ltr'><strong>sententiis</strong></span> <span class='ocrx_word' id='word_1_392' title='bbox 862 4095 947 4158; x_wconf 90' lang='lat' dir='ltr'><strong>adiici</strong></span> <span class='ocrx_word' id='word_1_393' title='bbox 965 4095 1085 4180; x_wconf 87' lang='lat' dir='ltr'><strong>gravius</strong></span> <span class='ocrx_word' id='word_1_394' title='bbox 1104 4097 1220 4180; x_wconf 82' lang='lat' dir='ltr'><strong>potest?</strong></span> 
     </span>
     <span class='ocr_line' id='line_1_39' title="bbox 85 4189 1219 4279; baseline 0.008 -26"><span class='ocrx_word' id='word_1_395' title='bbox 85 4189 175 4279; x_wconf 87' lang='lat' dir='ltr'><strong>ltaque</strong></span> <span class='ocrx_word' id='word_1_396' title='bbox 191 4197 263 4260; x_wconf 88' lang='lat' dir='ltr'><strong>satis</strong></span> <span class='ocrx_word' id='word_1_397' title='bbox 281 4217 349 4259; x_wconf 85' lang='lat' dir='ltr'><strong>esse</strong></span> <span class='ocrx_word' id='word_1_398' title='bbox 368 4195 495 4259; x_wconf 90' lang='lat' dir='ltr'><strong>arbitror</strong></span> <span class='ocrx_word' id='word_1_399' title='bbox 512 4196 666 4263; x_wconf 87' lang='lat' dir='ltr'><strong>salvatoris</strong></span> <span class='ocrx_word' id='word_1_400' title='bbox 684 4216 786 4258; x_wconf 85' lang='lat' dir='ltr'><strong>vocem</strong></span> <span class='ocrx_word' id='word_1_401' title='bbox 807 4217 840 4260; x_wconf 89' lang='lat' dir='ltr'><strong>ac</strong></span> <span class='ocrx_word' id='word_1_402' title='bbox 858 4196 1042 4262; x_wconf 79' lang='lat' dir='ltr'><strong>verissimum</strong></span> <span class='ocrx_word' id='word_1_403' title='bbox 1063 4197 1133 4262; x_wconf 93' lang='lat' dir='ltr'><strong>illud</strong></span> <span class='ocrx_word' id='word_1_404' title='bbox 1153 4220 1219 4262; x_wconf 87' lang='lat' dir='ltr'><strong>ora·</strong></span> 
     </span>
     <span class='ocr_line' id='line_1_40' title="bbox 85 4296 976 4384; baseline 0.009 -29"><span class='ocrx_word' id='word_1_405' title='bbox 85 4297 190 4377; x_wconf 86' lang='lat' dir='ltr'><strong>culum,</strong></span> <span class='ocrx_word' id='word_1_406' title='bbox 213 4299 260 4363; x_wconf 90' lang='lat' dir='ltr'><strong>cui</strong></span> <span class='ocrx_word' id='word_1_407' title='bbox 282 4319 320 4361; x_wconf 85' lang='lat' dir='ltr'><strong>ne</strong></span> <span class='ocrx_word' id='word_1_408' title='bbox 344 4299 490 4360; x_wconf 87' lang='lat' dir='ltr'><strong>minimum</strong></span> <span class='ocrx_word' id='word_1_409' title='bbox 513 4297 628 4380; x_wconf 88' lang='lat' dir='ltr'><strong>quidem</strong></span> <span class='ocrx_word' id='word_1_410' title='bbox 650 4296 787 4360; x_wconf 90' lang='lat' dir='ltr'><strong>reluctari</strong></span> <span class='ocrx_word' id='word_1_411' title='bbox 808 4310 976 4384; x_wconf 84' lang='lat' dir='ltr'><strong>potueruut.</strong></span> 
     </span>
    </p>
   </div>
   <div class='ocr_carea' id='block_1_4' title="bbox 84 4441 864 4583">
    <p class='ocr_par' dir='ltr' id='par_1_5' title="bbox 84 4441 864 4583">
     <span class='ocr_line' id='line_1_41' title="bbox 110 4441 864 4516; baseline 0.009 -17"><span class='ocrx_word' id='word_1_412' title='bbox 110 4449 248 4503; x_wconf 68' lang='grc' dir='ltr'><strong>ἰλίλυται</strong></span> <span class='ocrx_word' id='word_1_413' title='bbox 270 4453 323 4502; x_wconf 86' lang='lat' dir='ltr'><strong>cod.</strong></span> <span class='ocrx_word' id='word_1_414' title='bbox 342 4453 418 4500; x_wconf 73' lang='lat' dir='ltr'><strong>Vann-</strong></span> <span class='ocrx_word' id='word_1_415' title='bbox 452 4447 566 4502; x_wconf 67' lang='grc' dir='ltr'><strong>λέλεκται</strong></span> <span class='ocrx_word' id='word_1_416' title='bbox 590 4451 633 4498; x_wconf 87' lang='lat' dir='ltr'><strong>bu·</strong></span> <span class='ocrx_word' id='word_1_417' title='bbox 666 4441 742 4516; x_wconf 73' lang='grc' dir='ltr'>ὅρκοι</span> <span class='ocrx_word' id='word_1_418' title='bbox 759 4449 864 4506; x_wconf 74' lang='grc' dir='ltr'><strong>λέλυται.</strong></span> 
     </span>
     <span class='ocr_line' id='line_1_42' title="bbox 84 4517 632 4583; baseline 0.004 -16"><span class='ocrx_word' id='word_1_419' title='bbox 84 4517 220 4583; x_wconf 59' lang='lat' dir='ltr'><strong>burcinas·</strong></span> <span class='ocrx_word' id='word_1_420' title='bbox 233 4523 297 4571; x_wconf 80' lang='lat' dir='ltr'><strong>libri.</strong></span> <span class='ocrx_word' id='word_1_421' title='bbox 330 4520 441 4571; x_wconf 71' lang='lat' dir='ltr'><strong>Pitonius</strong></span> <span class='ocrx_word' id='word_1_422' title='bbox 453 4519 574 4582; x_wconf 66' lang='lat' dir='ltr'><strong>armarant</strong></span> <span class='ocrx_word' id='word_1_423' title='bbox 588 4519 632 4571; x_wconf 82' lang='grc' dir='ltr'><strong>τοῦ</strong></span> 
     </span>
    </p>
   </div>
   <div class='ocr_carea' id='block_1_5' title="bbox 0 0 1508 4990">
    <p class='ocr_par' dir='ltr' id='par_1_6' title="bbox 0 0 1508 4990">
     <span class='ocr_line' id='line_1_43' title="bbox 0 0 1508 4990; baseline 0 1"><span class='ocrx_word' id='word_1_424' title='bbox 0 0 1508 4990; x_wconf 95' lang='lat' dir='ltr'><strong> </strong></span> 
     </span>
    </p>
   </div>
  </div>
 </body>
</html>
