2986 4996
256 277 296 341 28
674 287 792 339 ειαονι
812 285 979 338 mmmm

125 423 190 492 Κεφ.
208 423 240 493 β.
330 401 428 470 Ἔστω
452 403 484 470 δέ
506 401 524 470 ό
546 401 657 479 σκοπός
683 403 793 468 ιπαντί
818 407 860 492 τῷ
885 399 1088 486 ἐντυγχάνοντι
1115 403 1183 486 περί
1207 399 1317 478 παντός
1347 405 1406 466 τοῦ

255 503 431 588 ζητήματος,
455 502 523 580 ἀῖς
546 512 605 570 τοῖν
626 511 740 590 καιρῶν
760 507 821 570 ἐστι
842 504 892 568 καί
910 501 1024 588 χρόνων
1043 501 1081 566 τά
1108 502 1322 588 8έφευρήμοιτα
1345 500 1406 568 ὅσα
1455 518 1457 522 ’

256 605 397 690 ήδυνήθη
418 604 437 673 ό
459 604 588 691 4μικρδς
615 603 701 688 ήμιῦν
723 611 795 681 νοῦς
820 605 992 686 ἐξασκηθείς
1018 606 1252 686 καταλαβέσθαι,
1282 605 1335 668 καὶ
1367 599 1405 669 οό

257 707 374 784 πάντας
396 734 456 773 που
477 706 711 793 ἐπαγγελλόμεθα
728 705 849 772 πάντων
870 713 929 772 τοῖν
946 708 978 771 ἐν
997 713 1038 794 τῷ
1060 703 1171 796 κόσμῳ.
1205 702 1326 785 Ἀφατα
1344 703 1405 791 γάρ

257 811 382 874 ἐστικαὶ
398 807 494 891 φατά,
517 807 657 892 άμόθητά
673 833 704 873 τε
724 809 776 874 καί
796 810 827 872 ἐν
841 804 962 896 άριθμρῖ
983 804 1047 890 ὖμή
1072 806 1315 890 οιιαθιστάμενα,
1338 809 1405 885 καὶ,

257 910 329 976 ὅσον
345 911 398 993 μὲν
417 913 458 986 είς
479 908 660 996 άνθριόπους
681 903 768 992 ήκεν,
791 906 949 989 οίνέφικτα,
971 907 1052 996 μόνην
1074 910 1106 975 δέ
1121 917 1162 998 τῷ
1182 915 1240 974 τοῖν
1257 907 1335 975 ὅλων
1358 911 1406 972 δε-

258 1012 353 1102 οπότη
374 1011 582 1098 γινωσκόμενα.
629 1009 670 1076 Τό
690 1012 722 1075 δέ
744 1009 909 1096 ἐπάγγελμα
925 1013 982 1093 ἔχει
1003 1010 1070 1093 περί
1089 1014 1237 1095 διαφορᾶς
1255 1013 1353 1088 δοξοῖν
1375 1034 1406 1074 τε

257 1114 308 1178 καί
327 1112 477 1200 γνόσεων,
504 1110 727 1198 έπαγγελμότων
746 1137 777 1176 τε
797 1117 921 1187 πίστεως
941 1115 998 1178 γἐκ
1015 1119 1091 1178 θεοῦ
1114 1113 1165 1176 καί
1185 1109 1336 1190 άπιστίας,
1361 1113 1406 1174 αἱ·

258 1214 365 1300 ρέσεοίν
381 1217 477 1280 τεκαὶ
494 1212 659 1292 κακοδόξου
679 1212 799 1299 γνώμης
816 1210 1006 1299 άνθρωπείας
1022 1211 1081 1280 ῦπδ
1101 1214 1330 1296 πεπλανημένων
1353 1237 1404 1276 αν-

258 1319 336 1400 δροῖν
353 1319 385 1382 έν
400 1315 502 1405 κόσμρο
523 1317 719 1400 έσπαρμένης,
742 1313 819 1392 ἐξότε
837 1313 1000 1398 άνθρωπος
1018 1317 1068 1380 ἐπί
1086 1321 1140 1400 γῆς
1159 1309 1319 1380 πέπλασται
1337 1311 1405 1397 ἄχρι

257 1424 310 1483 τοῦ
326 1414 468 1501 ήμετέρου
480 1415 602 1502 χρόνον,
617 1418 745 1483 τουτέστι
762 1419 907 1499 βασιλείας
927 1414 1195 1481 ΙὈιῖαλεντινιανοῦ
1209 1415 1260 1480 καί
1276 1413 1405 1479 Οόάλεν-

257 1545 308 1594 τος
324 1517 480 1584 ἑνδεκάτου
495 1521 590 1598 ἐτους,
610 1519 661 1582 καὶ
676 1524 849 1600 Γρατιανοῦ.
881 1525 946 1582 Τῶν
962 1518 994 1582 δέ
1010 1514 1063 1599 ὕφ’
1080 1515 1166 1600 ήμῶν
1182 1515 1346 1599 μελλόντων
1364 1519 1406 1592 είς

257 1627 366 1705 γνοῦσιν
377 1627 436 1684 τῶν
451 1616 684 1704 ἐντυγχανόντων
698 1618 781 1702 ήκειν
799 1617 939 1702 αίρέσεοόν
951 1643 982 1683 τε
995 1621 1122 1685 καὶτῶν
1143 1617 1280 1684 άνωτάτω
1298 1615 1336 1682 τά
1352 1617 1406 1700 μὲν

258 1723 291 1786 ἐκ
318 1725 514 1801 φιλομαθείας
537 1723 634 1803 λομεν,
661 1719 698 1784 τά
721 1721 751 1785 δέ
770 1723 800 1797 ἐξ
820 1717 913 1803 α’κοής
934 1719 1164 1803 κατειλήφαμεν,
1191 1729 1254 1796 τοῖς
1275 1721 1308 1785 δέ
1329 1741 1406 1784 τισιν

259 1825 346 1896 ίδίοις
362 1819 416 1886 ω’σί
435 1823 485 1886 καί
504 1820 673 1902 όφθαλμοῖς
688 1820 900 1907 παρετόχομεν,
921 1823 971 1888 καί
987 1829 1046 1886 τοῖν
1064 1823 1117 1903 μέν
1132 1819 1185 1898 τάς
1203 1825 1283 1906 ῥίζας
1299 1822 1352 1886 καί
1368 1817 1406 1884 τά

258 1921 421 2008 διδάγματα
442 1925 472 2001 ἐξ
491 1921 634 2007 άκριβοῦς
654 1926 822 2008 ἐπαγγελίας
837 1921 1001 1988 άποδοῦναι
1018 1922 1266 2006 πεπιστεύκαμεν,
1288 1928 1349 1988 τοῖν
1372 1921 1405 1986 δὲ

258 2025 347 2108 μέρος
370 2051 398 2089 τι
417 2032 476 2088 τιῦν
497 2023 589 2110 οπαρ’
606 2023 709 2100 αόταῖς
732 2025 953 2109 λογινομένων·
976 2027 1005 2102 ἐξ
1022 2017 1064 2090 οἷν
1087 2031 1175 2090 τοῦτο
1194 2025 1247 2107 μέν
1265 2023 1316 2089 διά
1337 2045 1406 2088 συν-

257 2123 411 2210 ταγμάτων
433 2133 566 2192 παλαιοῖν
582 2127 787 2210 συγγραφέων,
808 2133 895 2190 τοῦτο
914 2123 1003 2190 δέδι’
1024 2123 1115 2208 άκοής
1133 2124 1304 2211 άνθροότιων
1320 2123 1405 2210 άιιρι-

159 2257 210 2301 ρος,
223 2245 243 2290 τ.
260 2230 323 2310 βοῖς
344 2229 570 2310 πιστωσαμένων
593 2225 648 2310 τήν
670 2223 756 2310 ήμῶν
782 2230 899 2292 ἔννοιαν
923 2229 1060 2312 ἐγνωμεν.
1108 2233 1202 2293 Τοῦτο
1230 2228 1263 2292 δέ
1287 2225 1320 2292 τό
1344 2232 1406 2290 πᾶν

260 2326 463 2412 συνηγάγομεν
479 2328 661 2410 φρόντισμα,
683 2326 719 2394 οῦ
742 2325 780 2394 δι’
800 2331 912 2394 έαυτοῖν
932 2325 1168 2411 ἐπιβαλλόμενοι,
1196 2325 1253 2394 οόκ
1275 2331 1403 2412 ἐπεντρι-

260 2430 359 2511 βέντες
380 2432 560 2515 ἐπαγγελίαις
581 2427 828 2514 όπερβαινοόσαις
846 2428 899 2513 τήν
916 2427 1000 2512 ήμῶν
1020 2434 1222 2515 βραχυλογίαν.
1266 2431 1327 2494 Καὶ
1349 2427 1405 2514 γάρ

259 2531 311 2595 καὶ
326 2527 418 2596 αὐτόν
436 2539 543 2598 τοῦτον
560 2529 613 2597 τόν
627 2530 730 2616 λόγον,
751 2530 787 2598 δν
803 2541 958 2598 συνθεῖναι
973 2529 1180 2614 ηὐδοκήσαμεν
1201 2538 1276 2596 θεοῦ
1297 2528 1405 2612 βουλή-

260 2651 319 2710 σει,
341 2632 371 2710 ἐξ
389 2629 505 2716 οίνδροῖν
528 2642 561 2680 ¹¹
572 2630 756 2712 φιλοκάλων,
779 2629 883 2698 άλλοθι
910 2631 1047 2717 ι’άλλως
1063 2634 1112 2697 καί
1130 2631 1230 2697 όλλοτε
1246 2630 1339 2707 άλλως
1353 2657 1403 2695 νυ·

259 2731 373 2810 ξάντων
388 2731 441 2815 τήν
454 2731 539 2816 ήμοῖν
555 2731 721 2813 άσθένειαν,
741 2736 793 2799 καλ
808 2737 992 2818 βιασαμένων
1007 2731 1095 2816 ήμᾶς,
1117 2730 1158 2809 ιός
1175 2737 1277 2812 είπεῖν,
1298 2739 1404 2817 παρελ-

259 2842 327 2898 θεῖν
349 2837 391 2910 είς
410 2841 512 2914 τοῦτο,
534 2832 574 2910 οἷς
597 2831 618 2917 ή
641 2832 726 2917 όμιῦν
745 2834 876 2919 τιμιότης
894 2834 1052 2923 γράφουσα
1075 2832 1125 2898 διά
1153 2842 1186 2881 ¹³
1199 2840 1404 2919 προςρητικοῖν

260 2934 436 3019 γραμμάτων
456 2934 578 3019 ήτησεν,
601 2928 811 3018 άτιμιοότατοί
831 2963 889 3020 μου
908 2935 1030 3017 άδελφοί
1052 2939 1102 3001 καὶ
1129 2934 1404 3016 Ιίέφιλοιιαλοίτατοι

259 3033 375 3100 Ἀκάκιι
398 3037 449 3101 καί
469 3043 569 3102 Παῦλε
586 3036 850 3122 συμπρεσβότεροι·
872 3041 935 3104 ἐπεί
957 3031 1013 3103 οῦν
1030 3037 1217 3120 πανταχόθεν
1240 3034 1297 3102 οῦκ
1319 3033 1405 3102 άθεεῖ

267 3143 299 3182 ¹⁶
318 3137 519 3220 διασιωπήσας
547 3136 599 3214 τάς
622 3137 748 3220 ψήφους
770 3148 828 3206 τοῖν
850 3138 991 3222 αἰτήσεων
1014 3137 1064 3204 διά
1088 3137 1142 3221 τήν
1165 3135 1405 3222 ὑπερβάλλουσαν

261 3245 320 3302 τοῖν
338 3245 391 3303 τοῦ
406 3247 485 3304 θεοῦ
504 3238 618 3305 δοόλων
639 3237 758 3324 άγάπην
787 3244 898 3306 Ιθείσω
919 3247 1079 3326 παρελθεῖν
1092 3244 1286 3322 κατηξίωμαι,
1309 3237 1347 3304 οῦ
1368 3235 1404 3303 δι’

260 3337 393 3415 εὐεπείας
409 3337 518 3424 λόγων,
540 3337 577 3405 οῦ
596 3339 759 3423 στωμόλοις
773 3344 832 3408 τισί
847 3351 1013 3427 φθογγαῖς,
1036 3339 1094 3405 άλλ’
1108 3338 1186 3430 άπλή
1201 3349 1236 3430 τή
1254 3342 1404 3427 διαλέκτῳ,

261 3437 343 3530 άπλςῖ
358 3447 399 3530 τῷ
415 3439 503 3530 λόγῳ,
518 3438 652 3531 άκριβείμ
667 3443 701 3509 δδ
717 3450 777 3509 τοῖν
794 3445 825 3508 ἐν
839 3451 881 3532 τρῖ
897 3442 975 3532 λόγφ
992 3443 1191 3526 δηλουμένων,
1209 3440 1334 3528 ἄρξομαι
1351 3445 1404 3506 τοῦ

260 3543 361 3628 λέγειν.

129 3664 194 3732 Κεφ.
212 3661 244 3731 γ’.
346 3647 406 3738 Καὶ
423 3647 592 3730 Νίκανδρος
607 3647 660 3728 μέν
680 3644 698 3712 ό
718 3644 905 3732 συγγραφεδς
920 3653 1027 3730 θηροῖν
1047 3670 1078 3710 τε
1093 3647 1144 3710 καί
1158 3645 1288 3732 έρπετοῖν
1303 3639 1405 3723 έποιή·

261 3767 330 3812 σατο
358 3753 417 3813 τοῖν
443 3745 562 3828 φόσεων
588 3744 643 3830 τήν
666 3755 788 3833 γνοῦσιν,
819 3745 899 3814 όλλοι
927 3747 960 3813 δδ
983 3755 1161 3834 συγγραφεῖς
1180 3750 1267 3832 βιζοῖν
1295 3770 1325 3811 τε
1355 3743 1406 3810 καί

297 3952 355 4003 cn.
371 3955 402 4005 ΙΙ.
424 3982 458 3993 -
492 3954 514 4006 1.
531 3951 604 4006 παντί
620 3969 666 4004 om.
680 3957 818 4006 cod-th.
884 3951 908 4006 9.
925 3949 983 4019 παρ’
997 3947 1086 4012 αῦταῖς
1102 3955 1193 4002 correxi
1207 3954 1259 4004 τοῦ.
1273 3955 1350 4003 Veneti
1370 3953 1405 3999 ιἰι-

295 4019 319 4070 2.
336 4014 376 4073 ὅτι
392 4023 443 4072 cod.
463 4025 515 4072 λἰιι.
849 4025 933 4084 primis
953 4027 1043 4073 ιττιιλιιε
1062 4023 1219 4082 scripturam,
1242 4024 1267 4069 ιἰι
1283 4034 1328 4101 ραι
1344 4019 1406 4068 ιτλσί

270 4085 320 4170 ε3»
345 4086 508 4171 ἐφευρήματα
541 4089 592 4140 τοῦ
621 4091 694 4139 Venta
746 4091 818 4152 λἰιλρο
850 4083 909 4154 παρ’
926 4083 1017 4147 αότοῖς.
1053 4090 1126 4149 λἰιλρο
1147 4090 1230 4150 λιρῖλυε
1254 4081 1289 4139 ἅττ
1313 4080 1404 4148 τιν’ττῑε,

263 4170 445 4300 υφέέρόβιόήῦς
461 4225 511 4274 aod.
528 4226 581 4274 λἰιι.
850 4159 1092 4289 Ψδέλ.ηήδήίοήέέῦων
1108 4225 1159 4272 τοῦ.
1176 4225 1229 4273 Vm.

296 4301 320 4339 ο.
340 4285 439 4355 μήτινα
456 4293 523 4341 habet
539 4293 589 4341 eod.
606 4293 660 4340 λἰιι
887 4291 926 4341 11.
943 4285 1083 4358 φιλοκάλων
1100 4290 1150 4340 τοῦ.
1169 4293 1242 4342 Vend-
1278 4291 1351 4352 λἰιλρο
1365 4302 1404 4352 φι-

296 4351 323 4406 6.
338 4354 517 4423 καθιστάμενα
533 4361 584 4408 co&
601 4359 699 4421 Βλισιρ.
852 4351 975 4424 λοσόφωι.

297 4421 320 4474 7.
337 4440 366 4476 τε
380 4424 439 4476 θεοῦ
456 4423 500 4476 κοιλ
514 4419 647 4484 άπιστείας
663 4427 714 4476 οοιλ
731 4429 785 4478 λιιι.
888 4427 926 4476 1‘2.
943 4419 1024 4478 ἄλλων
1041 4427 1130 4475 volebat
1144 4427 1263 4475 Ριλαυῖυι.

296 4487 374 4544 &lla
387 4493 437 4544 m
456 4495 510 4542 λ’τιι.
546 4496 619 4557 Vulgo
637 4487 808 4548 Οῦαλτιτινοῦ.
888 4491 927 4546 λθ.
948 4491 1118 4558 προςρητοιῶν
1144 4493 1194 4543 αοιλ
1218 4494 1270 4544 λιιι.
1292 4503 1404 4557 αραςφυ·
