3006 4990
332 363 468 414 Panantt
486 363 562 414 ADV.
578 363 745 416 HAERESES
764 365 826 416 Lib.
841 367 859 416 1.
876 365 957 416 Tont.
971 367 990 415 l.
1179 355 1237 418 107

103 479 166 545 belia
179 479 356 564 inquinatos.
391 479 573 566 Quamquam
593 481 659 566 quid
675 481 779 544 attinet
798 481 927 566 pluribus
943 483 998 545 iata
1014 483 1169 568 persequi?
1192 482 1239 547 lu·

18 589 19 593 ’
104 583 172 646 linita
186 595 254 646 sunt
272 583 349 646 onim
369 603 462 665 neque
481 605 527 646 me
543 585 572 646 in
591 583 790 669 superioribus
807 583 975 648 refellendis
991 585 1160 650 haeresibus
1175 585 1239 648 lun·

17 707 19 787 ‘p
103 684 204 767 giorum
227 683 382 750 instituere
404 705 569 748 sermonem
593 686 732 770 temporis
754 685 829 746 ratio
853 687 969 770 patitur.

177 783 257 868 Ergo
280 795 391 870 septem
413 785 531 850 amitino
552 787 690 850 haereses
709 787 775 848 illae
795 785 1009 871 Hierosolymis
1033 787 1167 870 atqueiu
1193 784 1238 850 lu·
1259 795 1373 863 captat.

102 887 166 950 daea
183 890 319 964 luerunt,
343 898 467 970 quatuor
489 909 562 950 uero
585 909 601 954 a
624 886 707 952 uobis
726 896 810 950 antea
831 898 1074 950 nommamoratae
1092 888 1166 972 apud
1184 885 1240 952 Sa·

102 989 214 1052 mantas
230 999 261 1050 et
278 989 306 1050 in
326 986 460 1052 Samaria
476 989 649 1070 viguerunt,
674 989 725 1052 aed
741 989 798 1052 iana
818 1009 920 1071 anagnu
940 1009 979 1050 ex
996 1000 1077 1072 parte
1093 990 1239 1074 collapsae

101 1101 170 1154 aunt.
216 1087 323 1173 Neque
340 1090 417 1154 anim
437 1087 559 1152 Soribuo
577 1089 699 1173 amplius
714 1090 763 1153 ulli
783 1101 863 1166 aunt,
887 1110 981 1173 neque
999 1086 1163 1168 Pharisaei,
1188 1111 1239 1154 ne·

101 1211 149 1272 qne
172 1189 353 1266 Sadducaei„
378 1211 472 1274 neque
490 1189 781 1274 Hemerobaptistae,
811 1211 865 1252 neo
888 1187 1046 1254 Herodiani
1069 1203 1237 1275 supersunt.

99 1287 180 1358 Pauci
199 1293 313 1376 quidem
330 1293 472 1356 duntaxat
488 1289 659 1370 Nazaraei,
683 1311 759 1356 unua
774 1293 886 1356 auilioat
900 1291 948 1354 vel
965 1291 1040 1354 alter
1054 1311 1139 1373 supra
1158 1291 1239 1356 Tbe-

99 1391 204 1456 baidaua
221 1391 410 1478 Superiorem
435 1403 485 1458 aut
505 1391 645 1458 Arabiam
665 1404 786 1458 restent.
831 1390 890 1458 Sed
912 1403 943 1456 et
960 1388 1141 1458 Omanorum
1165 1415 1239 1458 non-

100 1495 187 1558 nullae
207 1507 275 1560 aaut
292 1495 452 1578 reliquiae,
477 1515 551 1578 quae
568 1515 669 1558 uuma
692 1491 816 1560 ladaiois
835 1494 937 1557 ritibna
952 1494 1129 1573 debuerint,
1152 1516 1185 1558 ae
1202 1498 1237 1560 ad

100 1593 253 1680 Sampsitas
272 1607 482 1680 aggregarunt,
507 1616 581 1680 quae
602 1595 688 1660 laedo
706 1596 782 1660 ultra
797 1593 882 1659 Mare
900 1592 1066 1672 Mortuum,
1090 1598 1164 1680 quod
1183 1594 1239 1658 Pa·-

98 1696 232 1762 laestinae
250 1699 400 1776 imminet,
425 1698 598 1761 eoaratitntaa
616 1719 633 1762 a
652 1698 810 1762 maioribus
825 1697 911 1762 aedes
927 1695 1055 1774 obtineta
1079 1699 1129 1760 aed
1154 1698 1238 1764 bodie

98 1795 237 1863 Ebionitia
264 1800 389 1864 adiuncti
414 1809 494 1862 auant.
540 1797 583 1864 lta
608 1801 713 1862 laetum
732 1799 882 1876 videmus,
916 1809 944 1862 ut
966 1809 995 1861 et
1014 1799 1061 1862 isti
1086 1819 1102 1860 a
1123 1796 1238 1862 lndaiea

98 1902 233 1984 religione
254 1901 450 1979 desuluerint,
474 1911 505 1964 et
519 1901 599 1964 velut
624 1900 708 1966 radia
727 1901 867 1984 quaedam
884 1899 914 1962 in
936 1901 1006 1962 duaa
1027 1911 1123 1983 partea
1146 1901 1239 1964 suiaaa

98 1999 143 2077 sit,
157 2004 342 2087 serpentinae
357 2023 475 2084 eorpus,
493 2022 599 2085 exquao
614 2001 711 2086 biuepa
729 2000 834 2083 unguis
845 1999 1058 2085 posteriorique
1074 2012 1156 2086 parte
1175 2023 1238 2064 mu·

98 2103 157 2168 tilua
180 2103 330 2168 dimidiato
353 2124 477 2187 corpure
499 2105 621 2168 adnatua
645 2103 831 2188 pendensque
855 2101 1006 2186 prodierit.
1094 2146 1096 2161 .

171 2203 325 2268 finetenus
351 2207 387 2267 de
414 2202 456 2268 lV
482 2201 733 2270 Samaritanorum
759 2204 867 2281 saetis,
901 2201 1071 2266 ludaeorum
1089 2199 1165 2280 Vll;
1199 2223 1238 2266 ex

99 2305 192 2386 quibus
210 2305 416 2371 Samaritanae
434 2307 575 2370 duntaxat
599 2318 659 2369 trea
681 2305 736 2368 boo
757 2316 887 2388 tempore
910 2315 1084 2390 supersuuta
1110 2301 1238 2368 Gortbe·

99 2427 209 2486 nmum,
235 2405 464 2485 venturorum,
487 2429 521 2470 ae
543 2404 757 2470 Sebnaeorum.
800 2404 878 2469 Nam
903 2403 1082 2470 Esseuorum
1106 2406 1183 2468 velut
1207 2407 1237 2468 in

99 2509 220 2572 tenebris
243 2510 423 2592 sepultorum
449 2509 572 2572 obseura
592 2508 732 2591 quaedam
757 2506 881 2590 vestigia
906 2519 1075 2572 ceruunntnr.
1121 2505 1170 2570 lix
1192 2504 1238 2569 lu·

98 2609 182 2673 daiuia
204 2611 261 2674 suli
287 2608 385 2674 ludaei
409 2630 444 2672 aa
466 2607 615 2674 Nazaraei
641 2619 764 2674 restant.
810 2604 919 2672 Osseaai
947 2607 1099 2672 aludaieo
1122 2610 1178 2672 ritu
1201 2609 1237 2672 ad

99 2707 299 2796 Sampaeorum
316 2711 451 2776 haeresin
477 2713 710 2794 translugerunt,
736 2722 766 2774 ut
785 2731 878 2793 aeque
896 2707 1014 2786 ludaei,
1039 2730 1132 2793 neque
1151 2707 1238 2774 Chri·

97 2812 176 2875 atiani
194 2813 267 2875 siut.
314 2812 396 2876 liaeo
411 2811 497 2874 babai
520 2813 648 2895 quaele
670 2811 804 2877 omuibus
823 2811 881 2876 illia
898 2811 987 2878 sautia
1008 2810 1156 2894 bubusque
1179 2811 1238 2874 dia·

97 2935 234 2976 sorerem.

565 3086 766 3096 ——--.-—

233 3238 298 3312 Illi
324 3237 674 3312 lncauuautuna
703 3238 896 3312 CHRISTI
921 3237 1100 3328 DOMINI,

96 3382 129 3429 aa
152 3359 292 3432 aemule
328 3381 545 3453 personarum
578 3382 659 3462 qupe
694 3363 746 3430 aab
778 3359 872 3430 unica
906 3381 942 3431 au
973 3356 1152 3454 singularis
1185 3353 1238 3427 dei

622 3477 716 3549 fides.

175 3625 237 3690 Sed
266 3647 282 3688 e
309 3625 435 3707 vestigio
456 3621 568 3688 Cbristi
592 3623 659 3688 lanu
687 3625 794 3688 domiui
819 3625 912 3690 nostri
938 3625 1080 3688 adventus
1108 3645 1173 3688 oum
1201 3643 1237 3684 eo
1255 3629 1316 3696 cap.
1336 3626 1355 3675 ¹·

96 3728 167 3806 quod
184 3738 358 3812 anaoeperat
379 3747 502 3810 uorpare
526 3737 703 3790 uuauseautua
725 3738 789 3805 esta
819 3729 867 3810 qni
887 3736 916 3789 et
933 3723 989 3788 Vll
1012 3727 1077 3790 illas
1099 3725 1239 3790 haereses

98 3823 311 3913 llieroeolymia
339 3829 475 3907 offendit,
509 3840 539 3892 et
567 3830 684 3894 easdem
713 3849 766 3892 aua
795 3829 824 3892 vi
854 3827 1007 3913 dissipavit
1036 3837 1066 3890 et
1095 3826 1235 3890 extinxit.

97 3924 291 4008 Qauaobrem
318 3931 448 4012 reliquae
471 3951 573 3994 omnes
596 3929 735 3994 baereaea
756 3932 883 3994 adventu
905 3930 954 3993 illo
977 3928 1158 4014 posteriores
1177 3929 1239 3991 lue·

97 4041 177 4108 ronta
209 4031 346 4094 uiuairauia
372 4043 523 4116 postquam
540 4029 636 4096 Maria
658 4033 742 4116 virgo
760 4031 924 4096 Nazaretbi
944 4052 962 4096 a
981 4029 1120 4096 Gabriele
1142 4029 1240 4094 eoele-

96 4141 164 4194 stem
195 4133 334 4196 aauamium
363 4135 494 4216 aooepit,
528 4155 562 4196 aa
585 4133 718 4196 dominus
741 4133 865 4196 bumauo
892 4151 1016 4217 corpore
1046 4131 1240 4194 circumlusua

96 4233 219 4314 prodiit,
243 4245 273 4296 et
287 4233 318 4296 in
335 4233 447 4296 eoelum
466 4245 601 4318 receptus
618 4247 675 4300 eat.
720 4233 838 4300 Eteuiua
858 4237 893 4300 ad
917 4234 1032 4298 bomani
1053 4233 1172 4315 genens
1191 4253 1239 4296 aa·

124 4436 135 4463 *
155 4439 254 4488 carae
268 4429 377 4500 ἀλήθεια
392 4432 527 4501 πρρςῶπων
544 4452 598 4488 anm
605 4441 649 4487 Pe·
682 4442 749 4488 ratur
761 4452 807 4488 aar
819 4435 956 4502 πρόςωπον,
970 4442 1023 4488 teate
1034 4438 1137 4488 Patauio.
1160 4439 1240 4486 utana

94 4507 160 4553 toan.
196 4506 254 4554 cau.
271 4506 367 4564 ltlaedip.
382 4510 403 4554 tt
417 4506 470 4554 adit.
492 4508 566 4566 prino.
584 4497 647 4569 ἅλή-
682 4508 810 4556 Camarina
832 4509 856 4556 a'n
874 4507 1058 4566 interpretatione
1073 4507 1160 4554 Latino
1181 4503 1241 4552 illud

96 4575 148 4624 buu
170 4568 311 4637 πρόςωπον.
344 4574 371 4622 ln
386 4575 435 4623 aad.
459 4575 535 4622 Para.
559 4575 648 4626 maida-
681 4569 810 4640 πρόςωπον
824 4575 930 4636 mutarit.
