3010 5000
349 301 484 354 annanu
500 301 564 355 ma.
577 303 597 357 r.
614 303 695 357 rom.
708 305 751 356 ur.
767 303 1027 360 arsemxxxrur.
1202 295 1260 360 521

107 445 163 506 per
181 445 259 507 quem
268 425 356 504 fildas
374 426 493 486 tamma
513 428 660 488 moderor!
699 421 816 488 Etenim
837 422 922 490 ludes
941 425 1014 490 haee
1033 427 1063 490 iu
1080 445 1113 492 sa
1131 447 1264 513 eompro-

112 525 194 590 bavit
210 525 324 603 omnia,
356 534 442 609 atque
465 537 493 589 et
510 525 691 590 laudatorum
709 548 829 592 suorum
850 540 881 591 et
896 541 1040 591 suammet
1062 530 1123 613 ipse
1147 531 1264 592 demeu-

114 628 181 691 tiom
203 629 249 692 vel
269 628 378 692 invitus
394 627 532 691 ostendit.
577 627 654 692 Nam
677 640 863 715 posteaquam
885 640 979 694 tamen
998 631 1116 714 triginta
1134 631 1199 696 illos
1217 653 1264 695 ar-

112 741 235 816 genteos
259 730 390 815 aeoepit,
422 729 601 814 poenitentia
624 731 726 795 duodus
748 733 899 817 peouniam
922 731 999 796 illam
1024 734 1168 811 restituit,
1202 747 1264 798 tau·

114 857 198 920 quam
218 833 285 899 mali
302 833 408 917 aliquid
426 843 626 918 perpetrasset
642 854 706 897 oum
724 834 798 913 sibi,
823 845 881 898 tum
900 835 937 899 iis
952 837 1000 920 qui
1019 834 1098 899 ornei
1114 831 1263 900 Christum

112 939 278 1001 affixerunt.
326 933 468 1000 Dominus
484 955 568 1015 vero,
592 957 645 1021 per
658 957 690 999 se
707 937 782 1020 quod
803 936 886 1000 uobis
901 948 987 1021 atque
1003 937 1142 1002 universo
1157 938 1263 1002 boarum

111 1039 339 1116 erateffioieos,
370 1036 496 1122 seipsum
516 1037 650 1116 tradidit,
684 1049 713 1100 ut
731 1038 818 1102 saluti
836 1040 969 1103 omullus
985 1050 1076 1104 esset.
1120 1035 1263 1124 Nonigi-

111 1153 161 1206 tur
175 1140 314 1226 proditori
333 1137 439 1217 ludae,
469 1139 521 1202 sed
540 1139 750 1223 bertignissimo
767 1141 906 1204 salvatori
925 1141 1035 1226 gratias
1053 1141 1183 1225 agimus,
1215 1143 1263 1225 qui

110 1243 236 1307 animam
254 1265 307 1328 pro
324 1241 425 1319 uobis,
449 1241 554 1305 ovibus
570 1241 706 1306 videlieet
722 1243 802 1321 suis,
826 1245 978 1328 exposuit,
1005 1255 1035 1306 ut
1053 1255 1082 1306 et
1098 1244 1160 1328 ipse
1175 1244 1261 1306 dixit.

110 1345 266 1430 Quomodo
287 1345 364 1408 enim
387 1345 412 1406 is
435 1343 482 1427 qui
505 1343 573 1406 boni
595 1343 700 1428 aliquid
724 1344 818 1407 moliri
843 1365 875 1408 se
899 1347 1033 1409 erederet
1055 1357 1155 1431 postea
1176 1346 1269 1424 dirsit,¹

108 1455 236 1512 Poenr'tel
253 1471 311 1523 me,
336 1451 411 1529 quod
427 1449 590 1508 tradiderim
607 1451 771 1526 sangumem
788 1451 909 1509 eastum:
933 1460 961 1510 el
977 1451 1077 1510 retulit
1091 1455 1262 1529 argenteos?
1272 1463 1414 1516 matthane.

109 1573 165 1639 pro
181 1572 217 1614 eo
231 1571 265 1614 uo
279 1549 436 1636 prophetae
451 1549 487 1612 de
501 1569 538 1611 eo
551 1548 749 1633 scripserante
773 1553 815 1610 Et
825 1554 923 1612 retulit
937 1555 1027 1612 ΧΧΧ
1035 1563 1184 1632 argenteae
1194 1573 1261 1632 pre·
1273 1565 1415 1622 maurum

110 1661 180 1716 taum
196 1658 350 1736 oppressori
361 1674 379 1714 a
387 1654 465 1732 filies
479 1653 580 1713 Israel.
621 1647 692 1713 ltem
709 1652 783 1736 apud
798 1651 885 1716 alium
902 1652 1088 1738 prophetem:
1112 1657 1149 1715 Se'
1161 1658 1262 1715 iustum

108 1769 154 1820 est
172 1757 263 1830 eodm,
288 1759 353 1817 dote
372 1757 522 1816 mercedem
542 1774 645 1827 meam,
670 1765 723 1814 taut
737 1755 874 1816 addicere.
922 1752 994 1818 ltem
1012 1754 1087 1818 alius
1106 1755 1261 1840 propheta:

107 1863 256 1922 Dedermnt
272 1869 420 1938 urgendum
434 1861 556 1938 metrum
573 1860 734 1936 oppressisti.
781 1861 820 1917 Et
834 1861 922 1932 dimit,
947 1861 1030 1919 Mitte
1044 1859 1260 1941 anfiends'dulum,

107 1973 142 2024 et
161 1965 222 2023 aelle
242 1982 279 2022 un
296 1961 415 2042 prodam
436 1963 491 2034 rit,
517 1973 550 2020 at
564 1960 703 2039 prodatur
723 1981 783 2020 sum
805 1979 823 2019 o
836 1961 915 2040 fidis
936 1963 1036 2021 Israel.

197 2265 293 2351 Quam
308 2265 397 2328 multa
414 2284 567 2350 possumus
584 2285 600 2328 e
618 2267 771 2351 seripturis
786 2265 880 2330 saeris
898 2266 1019 2344 allerre,
1042 2268 1078 2330 de
1093 2267 1129 2330 iis
1143 2287 1216 2350 quae
1232 2268 1261 2332 in
1280 2280 1414 2350 captur.

109 2367 233 2436 Christo
250 2367 367 2431 domino
385 2368 514 2453 perlecta
533 2378 617 2448 sunt,
652 2390 708 2431 non
729 2389 764 2432 ea
783 2369 897 2453 quidem
914 2369 949 2432 ab
969 2365 1039 2432 luda
1056 2389 1094 2432 ex
1111 2369 1169 2433 ulla
1185 2390 1264 2433 oom-

107 2470 247 2538 modandi
264 2469 413 2534 voluntate
430 2471 579 2554 prolaeta,
610 2471 661 2533 sed
680 2491 719 2533 ex
737 2491 774 2534 eo
790 2470 943 2548 nimirum,
974 2471 1048 2555 quod
1065 2471 1195 2535 salvator
1212 2493 1276 2550 oo·¹

107 2584 176 2640 ster
197 2594 231 2638 ao
253 2572 387 2636 dominus
405 2569 489 2635 lesus
506 2568 643 2636 Christus
666 2572 737 2635 deus
759 2594 811 2658 pro
829 2572 914 2636 nobis
930 2593 997 2637 sese
1016 2594 1072 2636 nou
1090 2575 1264 2638 necessitate

107 2677 292 2761 compulsus,
316 2675 367 2738 sed
385 2686 489 2760 sponte
504 2695 569 2754 sua,
596 2675 711 2738 tradidit
726 2685 755 2738 et
769 2675 1014 2740 administrandae
1030 2675 1132 2740 salutis
1146 2688 1265 2739 nostrae

108 2799 217 2844 caussa
233 2798 349 2842 ornnem
367 2776 466 2840 subiit.
497 2773 562 2860 Ego
578 2795 651 2839 vero
668 2797 726 2840 non
744 2778 849 2860 ignoro
865 2799 949 2861 quam
966 2777 1109 2842 infinitum
1127 2780 1165 2841 sit
1183 2779 1264 2841 testi·

107 2881 211 2946 monio
234 2879 330 2944 omnia
355 2879 501 2964 persequi.
548 2875 639 2942 Velut
657 2879 732 2963 quod
753 2879 788 2942 alr
809 2879 866 2942 alio
886 2881 1024 2965 propheta
1042 2881 1181 2964 scriptum
1202 2891 1262 2943 est:

107 2989 179 3048 Frirt
201 2985 336 3045 duda'tulrir
357 2987 417 3043 erite
439 2986 565 3057 deserto,
598 2993 627 3043 et
648 2987 834 3063 epsicoporum
856 2989 916 3044 eius
937 2987 1059 3064 ueeapedt
1077 2986 1161 3044 older.
1209 2985 1359 3061 (ludantur.

106 3107 263 3166 numurus
279 3090 390 3166 crepuit
401 3088 517 3158 medrito,
542 3086 648 3169 diffuso
663 3096 732 3146 suot
744 3089 835 3146 amaria
848 3089 956 3146 merem
970 3089 1040 3146 eius.
1086 3084 1133 3147 Aa
1150 3095 1261 3169 postre-
1277 3057 1323 3150 ilei’.
1333 3057 1357 3160 Ef,
1369 3106 1402 3150 et.

105 3209 161 3254 mo
178 3188 280 3272 laqueo
296 3185 391 3270 gulam
409 3188 545 3270 frangens
565 3185 632 3272 quid
652 3185 763 3270 egisset
776 3186 919 3266 ostendit,
944 3207 1008 3250 eum
1025 3185 1103 3249 omni
1120 3207 1154 3249 se
1169 3186 1265 3250 salute

106 3291 280 3378 spoliasset,
304 3309 340 3352 eo
356 3290 420 3374 ipso
435 3289 510 3372 qood
525 3287 562 3351 ob
578 3289 702 3352 subitam
718 3289 795 3352 illam
809 3309 844 3352 ao
857 3299 968 3352 temere
984 3299 1147 3374 susceptam
1163 3299 1264 3352 eontra

107 3391 260 3458 dominum
277 3391 425 3476 perfidiam
440 3390 476 3453 ab
492 3390 674 3454 aeternitatis
687 3411 739 3475 spe
756 3391 784 3453 in
799 3391 888 3455 divini
903 3390 1028 3455 numinis
1041 3391 1264 3474 abnegationem

105 3493 275 3560 inuidisset.
321 3490 406 3558 Unda
429 3503 459 3556 et
477 3493 599 3577 apostoli
619 3493 682 3557 eius
705 3494 770 3557 looo
787 3491 938 3557 lllatthiam
963 3493 992 3556 in
1011 3513 1162 3557 numerum
1180 3515 1263 3559 suum

106 3599 293 3680 ellegerunt,
317 3595 464 3674 dieentes,
488 3601 537 3657 Ee
550 3617 604 3677 quo
619 3599 706 3658 Iudas
717 3601 930 3677 praevaricatus
945 3607 1003 3670 ese,
1028 3598 1166 3659 uenderet
1179 3603 1209 3660 r'n
1224 3601 1265 3660 lo·
1279 3613 1325 3657 aee
1339 3611 1359 3668 t,
1371 3610 1404 3654 aa

105 3721 175 3762 eum
190 3719 282 3760 ruam.
330 3696 494 3782 Quemnam
514 3696 656 3776 olaseoro,
690 3697 745 3761 uisi
763 3719 848 3783 qoem
867 3699 999 3762 salvator
1016 3697 1109 3762 eidem
1129 3700 1266 3762 ostende-

106 3811 177 3879 rat,
202 3821 267 3863 euru
282 3821 346 3863 eum
363 3799 534 3885 perditionis
553 3800 641 3864 lilium
657 3800 832 3886 appellavit?
875 3798 931 3864 llio
947 3800 1023 3863 euim
1039 3801 1080 3864 illi
1095 3801 1265 3887 perditionis

106 3901 270 3970 attributus
286 3913 330 3964 est
345 3903 443 3966 loeus:
468 3901 497 3966 in
514 3924 571 3987 quo
585 3900 676 3988 partis
690 3902 756 3965 loeo
773 3912 882 3986 partem
899 3903 1033 3981 alteram,
1058 3903 1113 3966 hoo
1127 3914 1173 3968 est
1187 3905 1264 3968 illam

105 4027 166 4093 pro
188 4003 349 4088 apostolico
371 4005 540 4090 episcopatu
563 4003 647 4068 exitii
668 4005 768 4068 sedem
791 4005 912 4090 adeptus
935 4014 991 4069 est.

197 4103 244 4170 De
260 4127 317 4191 quo
333 4127 397 4170 oum
415 4105 488 4172 satis
504 4125 667 4192 superque,
691 4117 828 4191 quantum
846 4109 965 4193 opinor,
990 4107 1130 4172 haetenus
1140 4129 1162 4171 ¹n
1179 4108 1263 4174 uobis

105 4211 288 4295 disputatum
305 4209 360 4288 sit,
393 4210 429 4272 ad
448 4209 534 4274 aliam
552 4208 697 4273 haeresim
716 4220 916 4290 transeamus,
945 4231 979 4274 ao
995 4220 1143 4289 tortuosa,
1173 4231 1264 4274 veno·

105 4394 193 4466 pauida
216 4393 363 4464 διδάγματα
386 4394 430 4451 καὶ
455 4391 542 4476 ἰοβὸλα
562 4399 617 4448 edit.
630 4400 674 4449 Pe·
708 4415 738 4448 ex
763 4399 869 4450 conficta
893 4398 1015 4450 diabolice
1039 4399 1148 4450 versutia
1172 4399 1265 4450 mundo

105 4475 158 4520 tna.
195 4467 323 4518 amaram
335 4469 418 4516 venit:
435 4465 534 4533 oblique
552 4476 578 4515 et
593 4481 671 4516 aene·
707 4467 872 4540 corruptionis
889 4467 969 4538 gratie
985 4466 1087 4519 immissi
1103 4477 1169 4518 sunt.

105 4543 171 4587 uate
194 4533 312 4600 dogmate
337 4533 489 4596 revelantes,
520 4549 605 4586 eorum
630 4533 672 4602 qui
