3010 5000
298 377 432 431 ιιιιιιιιι
450 379 512 430 ιιι.
524 380 543 430 ι.
561 355 641 432 rom.
654 380 698 430 ιιι.
717 379 816 430 naun.
828 379 954 431 xxxiv.
1101 425 1104 432 .
1136 370 1197 432 465

57 501 163 587 tipliees
179 519 321 564 annorum
339 519 476 563 numeros
491 499 694 562 aeternitatem
710 498 788 562 illam
805 499 1007 578 distribuisse,
1032 499 1199 563 existimas-

56 624 142 688 seque
164 623 252 688 posse
279 623 311 666 se
340 613 500 686 temporum
526 611 701 666 coacervata
721 601 904 665 tnultitudiue
927 602 1004 666 illins
1027 601 1198 666 infinitatem

55 705 184 792 adipisci.
224 702 275 768 Ex
293 725 349 788 quo
365 705 472 768 lectum
488 703 556 766 illud
572 703 762 783 arbitrantur,
783 713 814 766 nt
829 726 893 767 cunr
908 703 935 766 ei
949 725 982 768 se
999 703 1116 768 Veritas
1132 705 1200 768 sub·

57 809 211 885 traxisset,
235 817 356 892 repente
374 806 413 870 sit
430 805 541 870 falsitas
560 817 729 870 consecuta.
776 804 904 891 ldeoque
921 807 1073 892 eompletis
1090 819 1200 892 tempo·

56 911 134 974 ribus
155 909 233 974 illius
255 930 328 994 opus
350 929 416 972 esse
438 907 622 972 solvendum.

141 1009 214 1078 Cum
239 1012 311 1076 baec
334 1011 423 1096 igitur
446 1011 486 1074 sit
507 1011 621 1074 illorum
647 1011 682 1074 de
707 1011 856 1075 creatione
878 1011 1041 1090 sententia,
1075 1011 1202 1096 quotidie
1221 1023 1282 1093 Gap.
1296 1023 1355 1078 XV.

57 1125 151 1178 tamen
174 1114 299 1199 singuli,
333 1123 418 1198 prout
440 1113 562 1198 quisque
587 1122 701 1199 potest,
736 1115 803 1177 noui
826 1113 931 1198 aliquid
953 1113 1140 1200 excogitant,
1172 1126 1205 1179 ut

54 1239 141 1282 nemo
158 1217 198 1282 sit
213 1217 290 1281 inter
307 1236 359 1280 eos
378 1215 502 1300 denique
521 1216 666 1298 perlectus
684 1215 732 1300 qni
749 1237 807 1279 non
823 1215 939 1299 insigne
956 1217 1070 1302 aliquod
1085 1217 1203 1280 menda-

55 1320 131 1384 cium
154 1319 234 1384 uelut
258 1320 380 1382 lauretum
402 1320 543 1403 pecierat.
588 1316 677 1382 Nunc
700 1339 774 1402 quae
797 1339 834 1382 cx
857 1319 1058 1403 prophetarum
1077 1318 1203 1384 oraculis

54 1424 88 1487 ad
104 1442 177 1488 suos
192 1442 298 1487 sensus
316 1420 537 1485 accommodare
557 1420 724 1484 testimonia
744 1421 851 1500 solent,
876 1423 1127 1486 commemoranda
1147 1422 1205 1508 pri·

54 1549 151 1606 mum,
183 1524 287 1592 deiude
306 1523 464 1588 refellenda
482 1532 561 1588 sunt.
606 1520 730 1608 Moyses
748 1523 842 1602 enim,
873 1524 1005 1609 inquiunt
1022 1525 1130 1610 inipso
1147 1535 1205 1587 sta·

53 1629 105 1694 tim
122 1629 223 1713 operis
238 1627 335 1704 aditu,
359 1625 467 1710 quode
485 1645 583 1689 rerum
602 1624 751 1689 creatione
768 1626 910 1711 disputat,
934 1627 1061 1691 omnium
1079 1624 1204 1691 Matrem

53 1741 283 1809 commemorat,
306 1728 351 1792 bis
368 1727 485 1793 verbise
516 1733 550 1790 Iu
562 1733 704 1809 principio
720 1733 828 1806 operuit
841 1733 908 1791 deus
923 1733 1028 1792 coebum
1045 1743 1075 1792 et
1087 1743 1201 1792 terram.
1219 1745 1275 1791 oen.
1288 1748 1339 1804 ι,ι

52 1831 111 1898 Ubi
130 1853 199 1898 cum
216 1842 341 1917 quatuor
357 1829 414 1894 ista
431 1830 605 1909 nominarit,
630 1831 732 1910 deum,
756 1830 944 1917 principium,
969 1832 1081 1896 coelum
1099 1854 1133 1896 ac
1149 1842 1207 1896 ter·

53 1959 137 2014 ram,
170 1955 252 2000 suam
275 1943 412 1998 asserunt
434 1933 674 2017 comprehensam
698 1953 765 1997 esse
785 1931 954 1997 Tetradem.
1001 1931 1086 2016 Quod
1111 1945 1207 1998 atatem

52 2038 173 2104 occulta
190 2037 290 2102 eadem
304 2036 355 2100 illa
371 2056 426 2100 nec
440 2035 626 2120 aspectabilis
640 2035 679 2098 sit
694 2036 722 2098 id
737 2036 926 2119 sequentibus
941 2029 1043 2100 uerbis'
1055 2037 1204 2122 attigisse:

56 2145 151 2204 Terra
169 2152 261 2202 cutem
282 2151 346 2202 erat
359 2140 508 2202 raucitatis
530 2151 560 2200 et
577 2141 716 2222 deserenti.
764 2134 928 2202 Secundam
947 2159 1018 2202 vero
1035 2135 1206 2219 Tetradem,

51 2244 103 2328 qui
125 2243 235 2329 prioris
252 2251 299 2305 cst
315 2241 409 2320 letus,
440 2237 628 2326 sicbloyseo
645 2239 830 2326 expressisse
845 2240 1011 2320 declarant,
1042 2263 1105 2304 curn
1122 2241 1209 2328 abys-

50 2367 119 2410 sum
145 2355 177 2409 et
195 2343 348 2422 tenebras,
379 2363 482 2427 aquam
506 2354 593 2428 atque
614 2343 797 2407 incubantem
820 2343 903 2428 aquis
926 2343 1058 2428 spiritum
1078 2345 1210 2408 nomina·

44 2449 109 2512 uit.
157 2443 268 2510 Postea
284 2443 412 2509 Decadis
427 2465 542 2530 quoque
559 2445 735 2509 mentionem
748 2444 853 2508 ibidem
871 2445 950 2525 lieri,
974 2467 1038 2509 cum
1055 2447 1123 2525 lux,
1148 2446 1210 2511 dies

51 2561 83 2615 et
102 2571 182 2629 nox,
207 2547 430 2627 firmamentum,
454 2568 591 2632 uespera,
615 2567 711 2627 mane,
735 2547 833 2626 arida,
857 2569 954 2626 mare,
978 2547 1085 2628 bcrba,
1108 2569 1142 2612 ac
1161 2550 1211 2612 de·

49 2653 135 2716 cimo
154 2651 271 2716 tandem
288 2650 354 2714 loco
370 2650 478 2734 lignum
492 2650 675 2735 proponitur.
721 2647 776 2714 llis
792 2649 868 2714 enim
882 2649 1033 2714 vocabulis
1048 2651 1147 2714 decem
1167 2662 1211 2714 to-

49 2754 150 2820 tidem
167 2753 289 2818 Aeones
308 2752 443 2837 intelligi.
489 2749 566 2816 Nam
586 2750 750 2815 Dodecadis
771 2751 829 2814 vim
853 2751 907 2815 boc
926 2752 1003 2816 illum
1023 2753 1212 2817 adumbrasse

48 2859 149 2922 modo
168 2854 311 2920 sentiunt.
356 2851 472 2940 Quippe
491 2853 583 2918 solem
606 2865 637 2917 et
653 2856 766 2932 lunam,
790 2854 905 2932 sidera,
930 2865 1135 2938 tempestates,
1160 2877 1211 2919 an-

46 2981 131 3040 uos,
159 2968 244 3038 cete,
268 2957 380 3043 pisces,
405 2956 537 3043 reptilia,
564 2958 717 3037 volucres,
741 2957 957 3043 quadrupedes,
982 2959 1076 3035 teras,
1106 2979 1140 3022 ac
1162 2979 1212 3043 po·

47 3075 173 3128 strenuo
192 3061 259 3124 loco
277 3058 475 3124 duodecimum
495 3059 639 3123 bominem
661 3059 865 3144 proposuisse3
895 3080 989 3144 eoque
1006 3061 1091 3123 modo
1108 3059 1211 3124 Trice-

45 3165 179 3230 uarium
201 3184 219 3226 a
240 3159 349 3248 Moyse
372 3173 628 3226 commemoratum
651 3161 833 3225 existimant.
885 3159 1040 3226 llominem
1065 3183 1152 3246 porro
1178 3161 1242 3246 od,

45 3285 218 3354 supremae
238 3265 353 3330 virtutis
371 3265 522 3350 exemplar
541 3265 663 3328 ellietum
684 3273 849 3328 mactacutem
872 3264 909 3328 ab
931 3287 989 3328 uuo
1009 3265 1088 3328 lente
1106 3265 1164 3327 vim
1183 3265 1214 3328 io

43 3392 122 3436 sese
144 3368 319 3446 continere,
344 3383 465 3451 eamque
481 3367 511 3429 in
526 3367 649 3430 cerebro
665 3367 834 3430 collocatam
849 3387 932 3446 esse,
957 3389 974 3430 a
990 3389 1047 3450 qno
1062 3367 1212 3430 facultates

44 3485 190 3560 quatuor
204 3471 352 3556 proiectae
368 3469 525 3532 coelestem
541 3469 619 3532 illam
634 3467 791 3532 Tetradem
808 3467 991 3532 adumbrant.
1026 3465 1103 3532 Sunt
1117 3478 1213 3537 autem

41 3580 126 3642 bae:
166 3573 269 3652 visus,
299 3571 430 3650 auditus,
461 3571 584 3635 ollactus
607 3581 637 3635 et
655 3581 769 3656 gustus.
815 3567 984 3655 Ogdoadem
1003 3591 1074 3633 vero
1093 3567 1214 3635 sicllo·

42 3683 173 3744 minem
190 3676 305 3739 referre
322 3685 470 3738 statuente
495 3675 569 3759 qood
588 3684 618 3737 et
634 3695 722 3738 aures
738 3674 809 3737 duas
825 3673 947 3751 babeat,
970 3672 1129 3756 oculosque
1147 3672 1214 3736 toti·

41 3786 145 3859 dem,
184 3797 272 3843 nares
289 3777 358 3840 item
376 3777 410 3840 ad
427 3777 621 3841 olfaciendum
639 3777 726 3854 duas,
758 3797 792 3840 ac
808 3775 949 3860 duplicem
965 3785 1099 3859 gustum,
1123 3775 1214 3838 amori

38 3935 195 4002 Epiphanes
211 3933 284 3982 lubria.
659 3947 699 3983 τα.
724 3931 771 3982 Sed
784 3933 808 3980 in
822 3931 872 3980 eod.
882 3931 979 3992 ltbcdtq.
989 3925 1153 3993 τριακοιτάδα
1163 3933 1215 3993 pri·

77 4007 108 4059 7.
129 4002 163 4052 im
185 3997 272 4066 quibus
289 3999 364 4050 cerdo
380 4003 412 4049 est
428 4001 534 4062 entique.
660 4003 730 4049 cattus
744 4001 816 4060 [uiam
831 4012 916 4047 coemo
933 3999 1029 4047 indicat.

79 4073 108 4125 8.
132 4067 202 4138 φῶς
217 4067 286 4116 codd.
302 4069 375 4117 l'utc'c.
394 4069 485 4130 venet„
502 4073 523 4116 et
538 4068 573 4117 ed.
585 4071 629 4118 Pe·
696 4069 735 4118 1¹2.
751 4062 836 4132 πηγὴν
857 4061 961 4130 δύναμιν
984 4067 1052 4116 codd.
1071 4069 1125 4116 Vsa.
1143 4067 1215 4118 Vetto.

38 4135 379 4197 mummolenum.
407 4135 497 4201 σαφῶς
509 4137 560 4185 cod.
568 4137 628 4186 ltlte·
661 4137 687 4186 lc
703 4137 797 4197 reliquis
813 4135 879 4183 tu'brc'a
893 4136 968 4184 solum
984 4130 1068 4200 πηγήν
1085 4139 1156 4184 estut.

37 4215 94 4276 dep.
113 4214 141 4260 et
160 4203 204 4254 ed.
218 4205 295 4263 prtem.
698 4201 735 4253 ld.
752 4197 845 4266 ταύτην
863 4203 931 4251 codd.
945 4205 1018 4252 l'enet.
1035 4203 1105 4252 l'ottc.
1138 4204 1168 4252 Et
1182 4207 1216 4253 tto

75 4279 106 4330 9.
128 4271 168 4327 τὸ
191 4265 262 4331 ξύλον
284 4271 336 4322 em.
352 4270 406 4322 Veo.
425 4273 498 4321 tatu.
530 4273 558 4323 ln
573 4273 628 4322 rell·
656 4273 767 4333 primitus
786 4273 856 4319 etlam
875 4273 900 4319 tn
921 4271 972 4319 cod.
986 4271 1083 4333 llbeda'p.
1105 4273 1217 4333 scriptum

35 4351 97 4413 puts
117 4340 203 4395 ttbrl!
219 4341 333 4388 articulus
348 4353 394 4389 aaa
411 4343 535 4401 comperet.
659 4341 729 4402 subse
742 4339 834 4388 uldetur
844 4352 889 4400 pro
902 4338 990 4400 ταῦτα,
1004 4351 1063 4400 quoe
1074 4341 1172 4402 uulqutu
1184 4345 1218 4390 est

78 4416 127 4466 lo.
148 4411 198 4462 tta
214 4407 352 4470 scalpendo
368 4411 434 4456 munt
450 4419 480 4456 es
497 4407 544 4456 Vel·
555 4408 628 4458 later·
658 4407 770 4456 librorum
785 4409 910 4467 scripturo.

31 4489 108 4552 prate
134 4476 221 4529 verbo
241 4487 302 4538 qnae
320 4475 391 4538 culpo
406 4477 514 4538 teguntur
528 4469 628 4528 uertenti
695 4471 734 4525 tt.
751 4470 849 4542 ἔχοντος
864 4476 1054 4536 emendationem,
1068 4479 1216 4538 quamstru·

33 4573 89 4610 ,m
109 4551 191 4604 τοῖς.
659 4549 725 4594 eluro
736 4545 847 4605 postulut,
860 4543 939 4604 timent
953 4543 999 4592 l’et.
1008 4545 1128 4605 luterprm.
1161 4543 1216 4592 Vul-

75 4620 124 4674 11.
146 4612 287 4676 sptpbcate'
298 4611 351 4660 libra·
361 4611 444 4662 babent
456 4606 503 4676 criu
516 4605 628 4677 τριάκοι·
657 4626 689 4675 qo
705 4607 814 4680 ἔχοντας.

95 4699 210 4753 corpus
221 4689 356 4736 llaecmol.
369 4689 397 4736 ll.
740 4741 742 4748 Α
973 4697 1014 4764 30
