3018 4994
334 339 470 392 ιιιιιιιιι
487 339 549 390 ιιι.
566 340 585 390 ι.
601 337 683 390 rou.
699 337 730 391 ιι.
747 337 846 388 uasa.
861 336 972 387 xxxu.
1166 322 1228 386 389

76 483 147 527 num
164 461 191 526 id
208 481 275 525 esse
292 459 398 547 poterit
417 459 491 544 quod
509 459 536 522 ei
553 458 706 522 subiicitur
723 459 858 522 dextrum
876 468 926 521 aut
943 455 1111 522 sinistrum:
1143 464 1228 540 atque

76 566 118 630 ita
137 565 275 628 adunam
294 564 436 648 quandam
456 572 588 626 naturam
606 561 744 626 universa
761 566 944 648 referentur,
975 593 1033 655 qna
1049 567 1120 634 nibil
1135 579 1230 647 neque

75 667 212 753 superius
229 666 269 730 sit
285 687 378 750 neque
395 665 519 728 interius
536 665 719 743 infimumve,
744 677 947 754 praeterquam
961 695 1036 756 qnae
1053 673 1088 736 ab
1106 691 1142 735 eu
1159 686 1229 730 con·

75 771 139 834 dita
152 779 238 850 sunt,
262 767 375 852 eritque
391 767 524 831 veritatis
539 767 639 850 guaris
656 767 728 832 baud
745 769 918 852 obscurum,
943 797 1030 839 unum
1046 777 1129 840 deum
1148 795 1226 853 esse,

76 884 208 959 patrem,
241 871 330 935 lilium
349 881 380 934 et
395 869 527 955 spiritum
546 881 689 933 sanetum.
737 868 797 935 lam
814 874 839 936 si
857 896 930 939 unus
948 876 1019 942 deus
1039 888 1101 956 est,
1135 897 1227 960 aquo

75 985 149 1039 sunt
165 974 274 1054 omnia,
298 972 370 1036 nibil
386 992 480 1056 aeque
493 970 657 1051 sinistrum,
680 993 774 1058 neque
790 975 844 1038 alia
860 977 974 1042 ratione
990 978 1128 1043 deficiens
1142 978 1230 1042 inerit

75 1079 150 1163 ipsi,
183 1096 276 1160 neque
299 1073 421 1140 interius
445 1085 562 1159 praeter
582 1074 631 1138 illa
653 1097 726 1160 quae
749 1080 926 1162 procreavit.
971 1077 1080 1145 Cetera
1098 1090 1163 1166 post
1180 1101 1229 1165 pa-

75 1193 153 1245 trem
176 1179 263 1243 lilium
285 1177 475 1262 spiritumque
493 1187 625 1241 sanctum
646 1176 797 1264 praeclare
814 1180 850 1244 ab
869 1202 905 1245 eo
921 1183 1061 1267 producta
1078 1194 1164 1262 suut,
1196 1203 1230 1245 aa

75 1285 152 1348 citra
174 1281 261 1346 ullam
283 1279 422 1344 invidiam
446 1279 564 1364 egregie
586 1281 756 1345 constituta.

166 1381 252 1467 Quod
270 1383 295 1446 si
314 1382 456 1446 eiusmodi
476 1381 591 1466 quidam
612 1383 695 1447 nobis
714 1405 730 1447 e
746 1383 866 1448 latebris
882 1387 1002 1451 eductus
1018 1407 1140 1473 serpena
1157 1385 1229 1450 obii·
1254 1389 1315 1457 ⁰³1³·
1330 1391 1362 1442 ¹¹·

74 1491 137 1554 ciat
152 1488 189 1550 ab
206 1508 264 1550 uuo
281 1506 346 1550 esse
365 1484 468 1549 dextra
485 1484 594 1571 pariter
609 1495 639 1548 et
652 1485 784 1564 sinistra,
809 1489 883 1571 quod
899 1487 991 1575 ipsum
1009 1490 1039 1552 in
1054 1508 1156 1553 eorum
1170 1509 1231 1552 me·

75 1593 125 1656 dio
143 1600 296 1668 versetur,
320 1587 433 1672 sibique
449 1609 523 1672 quae
537 1588 640 1651 dextra
658 1599 725 1651 snut
741 1589 900 1670 adsciscat,
924 1592 1018 1676 iisque
1036 1593 1178 1677 gaudeat,
1203 1601 1233 1655 et

75 1697 182 1759 eadem
203 1693 374 1756 dextrorum
398 1690 568 1754 uoluminis
590 1691 715 1775 appellet
734 1692 868 1773 nomine,
899 1703 1001 1757 contra
1020 1715 1092 1758 vero
1111 1694 1230 1757 sinistra

78 1810 218 1881 tanquam
235 1815 253 1858 a
268 1813 301 1860 se
317 1793 412 1857 alienae
429 1804 459 1856 et
471 1793 501 1856 iu
515 1793 598 1856 laeva
615 1804 698 1878 parte
714 1793 854 1858 collocata
868 1796 1012 1880 repudiet,
1032 1795 1109 1859 dicat
1122 1816 1232 1880 quaeso

77 1902 157 1964 unde
177 1898 255 1961 illam
275 1895 464 1982 geometriam
486 1897 633 1976 hauserit,
668 1905 699 1959 ut
717 1895 851 1960 dextram
869 1897 1075 1982 sinistramque
1092 1898 1157 1962 sinc
1176 1899 1232 1962 ulla

76 1999 242 2068 mutatione
264 2008 444 2064 constantem
469 1999 619 2062 commode
648 1999 794 2062 metiatur.
845 1997 922 2064 Nam
950 1999 1023 2084 apud
1048 2021 1102 2064 nos
1127 2001 1233 2064 dextra

75 2106 239 2170 sinistrave
260 2101 439 2186 quorundam
463 2102 576 2164 ratione
595 2101 807 2180 membrorum,
841 2123 914 2185 quae
934 2103 993 2164 lixa
1009 2112 1096 2182 sunt,
1127 2103 1232 2166 merito

77 2216 243 2284 vocantur,
268 2225 342 2290 quae
360 2203 519 2289 permutari
536 2203 661 2266 invicem
680 2213 839 2287 nequeunt.
886 2201 971 2287 Quae
988 2225 1059 2269 vero
1074 2215 1159 2268 extra
1179 2225 1232 2268 nos

75 2323 165 2386 snat,
192 2308 264 2372 alias
282 2308 386 2370 dextra
403 2306 491 2384 bant,
516 2305 588 2368 alias
605 2305 735 2368 sinistra.
780 2303 897 2368 Etenim
917 2307 964 2392 qui
982 2327 1015 2370 se
1034 2307 1070 2370 ad
1088 2307 1241 2371 orientem·
1327 2293 1330 2300 ’

75 2411 258 2488 obverterit,
291 2409 337 2472 bic
356 2407 391 2472 ad
412 2409 546 2471 dextram
563 2419 691 2472 austrum
707 2408 770 2472 sive
788 2408 937 2471 meridiem
957 2408 1091 2487 habebit,
1115 2420 1233 2493 septen·
1320 2409 1329 2430 ⁸

76 2517 193 2580 triones
211 2512 246 2576 ad
262 2511 422 2575 sinistram.
469 2507 523 2574 Sin
540 2510 720 2574 occidentem
736 2531 839 2574 versus
856 2530 923 2573 sese
938 2511 1129 2588 converterit,
1150 2534 1232 2574 naun·

75 2619 104 2682 di
130 2617 174 2681 illi
198 2613 334 2678 cardines
359 2613 484 2676 dirersis
508 2612 671 2676 nominibus
695 2612 873 2692 afficientur,
904 2633 1035 2697 quaeque
1057 2613 1142 2698 paulo
1164 2624 1232 2676 ante

77 2723 188 2785 dextra
210 2719 306 2781 luerat
327 2714 481 2793 meridies,
514 2715 544 2778 in
562 2715 709 2779 sinistram
731 2715 904 2792 mutabitur,
936 2736 1010 2800 quae
1030 2715 1064 2778 ad
1085 2716 1232 2779 sinistram

77 2841 208 2907 vergere
225 2818 377 2882 dicebatur
392 2817 516 2881 bominis
533 2817 712 2901 aquilonaris
730 2818 830 2900 regio,
854 2817 889 2880 ad
906 2819 1058 2881 dexteram
1074 2837 1139 2881 esse
1156 2818 1234 2882 dice-

77 2937 139 2991 tnr.
188 2915 312 2987 Ubinam
330 2941 401 3003 ergo
419 2930 569 2984 veterator
586 2920 641 2983 iste
659 2940 740 2983 suam
758 2919 835 2982 illam
855 2921 1030 2984 modulando
1045 2921 1100 2983 deo
1116 2939 1234 3003 geome-

77 3029 167 3091 triam
184 3024 313 3109 reperit?
298 3019 377 3088 ll)
394 3021 592 3086 incredibilem
609 3021 772 3085 futilitatem
787 3033 873 3108 atque
889 3023 1027 3086 universa
1043 3023 1230 3087 miscentem!

77 3127 169 3214 Quod
188 3145 259 3191 vero
277 3135 342 3210 post
359 3125 415 3187 triv
397 3125 478 3208 inte
493 3124 560 3188 illos
575 3123 696 3187 Aeonas
710 3125 854 3188 delectum
871 3125 1007 3189 extitisse
1023 3135 1140 3204 narrat,
1164 3125 1242 3192 libet.

76 3235 114 3296 de
135 3252 173 3294 eo
191 3225 348 3292 sciscitari.
393 3175 475 3290 ilaus
492 3227 541 3290 tul
587 3223 677 3290 Potes
698 3227 795 3290 dicere
814 3227 890 3292 unde
908 3227 985 3291 illius
1003 3227 1133 3292 delectus
1151 3236 1234 3290 natu·

77 3356 144 3398 ram
163 3352 200 3396 ac
216 3330 428 3394 desciscentem
446 3325 592 3393 Virtutem
612 3329 808 3412 cognoveris?
851 3325 884 3393 Si
904 3328 980 3392 enirn
999 3349 1015 3391 a
1035 3329 1234 3415 superioribus

78 3435 240 3524 pullulasse
257 3433 354 3511 dicas,
378 3453 436 3495 nou
454 3442 600 3511 creatam,
624 3431 675 3494 sed
691 3433 831 3516 genitam,
855 3453 918 3495 eum
934 3452 975 3495 ex
991 3443 1038 3495 tua
1053 3452 1088 3495 aa
1104 3431 1235 3515 magistri

79 3539 123 3604 tui
141 3535 290 3602 sententia
309 3554 384 3618 quac
403 3533 519 3598 condita
539 3544 607 3597 sunt
626 3555 684 3597 nou
705 3544 802 3598 creata
823 3535 949 3615 luerint,
981 3535 1032 3598 sed
1052 3533 1169 3619 genita,
1202 3555 1235 3597 ae

81 3639 209 3728 quaevis
228 3647 332 3701 natura
347 3638 468 3721 quadam
484 3635 520 3698 ab
536 3637 629 3700 altera
644 3637 905 3702 communicatione
919 3639 1098 3701 transfusum
1114 3637 1143 3699 id
1160 3636 1236 3720 qnod

80 3744 172 3808 babet
192 3739 341 3826 acceperit
358 3751 444 3824 atque
464 3737 494 3802 in
517 3739 609 3802 laeena
631 3737 787 3824 prodierit,
816 3740 874 3803 iam
895 3740 958 3824 ipse
977 3738 1165 3803 confessione
1188 3749 1236 3802 tua

80 3845 217 3911 induaris
237 3853 363 3928 oportet.
409 3838 525 3906 Etenim
548 3841 572 3904 si
592 3863 608 3903 a
627 3840 827 3926 superioribus
845 3841 992 3927 posterior
1010 3841 1059 3905 illa
1078 3838 1181 3904 Virtus
1201 3861 1236 3904 ac

80 3951 220 4014 delectus
237 3945 387 4025 extiterit,
410 3945 547 4029 indeque,
570 3955 601 4008 ut
617 3943 657 4008 ita
674 3945 788 4029 loquar,
813 3945 970 4031 pullularit,
993 3943 1050 4006 erit
1066 3943 1152 4028 plane
1169 3963 1236 4007 coe·-

81 4052 202 4116 lestium
217 4057 455 4113 ornamentorum
468 4046 626 4134 particeps,
643 4047 873 4132 quandoquidem
887 4067 1040 4112 commuue
1052 4045 1159 4130 aliquid
1172 4065 1236 4109 cum

78 4153 252 4219 Pleromate
274 4149 360 4214 babet
381 4149 431 4213 illa
448 4151 610 4234 posterior,
642 4161 756 4214 etcum
777 4150 940 4234 posteriore
957 4145 1110 4226 Pleroma3
1142 4168 1237 4232 neque

80 4254 162 4320 aliud
179 4252 215 4316 ab
231 4252 325 4317 altero
340 4253 503 4331 dissidebit,
528 4275 592 4316 eum
610 4263 733 4338 utraque
749 4251 949 4316 communibus
965 4250 1089 4314 invicem
1105 4249 1237 4314 terminis

82 4443 183 4502 atum<
199 4441 360 4509 γεγενῆσθαι.
397 4444 433 4504 Gt.
449 4457 523 4505 supro
539 4441 629 4506 capt.
681 4445 805 4504 Petuntur,
823 4455 852 4492 ea
871 4443 978 4490 Veterum
993 4441 1079 4490 codicia
1095 4441 1239 4524 nueqrtmta.

116 4509 143 4562 4.
159 4513 206 4574 lto,
221 4516 345 4589 praeeunte
361 4513 474 4561 cnmrnrtn
489 4511 541 4574 (qut
555 4512 648 4572 qutdcoa
680 4513 752 4560 tana
767 4512 830 4559 cutm
843 4511 931 4560 edtwm
944 4511 1062 4572 uqebctur
1076 4504 1163 4560 καὶ
1133 4523 1181 4566 τας
1195 4501 1240 4559 nd

81 4582 154 4632 uertit
170 4587 259 4630 eontra
276 4588 304 4628 tc
319 4579 400 4645 ipsum
416 4578 531 4645 mam)
551 4582 650 4630 wrrcett
681 4593 726 4631 rou
744 4572 801 4630 dett
803 4580 842 4643 lq
