2994 5024
366 364 500 417 sisinn
516 363 611 418 nnn
628 367 765 418 nonni.
785 366 977 418 nisinen
1185 355 1248 420 587

94 485 255 558 ceneten,
288 504 379 569 usquo
397 485 432 548 nd
447 505 482 548 en
501 487 608 552 verba:
640 491 717 550 lloec
731 499 823 549 orclem
838 493 930 549 anneis
949 490 1089 568 infigura
1104 493 1247 568 condirige-

92 587 202 647 honi
187 591 255 666 ipsis
277 598 331 648 ele.

182 685 225 751 X.
259 692 334 767 (inid
352 711 421 770 ergo
442 695 528 752 dico?
571 697 652 772 Quod
671 696 755 754 idelis
776 695 943 754 eirrrnnlolnrn
965 695 1075 771 ols'qm'd
1089 697 1150 752 sit?
1192 696 1282 759 Sodi.
1292 714 1346 757 cor.

91 812 169 870 quoe
190 793 520 867 innotescentiam,
545 807 576 856 et
594 817 649 856 non
670 799 731 856 deo.
1261 769 1295 822 ω’
1307 768 1338 811 ¹⁹

181 890 240 956 xi.
275 898 326 954 Vir
346 917 449 956 concern
470 918 525 958 non
548 903 666 959 nestriol.
714 900 811 958 Gloria
833 902 904 958 enirn
926 908 957 956 et
976 901 1068 975 inrogo
1090 900 1138 956 dei
1156 909 1207 957 esi.
1262 919 1403 975 capiens

180 992 255 1058 Xll.
288 1001 346 1058 Sed
365 1001 432 1058 dens
454 1005 620 1079 temperavit
639 1021 750 1080 corpus.
1263 1021 1403 1078 cennech

181 1094 225 1160 Xl
234 1096 270 1160 li.
303 1095 462 1191 Perperene
477 1102 531 1163 islo
548 1101 697 1186 concopiie
715 1105 774 1163 Sed
784 1107 813 1162 in
827 1104 944 1162 ecclesio
958 1104 1020 1161 volo
1032 1107 1153 1182 qne'reqne
1164 1103 1248 1162 cerdo
1262 1123 1319 1178 cop.
1329 1124 1361 1175 se,
1370 1124 1405 1166 n.

89 1221 180 1261 sensu
201 1223 260 1261 rnen
283 1205 366 1282 loqns'.
414 1204 509 1266 hiiher
533 1205 609 1266 enim
633 1204 681 1268 iiie
705 1203 821 1286 scripsit
843 1212 889 1280 el,
915 1204 955 1263 Oh
977 1205 1081 1282 legem,
1107 1201 1224 1264 addidit.

181 1298 268 1366 XlV.
301 1309 335 1365 ln
354 1306 417 1383 lege
432 1310 566 1386 scriplum
585 1318 644 1366 esi:
668 1310 802 1385 Ononieme
817 1309 846 1365 ire
858 1307 923 1366 nliis
939 1308 1045 1384 lshgnis
1060 1317 1089 1364 el
1105 1305 1187 1366 lobiis
1207 1307 1247 1364 lo·
1261 1327 1316 1372 isio.
1327 1330 1359 1373 ιι.

91 1425 169 1485 quer
186 1409 292 1486 populo
314 1409 388 1466 ises'c.

179 1503 253 1570 XV.
289 1513 425 1570 Mulieres
440 1515 469 1570 in
486 1514 612 1570 ecclesiis
628 1522 747 1572 lncecnl.
795 1513 858 1572 Non
875 1515 946 1571 enirn
962 1515 1136 1590 pmniinm
1152 1515 1192 1570 eis
1206 1513 1247 1569 lo·
1262 1531 1316 1575 inii.
1329 1533 1361 1576 ss.

89 1615 161 1691 qni,
185 1613 237 1670 sed
255 1613 382 1672 subditos
404 1633 477 1686 esse,
503 1617 626 1674 secrete!
646 1617 693 1674 lece
714 1617 792 1674 is'cee.

179 1708 241 1775 XV
244 1711 268 1774 1.
304 1711 348 1774 De
367 1713 584 1776 resurrectione
605 1726 795 1778 morinorum.
844 1719 945 1776 lichen
959 1727 1049 1776 onlern
1065 1715 1142 1774 cobs's
1155 1715 1243 1794 focio,
1261 1737 1317 1794 ⁰⁵1³·
1328 1738 1388 1789 15,1.

78 1816 218 1897 finires,
249 1819 438 1895 evengelsiens,
472 1820 546 1896 qood
559 1821 724 1896 praedicavi
740 1819 825 1878 cobis
873 1813 963 1880 item:
997 1821 1032 1878 Si
1047 1819 1178 1877 Clers'sins
1192 1837 1247 1876 non

88 1923 269 1990 resumsit,
295 1924 457 1980 e'nnniseic.
504 1924 555 1980 Sic
566 1923 777 2000 praedicamus,
803 1925 888 1980 etsie
903 1923 1087 1980 eredidinnee:
1113 1922 1247 1997 (incnshrn

92 2021 227 2080 einins
244 2033 371 2081 mortuns
384 2033 427 2082 esl
442 2036 470 2082 er
485 2024 625 2101 sepnlnes‚
651 2033 679 2082 el
693 2026 854 2083 resurrexit
868 2025 951 2082 lerls'se
969 2025 1024 2082 die.
1073 2024 1141 2081 Cnrn
1156 2031 1248 2080 nniern

90 2125 215 2183 mortale
231 2125 284 2184 doe
303 2128 429 2184 iniecerit
445 2127 696 2196 shsmorlolilolern,
729 2136 795 2184 lunc
803 2126 863 2203 fiet
877 2145 967 2184 sermo
985 2127 1037 2203 qni
1049 2126 1172 2203 scriptus
1188 2133 1246 2182 esle

89 2225 241 2305 Absorplo
261 2237 305 2286 esl
325 2247 400 2287 rnors
422 2233 450 2288 in
474 2231 600 2287 ce'clorio.

128 2427 177 2478 Ex
195 2429 355 2482 ErisTohn
370 2433 399 2482 ΙΙ.
419 2431 463 2482 ΔΟ
483 2431 697 2494 CORINTHIOS,
717 2431 807 2493 QUAE
825 2430 898 2482 ΤΛΜ
916 2430 984 2481 ILLi
1002 2429 1101 2492 QUAM
1120 2429 1214 2480 nonis

612 2516 674 2568 EST
693 2518 735 2566 ill.

180 2633 205 2696 i.
238 2639 378 2716 Quotquot
399 2641 470 2698 enim
489 2643 686 2716 promissiones
707 2641 755 2697 dei
773 2649 854 2708 sunt,
886 2642 914 2696 in
937 2638 1001 2708 illc,
1038 2639 1104 2706 list,
1137 2637 1402 2698 annetiennes.

85 2743 257 2819 peripsum
279 2743 370 2800 Anien
392 2742 452 2798 dec.

182 2837 222 2900 11.
251 2842 316 2902 Non
334 2846 406 2902 enim
419 2847 600 2922 nosmetipsos
609 2845 820 2922 praedicemus,
844 2845 894 2902 sed
906 2845 1044 2902 dominnm
1059 2845 1149 2901 lesum
1164 2841 1245 2900 Cleri·
1262 2850 1317 2906 cap.
1326 2851 1375 2904 §.h-

89 2955 186 3016 sinen3
218 2965 269 3004 nos
291 2955 381 3004 culeos
399 2966 495 3005 servos
514 2956 621 3004 nestros
638 2966 692 3024 per
712 2948 802 3006 lesum
824 2947 976 3004 Chre'slnrn.
1025 2946 1160 3021 (luentem
1180 2945 1248 3001 deses

90 3049 148 3127 qni
165 3049 242 3106 dicii
261 3050 295 3106 de
317 3048 437 3108 tenebris
459 3050 547 3108 lucens
569 3049 770 3128 splendescere.

182 3144 236 3209 ΙΙΙ.
269 3148 406 3208 Habentes
424 3161 516 3209 antem
532 3153 645 3210 eundern
665 3153 795 3229 sps'rilnrn
803 3151 880 3228 fidei
895 3160 923 3208 ei
939 3150 1143 3210 noseredinus
1161 3157 1189 3206 el
1205 3149 1246 3206 lo·
1260 3155 1316 3200 isid.
1332 3157 1362 3200 ¹³·

91 3254 219 3333 quirnnr.
266 3245 323 3312 Ubi
347 3271 435 3312 voces
459 3250 521 3312 ilias
544 3251 676 3326 sustitit,
702 3255 785 3312 Sient
804 3257 937 3331 scre'plmn
960 3263 1012 3311 cst.

182 3349 264 3414 Haec
279 3362 325 3414 osi
339 3349 502 3416 Marcionis
519 3353 679 3420 ndnherina
698 3353 746 3416 ihs
764 3353 936 3415 lucubrnlio.
984 3349 1067 3434 Quae
1085 3362 1141 3413 {nm
1158 3371 1247 3413 ernis-

89 3452 165 3539 gelii
183 3454 340 3518 secundum
359 3451 469 3517 Luonns
488 3473 573 3539 quesn
590 3455 777 3540 epistolarum
798 3452 879 3517 Pnnii
900 3455 1024 3539 nposinii
1043 3456 1164 3517 ionmsm
1182 3473 1247 3536 spe·

90 3558 228 3639 ciemque
243 3567 457 3640 repraesentet,
482 3577 649 3620 neccarum
668 3567 763 3622 [nmen
782 3557 922 3634 omnium,
947 3558 996 3619 sed
1014 3557 1090 3619 iliius
1105 3555 1248 3617 duninxnl

91 3678 170 3743 quse
192 3659 226 3719 nd
246 3655 397 3721 Romanos
419 3669 464 3721 est
482 3659 607 3744 scripto,
641 3670 671 3721 ei
689 3661 724 3721 nd
742 3658 904 3743 Ephesios,
939 3670 968 3720 et
986 3658 1020 3719 cd
1038 3655 1245 3730 Colossenses‚

92 3779 227 3823 necnon
248 3761 282 3823 nd
303 3756 506 3838 Laodicenos,
540 3772 569 3824 el
588 3760 775 3838 adficietis,
807 3773 837 3824 es
857 3763 891 3824 nd
912 3757 1082 3823 Corinthios
1103 3759 1192 3842 primn
1214 3779 1246 3820 nc

93 3863 235 3925 secunda.
282 3860 354 3924 item
371 3864 406 3925 nd
426 3862 710 3927 Thessalonicenses
728 3864 818 3948 prims
837 3874 867 3926 ei
881 3863 1026 3938 secunda,
1051 3862 1085 3924 sd
1102 3857 1248 3924 Phiicmo-

93 3985 179 4042 nem,
203 3965 239 4026 ni
256 3962 473 4046 Philippenses,
498 3967 532 4028 ad
550 3963 736 4030 Timotheum
756 3967 845 4052 prima
865 3976 895 4028 ei
914 3965 1056 4042 secunda,
1081 3964 1116 4025 nd
1133 3960 1256 4036 Titum.

92 4077 125 4132 ei
142 4066 176 4129 sd
192 4063 358 4128 Hebraeos.
405 4063 488 4148 Quos
504 4089 605 4132 cinnes
620 4089 676 4132 non
693 4069 836 4153 integens,
861 4068 912 4129 sed
927 4067 1099 4151 depravatas
1113 4085 1147 4125 nc
1163 4063 1247 4128 inuii-

93 4171 170 4232 ieins
185 4167 355 4251 complexus
373 4179 433 4232 ests
459 4169 532 4233 eden
549 4171 680 4254 quidem,
705 4181 794 4234 tolum
814 4181 845 4234 ni
864 4169 930 4233 iilud
948 4189 1020 4253 opus
1037 4167 1111 4230 male
1131 4167 1185 4230 fide
1204 4167 1247 4228 vi-

92 4359 182 4410 Scholli
199 4361 337 4438 onnolohnp
357 4359 462 4409 invenio:
488 4357 554 4418 „Hic
577 4359 652 4409 hebet
720 4355 761 4410 ii.
781 4355 980 4428 ἐρρᾳδιούργηκε
1002 4374 1048 4422 την
1073 4358 1182 4418 rescripsi
1204 4371 1248 4418 pro

91 4434 152 4494 post
168 4421 342 4492 primnsnne'.
371 4435 428 4504 post
447 4395 641 4478 seeiindum'
602 4446 651 4488 κς,
685 4411 938 4496 ἐρρᾳδιουργημένην
955 4440 1002 4489 qua
1017 4427 1147 4486 oennpielo
1163 4437 1249 4484 omnes,

90 4501 152 4562 post
167 4493 267 4542 tertium
283 4489 334 4555 κζῑ
354 4493 414 4543 mhi}
432 4501 586 4562 praeterea-‘⁶
684 4498 824 4558 conscidi,
841 4497 896 4545 libri
913 4497 1027 4543 laborent.
