3006 4990
268 263 327 324 144
678 271 800 325 saum
816 273 983 326 mmm!

265 391 299 455 ἐκ
318 392 430 473 νεκρῶν
444 383 604 470 ἀναστῆναι
621 393 658 478 νῆ
679 391 761 477 τρίτη
784 385 888 478 ῆμέρςι.
931 390 991 454 Καὶ
1006 385 1092 454 ούδὲν
1111 390 1189 456 ἔστιν
1204 387 1278 467 ὅλως
1291 393 1407 472 διαφω·

265 496 339 556 νοῶν
360 495 413 572 τῆς
433 495 487 554 τοῦ
512 493 617 574 κυρίου
642 486 784 572 ἐνσάρνιου
808 494 972 576 παρουσίας
993 488 1069 576 πρδς
1092 488 1145 568 τάς
1164 499 1222 558 τῶν
1243 501 1408 577 προφητῶν

266 595 454 677 προφητείας.

131 688 199 755 Κεφ·
217 685 245 749 ἴ·
349 689 420 756 Ἀλλ’
436 695 492 768 ἕως
505 693 613 758 τούτου
628 693 696 776 περί
712 699 765 774 τῆς
781 697 960 776 Σατορνίίου
976 696 1113 778 αίρίσεως
1129 692 1274 780 είρῆσθω,
1295 697 1344 761 ἰ’να
1363 693 1408 778 μῆ

153 797 204 842 ⁹⁸⁸·
218 786 250 830 ω
269 791 412 886 άνολίσκω
427 792 553 879 χρόνους
567 794 636 879 περί
650 791 702 868 τάς
717 792 818 876 μωράς
833 791 924 859 αύτοῦ
941 794 1070 878 ζητήσεις
1085 798 1135 860 καί
1149 794 1200 872 τάς
1213 793 1319 861 τούτου
1333 793 1408 862 άνα-

268 895 378 980 τροπάς
398 894 603 979 ἐνειλούμενος.
645 892 701 960 Ἐκ
725 894 833 977 ταύτης
848 895 880 960 δέ
899 894 1057 980 παρείθῶν
1077 898 1144 981 ἑξῆς
1166 895 1220 979 τῆν
1234 901 1408 963 Βασιλείδου

267 1003 322 1064 τοῦ
338 1005 533 1080 συσχολαστοῦ
548 995 656 1063 τούτου
673 999 723 1062 καί
738 999 980 1080 συνηπυνημίνου
994 997 1124 1080 δηλῶσω.
1166 1001 1331 1081 Μετίηυυσι
1347 996 1407 1084 γάρ

267 1091 366 1179 οὗτοι,
390 1096 431 1175 ῶς
452 1096 502 1164 άπ’
518 1096 646 1181 άλλῆλων
662 1095 715 1163 τδν
731 1097 777 1164 ίδν
792 1097 1001 1182 δανεισάμενοι,
1021 1099 1095 1166 κατά
1110 1100 1164 1183 τῆν
1179 1103 1286 1186 ἐναργῆ
1300 1125 1406 1184 παροι-
1423 1175 1426 1184 Ι

270 1205 355 1287 μίαν,
387 1197 427 1278 ῶς
445 1196 534 1276 άσπίς
554 1199 622 1285 παρ’
645 1202 758 1282 ἐχίδνης
780 1197 827 1266 ίδν
850 1201 1044 1283 δανειζομένη.
1085 1198 1177 1284 Ὁμοῦ
1196 1201 1251 1287 γάρ
1277 1203 1332 1266 εἰσι
1350 1208 1408 1282 τῆς

149 1369 152 1378 ,
266 1310 371 1387 σχολῆς
386 1303 437 1368 καί
452 1306 606 1386 συνεδρίου
619 1299 763 1383 ύλλῆλων,
784 1298 855 1366 καθ’
871 1301 976 1368 ἐαυτδν
990 1302 1022 1367 δέ
1038 1304 1156 1385 ἕστηκεν
1179 1301 1334 1388 ιἑκάτερος
1349 1301 1406 1386 τῆν

265 1409 377 1490 αἵρεσιν
389 1402 642 1488 προστησάμενος·
663 1403 713 1468 καί
731 1399 785 1484 τῆν
798 1403 850 1484 μίν
865 1407 970 1468 κακίαν
985 1399 1053 1488 παρ’
1069 1401 1198 1486 άίλῆλων
1214 1401 1402 1489 ῆρανίσαντο,

265 1504 319 1589 τῆν
338 1507 370 1572 δέ
384 1509 549 1586 διαφωνίαν
564 1506 596 1570 ἐν
614 1500 714 1579 αύτυῖς
728 1502 923 1588 ἐνεστήσαντο.
967 1507 1038 1570 Είτε
1052 1497 1108 1570 οὖν
1122 1497 1211 1580 οὗτος
1225 1508 1311 1588 δίκην
1326 1507 1402 1588 ληίδ-

264 1635 318 1690 νης
336 1604 417 1691 παρά
437 1613 497 1672 τῶν
518 1603 655 1672 άνωτάτο
672 1603 819 1688 μετασχοδν
832 1613 872 1693 τῷ
887 1610 1040 1694 Βασιλείδη
1058 1609 1271 1688 μεταδίδωκεν,
1293 1605 1314 1690 ῆ
1330 1610 1404 1673 ἐκεῖ-

264 1736 317 1785 νος
331 1707 441 1797 τούτῳ,
463 1707 543 1792 ὅμως
559 1705 694 1790 ύλέθριος
712 1704 755 1771 ῶν
768 1703 786 1773 ύ
801 1705 913 1772 τούτων
929 1705 973 1783 ίδς
982 1757 991 1787 ,
1017 1710 1068 1774 καί
1082 1705 1141 1775 άπδ
1156 1706 1300 1774 τοιούτων
1319 1710 1405 1794 ἕρπε-

264 1817 324 1877 τῶν
338 1807 514 1895 δρμῶμενος,
527 1808 577 1874 διά
591 1815 644 1892 τῆς
656 1816 709 1875 τοῦ
723 1812 827 1893 κυρίου
842 1813 1029 1883 διδασκαλίας
1043 1806 1198 1875 άντιδύτου
1211 1813 1294 1891 δίκην
1308 1806 1405 1892 α’μαυ-

265 1915 375 1999 ρωθείς
393 1936 425 1976 τε
446 1913 498 1976 καί
518 1907 697 1992 ἀφανισθείς
717 1907 769 1990 ύφ’
787 1907 870 1992 ῆμῶν
889 1914 1113 1990 καταλελείφθω.
1156 1907 1254 1994 Ἡμεῖς
1275 1911 1307 1976 δέ
1327 1909 1406 1976 θεῶν

266 2011 488 2096 ἐπικαλούμενοι
509 2014 559 2080 ἐπὶ
579 2009 633 2088 τάς
653 2013 720 2096 ἑξῆς
740 2014 845 2094 ίωμεν,
868 2002 893 2076 ῶ
914 2007 1067 2096 άγαπητοί.

470 2345 625 2416 ΚΑΤΑ
666 2341 1183 2430 ΒΑΣΙΛΕΙΔΙΑΝΩΝ,

705 2456 745 2532 δ’.
769 2455 793 2550 ῆ
817 2460 876 2532 καὶ
900 2456 960 2532 κδ’.

191 2653 197 2668 .
228 2612 246 2670 ’.
349 2609 520 2689 Βασιλείδης
539 2606 592 2688 μέν
611 2597 681 2683 οὖν,
709 2602 792 2670 καθά
818 2603 878 2670 άνω
894 2603 1129 2689 προδεδήλωται,
1159 2607 1191 2670 ἐν
1215 2611 1252 2694 τῆ
1268 2612 1327 2672 τῶν
1343 2610 1401 2672 Αἰ·

263 2713 393 2794 γυπτίων
406 2704 486 2794 χῶρμ
504 2705 687 2790 στειλάμενος
700 2703 755 2788 τῆν
768 2710 902 2791 πορείαν,
924 2707 1015 2772 ἐκεῖσε
1025 2705 1078 2782 τάς
1095 2705 1246 2792 διατριβάς
1261 2710 1400 2786 ἐποιεῖτο,

177 2833 179 2840 “
263 2805 323 2874 είτα
338 2811 448 2892 ἐρχεται
461 2811 503 2884 είς
517 2806 554 2873 τά
570 2809 643 2894 μέρη
659 2815 712 2874 τού
722 2813 919 2890 Προσωπίτου
935 2810 986 2873 καί
1000 2805 1180 2893 Ἀθριβίτου,
1202 2806 1239 2876 ού
1255 2807 1314 2892 μῆν
1327 2807 1401 2874 άλλά

262 2913 313 2976 καί
333 2912 401 2994 περί
423 2908 474 2976 ιδν
490 2915 603 2992 Σαΐτην
620 2911 671 2974 καί
683 2907 898 2994 Ἀλεξάνδρειαν
915 2911 966 2974 καλ
991 2907 1326 2992 ιἈλεξανδρειοπολίτην
1343 2919 1400 2996 χῶ-

262 3037 331 3098 ρον,
352 3009 418 3093 ῆτοι
433 3011 558 3094 ’νομόν
602 3010 707 3094 Νομδν
724 3007 779 3096 γάρ
803 3013 834 3076 οί
847 3008 1005 3094 Λίγύπτωί
1028 3032 1100 3090 φασι
1123 3009 1176 3095 τῆν
1199 3009 1322 3094 ἑκάστης
1342 3009 1398 3078 πύ-

260 3119 332 3188 λεως
347 3117 527 3197 περιοικίδα,
553 3109 618 3194 ῆτοι
640 3115 807 3198 περίχωρον.
852 3109 964 3196 Εύροις
985 3109 1012 3176 δ’
1034 3109 1088 3192 ῶν,
1118 3103 1142 3176 ῶ
1166 3111 1318 3199 φιλολόγε,
1347 3115 1401 3178 καί

261 3221 349 3280 τοῦτο
372 3217 413 3290 είς
441 3219 575 3278 8σαυτοῦ
594 3211 751 3295 ω’φίλειαν,
782 3209 858 3299 πρδς
879 3212 1075 3295 φιλομάθειαν
1091 3215 1142 3278 καί
1157 3213 1335 3298 σαφῆνειαν,
1357 3218 1400 3292 είς

263 3312 369 3398 εύσεβῆ
386 3313 524 3381 σύστασιν
537 3315 587 3380 καί
601 3321 710 3400 φράσιν
726 3321 786 3379 τῶν
802 3316 835 3380 ἐν
851 3321 887 3404 τῇ
907 3318 977 3402 θείρι
992 3323 1092 3403 γραφῇ
1105 3317 1262 3398 κειμένων,
1282 3323 1342 3382 τῶν
1356 3320 1397 3394 είς

264 3413 390 3502 άπορίας
406 3414 487 3494 τινάς
504 3414 703 3499 ἐμβαλλόντων
717 3413 754 3480 δι’
767 3413 908 3500 άπειρίαν.
941 3415 1041 3482 Ὅπου
1056 3415 1112 3502 γάρ
1129 3419 1160 3481 ἐν
1178 3423 1218 3504 τρῖ
1234 3414 1306 3506 άηίρο
1322 3443 1396 3501 προ-

263 3517 343 3607 φῆτη
360 3515 471 3606 Ἡσαΐᾳ
493 3516 591 3602 εύροις
615 3519 811 3604 γεγραμμένον
833 3519 899 3602 περί
915 3523 1013 3598 νομῶν
1026 3516 1138 3594 πόλεως
1152 3519 1395 3604 4Αἰγυπτιακῶν,

262 3617 327 3685 οίον
344 3617 475 3696 Τάνεως,
496 3617 701 3702 ῆΜέμφεως,
729 3617 750 3702 ῆ
767 3624 861 3700 νομοῦ
884 3625 962 3700 ’τῆς
976 3618 1165 3702 Βουβάστου,
1186 3623 1396 3705 Αίμυπτιακῶς

261 3720 315 3804 τῆν
331 3725 516 3807 οπερίχωρον
538 3729 590 3805 τῆς
610 3718 753 3804 τυχούσης
769 3718 882 3794 πόλεως
903 3725 1044 3802 σημαίνει.
1089 3721 1149 3784 Καί
1170 3727 1256 3786 τοῦτο
1271 3727 1395 3804 φιλομα-

260 3826 348 3898 θείας
361 3823 446 3888 ἐνεκα
462 3823 674 3906 ίρμηνευέσθω.
703 3813 768 3886 Ἠν
784 3827 857 3906 γοῦν
872 3823 904 3887 ἐν
917 3829 980 3896 τοῖς
993 3819 1135 3895 τοιούτοις
1151 3819 1251 3898 τύποις
1266 3819 1284 3886 δ
1298 3847 1395 3907 προει·

261 3924 386 4006 ρημίνος
403 3921 529 4009 άγύριης
546 3921 600 4006 τῆν
616 3926 766 4005 διαβίωσιν
779 3925 852 4006 ἔχων
874 3924 903 3999 ἐξ
925 3914 967 3986 ῶν
979 3928 1112 4001 φαίνεται
1133 3920 1154 4005 ῆ
1176 3925 1225 3988 καί
1244 3926 1286 4000 είς
1305 3927 1393 4009 δεῦρο

262 4019 430 4106 ύκμάζουσα
448 4022 540 4090 αύτοῠ
555 4028 675 4110 αίρεσις,
689 4026 722 4090 ἐκ
737 4031 789 4106 τῆς
805 4022 896 4089 αύτοῦ
913 4027 1099 4100 διδασκαλίας
1112 4027 1241 4108 λαβοῦσα
1254 4023 1307 4107 τῆν
1320 4023 1393 4109 πρύ-

295 4247 353 4298 Cn.
363 4249 418 4298 VH.
434 4275 468 4287 —
486 4247 508 4299 1.
525 4249 591 4298 ίιίδτι·
606 4243 721 4313 ἑκάτερον
733 4249 811 4311 υιιίρο.
845 4249 896 4298 eod.
914 4251 985 4298 ίοίῑο.
1000 4251 1086 4310 recepit
1101 4249 1217 4302 Ρτισυίυι.

296 4313 354 4363 Cn.
365 4315 384 4365 1.
401 4343 434 4354 -
460 4317 482 4366 1.
499 4309 755 4382 ’λλιξανδριοπολίτην
769 4317 812 4364 ίισ-
879 4316 903 4365 2.
921 4313 1002 4381 νομόν.
1035 4311 1120 4380 Νομδν
1141 4317 1192 4366 cod.
1209 4317 1279 4366 ίσλίο.
1295 4321 1317 4364 εί
1337 4317 1390 4365 edit.

262 4387 314 4432 οιιιλ
327 4383 386 4433 libri.
423 4383 450 4432 [λι
465 4387 535 4432 ctiam
548 4377 721 4448 ’Δλεξάνδριαν
738 4388 771 4432 ιιι
787 4385 812 4432 ιἰι
845 4385 926 4433 Ριίου.
962 4385 1018 4434 cod.
1034 4384 1130 4446 Βδειίίς.
1150 4388 1171 4432 ιλ
1189 4384 1242 4434 edit.
1258 4386 1333 4446 μιικε.
1348 4385 1390 4432 λσ-

261 4449 299 4499 οιί.
318 4451 393 4510 μνίου.
413 4463 458 4510 pro
480 4444 680 4516 ’Δλιξάνδρειαι,
705 4451 766 4512 quod
783 4464 812 4500 ιε
844 4453 896 4501 διαί
909 4447 991 4518 νόμον.
1013 4446 1095 4518 νόμον.
