2994 5024
359 297 494 348 ruusuu
511 297 574 349 utu.
588 298 606 350 1.
624 297 704 348 rou.
716 297 759 348 111.
778 297 876 349 uuus.
890 297 971 348 tht.
1182 287 1243 349 575

93 419 244 478 Geminam.
285 413 352 480 Nea
371 416 496 481 habebut
512 416 598 481 ittuu:
623 419 723 480 Nonne
737 422 858 498 purisque
866 439 998 498 passeres
1011 430 1132 480 veneunt
1145 423 1243 500 depun-

91 521 157 591 dia,
182 531 213 579 et
232 541 305 580 unus
325 541 363 580 ese
384 524 452 600 ipses
472 541 528 582 nan
550 530 593 581 est
613 523 642 581 in
664 521 800 582 abliue'ane
821 541 914 581 caram
935 523 1009 582 dea?

178 617 288 683 XXX.
319 615 379 685 Pro
397 621 441 685 his
458 622 573 687 verbis:
606 623 790 702 Carfitebitur
803 644 899 684 caram
914 627 1026 703 angelis
1040 627 1102 696 dei,
1134 624 1240 688 rasari·
1253 635 1378 695 taetus,

89 721 152 800 bit,
177 725 276 784 Caram
297 727 358 784 deo.

177 821 302 888 XXXI.
333 823 404 890 Nou
427 825 514 890 habet
535 825 607 891 istu:
631 833 707 890 Heus
728 831 812 889 uestit
822 829 950 908 faenum.
1253 839 1354 887 tutum.

177 921 317 991 XXXII.
349 933 433 991 Pater
451 941 542 992 aester
558 934 636 992 acuit
651 934 781 1011 quantam
798 932 843 990 uu
857 951 927 1010 epus
944 931 1069 1005 tamum
1099 929 1171 994 haud
1189 931 1239 994 du·
1255 943 1310 987 thid·
1322 948 1353 989 ³⁰·

88 1027 140 1091 uie
163 1049 236 1112 quse
258 1031 293 1092 nd
316 1051 434 1094 caruem
458 1031 593 1094 attinent.

178 1127 331 1196 XXXIII.
367 1137 498 1212 Quaem'te
516 1146 607 1196 autem
622 1156 741 1215 regumn
755 1139 815 1208 dei,
840 1146 870 1196 et
882 1136 950 1196 haec
965 1139 1056 1197 muntia
1072 1139 1240 1197 strinientur
1254 1147 1310 1193 tutu.
1323 1153 1353 1194 ut.

87 1235 180 1294 uubis.

174 1332 329 1401 XXXIV.
363 1335 421 1400 Pro
444 1359 480 1401 eu
502 1339 578 1422 quud
601 1349 662 1418 est,
687 1344 772 1402 Pater
792 1352 898 1414 aester,
925 1339 1066 1418 habebut,
1090 1345 1183 1402 Pater.
1254 1353 1353 1401 tuusu.

176 1435 314 1504 XXXV.
346 1437 405 1504 Pru
422 1440 467 1504 his
484 1461 573 1519 vero,
604 1445 733 1504 Secunda
748 1453 800 1503 aut
815 1447 899 1504 teram
914 1429 1058 1518 custodia,
1084 1443 1239 1506 substitue·
1254 1456 1309 1500 usu.
1322 1461 1353 1503 as.

86 1553 138 1605 rut
161 1545 350 1622 Vesperte'nam
372 1545 535 1605 eustadium.

175 1640 329 1707 XXXVI.
364 1649 462 1706 Veniet
474 1648 601 1708 daminus
613 1650 692 1708 serui
704 1649 802 1721 maus,
827 1659 856 1708 et
869 1648 976 1708 secabit
991 1669 1051 1708 eum
1058 1693 1067 1722 ‚
1092 1660 1120 1709 et
1128 1661 1238 1730 partem
1252 1660 1308 1706 tutu.
1320 1665 1351 1707 tt.

85 1752 152 1808 eius
168 1759 257 1828 ponet
276 1769 338 1809 cum
360 1749 529 1828 infidelibus.

175 1845 346 1913 XXXVII.
377 1853 511 1933 Nesarte
528 1854 625 1912 matut
639 1862 666 1912 te
681 1855 720 1912 ad
733 1855 866 1926 audacem,
892 1864 920 1914 et
934 1857 1019 1914 sistes
1037 1856 1134 1914 mutiat
1146 1864 1173 1914 te
1187 1875 1237 1914 ea-
1252 1866 1307 1911 tutu.
1320 1869 1351 1912 ss.

85 1957 192 2014 acturi.

175 2050 358 2118 XXXVIII.
393 2051 561 2119 sustulerat
578 2075 617 2118 ex
634 2053 683 2118 itto
703 2054 785 2133 Ioco,
819 2061 961 2118 Venerum
977 2059 1088 2137 partiam
1106 2062 1237 2119 nuntiau-
1251 2071 1306 2127 cap.
1320 2075 1352 2128 m,
1372 2077 1390 2118 1.

87 2170 132 2218 tes
151 2160 209 2237 ipsi
224 2160 259 2217 de
277 2161 427 2231 uetitaeu,
459 2179 576 2239 quarum
594 2161 758 2237 sangumem
777 2163 930 2220 miscuerat
944 2162 1053 2220 Pilutus
1070 2181 1132 2220 cum
1150 2165 1239 2222 saari-

74 2261 164 2340 fictu
186 2279 296 2333 earum,
329 2279 419 2344 usque
444 2260 480 2323 ud
503 2280 538 2322 ea
558 2259 661 2343 quibus
683 2259 718 2322 de
740 2260 902 2324 octodecim
922 2258 981 2323 iuis
1004 2269 1049 2323 est
1070 2281 1168 2324 sermo
1191 2263 1239 2345 qui

86 2359 176 2424 ruina
194 2361 283 2424 turris
301 2361 430 2447 oppressi
448 2371 527 2424 sunt.
575 2358 666 2439 Item,
697 2365 766 2424 Nisi
775 2367 973 2443 paenitentiam
990 2367 1122 2442 egere'tis,
1147 2384 1239 2446 usque

88 2463 126 2525 sd
144 2461 309 2546 parabolem
326 2464 397 2527 ficus
413 2463 449 2527 de
462 2485 517 2547 qus
533 2462 607 2527 uiuit
620 2463 764 2548 agricola,
788 2469 913 2538 Fadium,
938 2475 969 2525 et
979 2467 1086 2526 mittam
1100 2477 1236 2540 stercora,

27 2591 33 2602 ·
86 2569 169 2625 etsi
186 2587 241 2626 nan
254 2568 376 2648 fecerit,
401 2571 507 2628 ercaiie.

177 2663 331 2732 XXXIX.
362 2673 444 2732 Hanc
463 2680 555 2730 autern
567 2672 664 2748 filiium
685 2670 821 2730 Abrahae
841 2671 974 2749 alligauit
992 2679 1117 2730 satanas.
1251 2683 1307 2727 tuta.
1320 2689 1350 2731 m

173 2765 246 2833 XL.
278 2767 352 2834 Item
368 2770 437 2834 ittut
454 2769 575 2834 ademits
603 2775 679 2832 Tune
692 2772 819 2832 mttetitis
834 2771 978 2844 Abraam,
1004 2774 1085 2832 Isaac
1096 2781 1125 2832 et
1138 2773 1233 2844 laceb,
1249 2784 1306 2831 tutu.
1316 2789 1349 2831 se.

85 2883 120 2933 et
133 2893 227 2933 amnes
241 2875 393 2952 prapietas
410 2877 439 2934 in
454 2894 543 2952 regna
560 2875 613 2933 dei.
659 2867 719 2934 Pro
736 2893 792 2956 quo
809 2871 977 2958 rescripsit,
1002 2875 1070 2934 Cum
1086 2895 1178 2934 amnes
1194 2877 1237 2934 iu·

85 2985 148 3035 stas
166 2977 292 3035 metieritis
308 2979 337 3036 in
352 2995 441 3054 regna
456 2979 515 3048 dei,
541 2995 588 3036 uus
602 2985 693 3035 autem
709 2977 848 3036 cactusm.
896 2973 1015 3038 utteris
1031 2993 1119 3054 veru,
1143 2978 1237 3036 deten-

87 3089 132 3138 tus
148 3077 246 3158 sares:
270 3085 316 3154 et,
339 3078 402 3138 illc'c
423 3087 466 3139 eat
479 3081 570 3160 fletus
590 3088 621 3138 et
638 3080 745 3138 strutar
765 3081 898 3140 demtsiam.

173 3275 260 3342 XLI.
293 3275 365 3342 Item
381 3279 448 3343 ittut
466 3281 597 3345 sustulit:
623 3284 739 3344 Venient
752 3283 788 3342 ab
801 3285 907 3342 mente
921 3292 951 3341 et
966 3285 1121 3354 cerateas,
1146 3293 1176 3342 et
1189 3303 1234 3342 re·
1247 3293 1303 3340 tutu.
1316 3298 1349 3342 ts.

85 3383 218 3444 eumbent
231 3387 260 3444 in
274 3403 372 3462 regna.
410 3379 488 3444 Tum
504 3382 589 3446 illut:
613 3387 709 3446 Erunt
722 3387 866 3446 nauusirm'
874 3387 970 3466 primi.
1018 3379 1107 3444 Item:
1129 3389 1235 3446 Acces-

84 3497 188 3547 serunt
203 3487 351 3545 Ptmuaet
361 3488 499 3558 iacentes,
523 3489 722 3561 ueteranus,
747 3491 875 3566 quantam
890 3489 1016 3548 Herodes
1032 3489 1093 3546 uult
1106 3495 1133 3546 tc
1148 3490 1236 3547 enter·

76 3591 184 3668 ficere.
221 3583 287 3648 Neu
304 3607 361 3648 uun
380 3595 410 3648 et
427 3585 520 3648 istud:
550 3591 647 3661 Hias't,
678 3589 824 3650 Abeuntes
839 3592 922 3649 dicite
938 3590 1110 3668 sumitate,
1143 3607 1235 3671 usque

86 3689 123 3752 nd
146 3709 199 3766 eu,
230 3689 295 3748 Nan
317 3691 392 3768 capit
408 3691 572 3769 prophetam
594 3693 686 3750 ama‘dt
704 3701 787 3752 entra
804 3694 988 3752 Hierusalem.
1036 3687 1109 3752 tttuu
1129 3690 1233 3752 etium:

86 3793 280 3864 Hierusalem,
304 3793 495 3865 Hierusalem,
520 3813 591 3872 puae
606 3796 709 3853 occuitus
721 3796 885 3874 prophetas,
910 3804 939 3852 et
951 3795 1059 3872 tapetias
1074 3813 1121 3852 eas
1136 3794 1236 3872 quini

87 3905 116 3954 te
130 3895 212 3953 messi
220 3903 295 3954 sunt.
334 3889 425 3956 Itema
449 3896 539 3974 Saepe
551 3896 630 3955 ualui
641 3915 826 3974 congregare,
845 3897 919 3955 secut
929 3895 1039 3974 galiena
1047 3897 1143 3975 pullas
1156 3915 1231 3954 suas.

85 3991 146 4058 Et:
172 3997 352 4074 Helcnpuetur
365 3995 441 4057 uubis
456 3997 553 4057 damus
565 4008 668 4058 uestra.
715 3993 770 4058 Et:
793 3999 859 4057 Nun
873 4017 915 4057 me
927 3997 1069 4069 miiebitis,
1094 3999 1180 4056 danea
1192 3999 1235 4057 di-

86 4101 178 4171 entis,
202 4099 377 4158 Benedictus.

123 4283 163 4338 18.
181 4275 235 4352 im,
252 4283 296 4338 καὶ
313 4279 417 4338 σκάπτω
433 4285 484 4335 aad.
503 4285 576 4336 Vatia.
709 4283 750 4336 20.
769 4287 842 4335 Verba
859 4282 965 4350 καὶτὸ,
986 4281 1169 4350 Ἰερουσαλήμ,
1186 4279 1234 4338 ‘Ie-

123 4351 164 4406 19.
177 4355 244 4406 ttecte
254 4353 319 4416 tntra
328 4347 642 4420 ΠροςέθηκερτοἘποῑη-
676 4349 822 4418 pauentia,
840 4367 900 4416 auae
919 4356 989 4417 uutpa
1006 4355 1182 4420 mutuantur,
1197 4368 1234 4405 re·

88 4437 127 4476 aa·
674 4423 743 4484 pasus·
759 4433 788 4472 aa
805 4423 1009 4474 oecumenem.
1026 4424 1139 4476 Vaticant
