3018 4994
336 311 469 364 rnunnu
488 311 550 364 nus.
566 313 584 364 t.
600 313 680 364 ron.
696 312 727 364 u.
745 311 842 364 nnsn.
857 312 982 364 xxxin.
1088 299 1091 318 '
1170 301 1230 366 tls

81 454 147 496 rom
166 443 268 497 natura
284 431 426 517 duplicem
442 453 515 497 sano
530 429 676 496 Virtutem
693 431 821 518 peperit,
845 431 895 496 sed
911 431 1045 496 conditor
1061 443 1155 496 tamen
1170 431 1231 518 ipse

82 535 180 618 imago
203 535 424 620 praestantioris
447 547 503 598 est.
553 533 660 620 Neque
683 555 754 598 vero
778 555 814 598 ea
836 545 863 596 te
888 555 935 597 res
958 535 1124 620 perturbet,
1156 535 1232 597 seire

80 637 248 723 cupientem
269 639 430 722 quomodo,
463 659 527 701 cnm
551 659 638 701 nnnm
661 637 700 701 sit
720 648 750 701 ct
770 657 836 700 esse
855 637 997 700 lateamur
1015 657 1049 700 ao
1066 638 1230 714 credamus,

80 759 180 802 rernm
199 739 326 803 omnium
347 739 515 826 principium
533 739 733 824 generationis
751 759 844 824 aeque
864 759 897 802 ac
914 739 1107 824 corruptionis
1125 759 1232 824 expers

81 842 218 927 idemque
237 842 360 921 bonnm,
391 843 494 906 ambae
513 843 566 906 bae
584 853 706 905 naturae
723 852 859 905 constare
875 841 1039 926 potuerint,
1071 839 1232 927 corruptio·

81 945 128 1008 nis
148 944 282 1008 nimirum
302 954 333 1008 et
349 945 462 1009 mediae
480 944 629 1008 cuiusdam
646 943 838 1022 conditionis,
862 963 935 1028 quae
954 965 970 1007 a
989 942 1162 1007 seinvicem
1182 965 1233 1007 nn-

82 1057 150 1110 tora
173 1045 356 1132 discrepent,
388 1069 453 1111 curn
476 1047 503 1109 id
526 1047 603 1110 bono
621 1045 739 1110 insitum
762 1047 816 1125 sit,
849 1057 879 1108 ut
898 1045 952 1108 sibi
971 1065 1059 1130 qnam
1075 1045 1231 1124 simillimo,

82 1149 273 1233 eiusdemque
290 1169 389 1213 secum
407 1159 528 1214 naturae
545 1149 646 1234 gignat
661 1169 695 1212 ac
713 1150 853 1233 proterat.
898 1145 946 1212 Tu
963 1149 1052 1226 enim,
1077 1146 1234 1232 opitulante

83 1252 141 1314 deo
160 1251 243 1316 buius
262 1252 431 1337 principium
450 1273 483 1314 nc
499 1251 718 1334 generationem
737 1251 834 1314 animo
851 1250 1010 1336 percipies,
1035 1249 1082 1313 ubi
1101 1249 1233 1314 traditam

84 1354 231 1438 quandam
247 1354 285 1417 ab
298 1355 439 1440 apostolis
454 1353 614 1417 doctrinam
629 1353 769 1432 audieris,
793 1373 878 1438 quam
894 1373 947 1416 nos
963 1351 1149 1417 successione
1164 1372 1234 1436 qua·

82 1456 151 1518 dam
174 1457 208 1518 ad
232 1477 285 1519 nos
305 1477 396 1540 usque
419 1465 604 1542 propagatam
624 1454 806 1540 accepimns,
840 1477 903 1518 cum
922 1454 1089 1539 ecquidem
1107 1453 1234 1538 utquic-

81 1559 153 1642 quid
174 1559 312 1623 ad'eretur
330 1558 360 1621 in
380 1559 523 1638 medium,
555 1559 583 1620 id
603 1559 638 1621 ad
659 1558 814 1623 salvatoris
831 1557 991 1626 doctrinam
1011 1558 1090 1620 velut
1105 1556 1233 1640 regulam

83 1661 235 1743 exigatur.
283 1658 365 1724 llaec
381 1662 453 1746 apud
469 1671 513 1739 te,
538 1657 627 1724 Flora
644 1681 730 1724 soror
744 1660 908 1738 carissima,
932 1659 1031 1746 paucis
1046 1659 1234 1745 comprehen-

83 1762 157 1826 dere
174 1781 209 1825 ac
222 1761 369 1848 disputare
382 1764 473 1848 potui,
497 1763 718 1848 summatimque
736 1762 921 1848 praescripsi,
945 1761 985 1825 ita
1002 1772 1098 1826 tamen
1115 1772 1145 1825 ut
1160 1763 1234 1846 qnod

85 1875 152 1928 erat
166 1865 357 1951 propositum,
382 1877 519 1949 quantum
535 1866 607 1929 satis
623 1878 714 1944 esset,
738 1863 922 1950 explicarim.
968 1861 1062 1945 erarn
1078 1885 1139 1928 rem
1156 1865 1235 1928 dein·

83 1986 157 2050 ceps
173 1987 279 2051 magno
297 1967 347 2030 tibi
367 1967 431 2031 usui
448 1970 510 2031 lore
527 1967 658 2031 conlido:
690 1968 715 2030 si
733 1968 836 2046 modo,
869 1965 1237 2052 perindeoobonusager
1306 2031 1310 2040 ,

59 2077 115 2130 ·et
137 2069 296 2147 fecundos,
320 2080 445 2155 excepta
468 2071 580 2134 semina
604 2071 747 2134 fructuum
772 2068 904 2134 ubertate
927 2055 1111 2155 compenses.

266 2205 445 2259 HACTENUS
465 2207 656 2259 Prosenses
674 2207 719 2257 AD
737 2205 873 2257 stonum
891 2205 1060 2258 EPISTOLA.

175 2371 249 2460 Quis
268 2377 408 2440 eiusmodi
427 2377 582 2442 verborum
601 2399 635 2441 sc
655 2375 876 2440 circumforanei
897 2376 980 2440 buius
999 2378 1235 2464 asseclarumque
1254 2389 1388 2458 cipvttt

86 2479 170 2557 eius,
194 2475 391 2544 Ptolemaeum
408 2501 442 2544 ao
459 2479 557 2544 socios
573 2479 716 2564 intelligo,
741 2479 888 2543 vesaniam
903 2481 995 2564 possit
1007 2480 1164 2558 sustinere,
1189 2481 1236 2565 qni

85 2580 285 2666 ineptissimas
308 2581 420 2646 tabulas
442 2583 482 2646 ita
505 2583 683 2646 contundunt
705 2601 739 2645 ac
762 2585 926 2646 oonsnnnt‘l
967 2579 1037 2646 Non
1059 2582 1136 2646 enim
1159 2582 1237 2666 quis-

86 2703 175 2766 quam
194 2703 232 2746 ex
249 2683 375 2767 antiquis
391 2685 448 2748 illis
468 2684 679 2768 tragoediarum
696 2684 905 2770 scriptoribus,
935 2694 985 2748 out
1006 2704 1046 2748 ex
1068 2684 1237 2770 posteriori-

87 2784 144 2849 bus
160 2785 267 2865 mimis,
289 2785 383 2870 qualis
399 2784 533 2850 Pbilistio
550 2796 580 2848 et
592 2784 742 2871 Diogenes
760 2787 824 2866 luit,
843 2787 890 2870 qui
908 2783 1091 2850 Incredibilia
1107 2785 1235 2872 scripsit,

85 2898 138 2952 aut
158 2907 176 2952 e
194 2887 313 2972 reliquis
333 2889 466 2953 omnibns
486 2888 646 2952 tabularum
665 2899 716 2952 aut
732 2889 949 2975 rbapsodiarnm
969 2888 1154 2968 auctoribus,
1180 2901 1236 2952 tam

85 2989 227 3054 immania
245 2991 424 3056 comminisci
444 2991 594 3054 mendacia
613 2999 784 3076 potnerunt,
817 2989 910 3076 qualia
929 2991 1089 3056 nebulones
1105 2991 1153 3056 isti
1173 3013 1239 3077 pro·

88 3094 182 3179 priam
206 3092 235 3155 in
258 3093 415 3179 perniciem
438 3093 616 3157 execrabilia
632 3094 833 3178 borrcndaqne
850 3093 1045 3173 fabricaruntq
1070 3092 1173 3178 quibus
1190 3113 1237 3157 se·

86 3207 233 3260 otatornm
252 3195 365 3259 animos
384 3195 562 3260 stultissimis
580 3195 799 3279 quaestionibus
817 3215 851 3257 ac
869 3193 1048 3279 genealogiis
1068 3193 1237 3260 intermina·
1250 3220 1388 3278 tammus

87 3297 196 3362 bilibus
213 3298 413 3384 implicarunt:
438 3319 502 3362 cnm
520 3319 557 3361 ne
576 3319 609 3360 es
626 3298 739 3382 quidem
760 3297 870 3362 scirent
884 3317 958 3379 qnae
975 3297 1005 3360 in
1023 3297 1154 3362 manibus
1170 3310 1239 3364 sont

87 3401 203 3486 posita,
228 3409 258 3462 et
274 3399 363 3463 certis
382 3399 497 3463 interim
515 3399 659 3464 merrsuris
676 3399 815 3464 coelestia
833 3419 866 3463 so
884 3399 1004 3463 delinire
1020 3399 1236 3484 profiterentur,

87 3514 177 3588 atque
195 3499 446 3566 obstetricantium
468 3503 645 3586 quorundam
668 3514 818 3566 uterorum
839 3502 921 3566 velut
945 3501 1114 3566 coelestium
1140 3503 1239 3566 matri-

88 3625 176 3684 cum,
207 3605 250 3668 rei
269 3603 353 3690 plane
371 3604 604 3682 commentitiae,
637 3605 680 3668 sic
699 3615 834 3688 tanquam
851 3624 941 3668 verne
957 3601 1125 3688 solidaeque
1144 3605 1239 3668 scien·

88 3707 159 3771 tiam
182 3726 252 3792 prae
274 3727 308 3771 se
330 3707 453 3770 torrent.
498 3703 670 3770 Cuiusmodi
687 3707 736 3791 qni
754 3707 788 3770 ab
806 3707 863 3770 illis
881 3704 995 3784 audiat,
1023 3707 1049 3770 si
1067 3707 1153 3791 paulo
1168 3707 1239 3770 insi-

88 3809 218 3895 pientior
233 3811 283 3888 sit,
306 3809 429 3873 sublime
443 3809 576 3893 quiddam
590 3829 623 3874 so
640 3809 713 3894 apud
732 3807 797 3872 illos
812 3807 948 3872 didicisse
963 3818 1044 3872 ratus
1058 3808 1143 3872 lacile
1160 3829 1240 3871 men·

89 3909 241 3974 deciorum
261 3911 414 3974 lenociniis
434 3911 598 3974 inducetur.
644 3914 779 3990 Quonalrrn
800 3915 861 3972 norb
877 3915 966 3972 omnis
984 3915 1134 3972 seeundum
1148 3931 1240 3991 genus
1252 3936 1381 3996 snum

88 4035 171 4076 susm
189 4025 396 4094 congregatur,
421 4025 451 4074 et
465 4016 647 4076 omnishomo
662 4015 752 4076 srinr'lt'
764 4017 813 4075 sui
826 4015 997 4088 soerbbs'tor,
1022 4011 1064 4075 ait
1081 4013 1237 4098 scripturo.

89 4111 145 4179 Sin
169 4117 254 4200 paulo
278 4113 488 4199 intelligentior
511 4114 615 4200 aliquis
635 4136 671 4178 ac
692 4125 774 4180 recto
796 4113 903 4180 iudicio
925 4114 1072 4200 praeditus
1091 4125 1238 4194 occurrat,

125 4264 165 4319 16.
183 4265 315 4334 ἐφθόνησα
330 4271 419 4330 placuit
436 4269 539 4319 Patauio.
683 4275 704 4320 et
721 4273 775 4320 edit.
789 4273 864 4334 princ.
899 4269 1010 4338 μητρῶν,
1028 4263 1065 4329 m‘c
1081 4263 1164 4322 οὐσῶν
1186 4269 1240 4318 edit.

125 4335 166 4390 r'l.
185 4333 305 4389 καὶκατὰ
318 4350 367 4400 epo.
386 4337 451 4387 ttnrt
461 4338 544 4388 bobenl
555 4333 648 4391 notre.
683 4339 764 4388 Petam

126 4405 167 4456 18.
186 4405 243 4454 God.
259 4407 334 4454 tenet.
350 4405 408 4456 τῶν.
716 4405 742 4455 2.
759 4405 865 4473 νομίζων
878 4423 903 4459 τι
915 4409 998 4468 scripsi
1012 4421 1065 4456 com
1077 4408 1181 4456 Petuoto.
1203 4421 1242 4456 νο·

126 4469 187 4522 cnr.
197 4472 264 4522 Vltl.
280 4499 311 4510 -
333 4471 354 4521 1.
369 4471 420 4524 τῶν
437 4466 482 4524 cdx
499 4465 582 4524 orionis
598 4475 650 4524 cod.
684 4471 779 4540 piltonae
792 4480 855 4524 estut
868 4477 892 4524 tn
905 4477 956 4524 eod.
968 4475 1065 4537 ltbedtq.
1076 4479 1096 4524 et
1106 4474 1242 4535 monitae.

93 4541 166 4592 rain.
202 4539 305 4608 μητρῶν
322 4531 368 4592 eds
385 4535 467 4594 ονόὤν
484 4540 536 4592 cod.
553 4541 650 4605 nucum
683 4539 782 4608 νομῑζον
797 4555 823 4594 τι
838 4542 892 4593 rdtt.
907 4544 989 4594 Polou.
