3006 4990
347 275 480 327 ruuunu
498 275 575 329 una.
593 275 759 330 nummus
777 273 839 328 ere.
850 275 871 326 1.
888 275 969 328 rom.
978 281 1009 330 u.
1186 267 1244 332 1³5

102 393 240 480 insyria
259 395 388 477 degens,
412 391 588 462 Antiochino
605 393 718 458 scilicet
736 393 772 457 sd
789 390 949 477 Daphnen,
972 391 1115 478 ingentem
1133 397 1242 462 callidi-

104 505 194 562 tatem
216 519 252 562 ac
272 495 389 564 fallendi
411 493 543 580 peritiam
565 496 594 558 in
617 495 718 559 orbem
733 493 859 560 invexit.
902 491 1019 558 Etenim
1042 499 1095 563 duo
1113 498 1154 562 itti
1172 519 1242 562 con·

102 597 235 684 discipuli
256 601 356 676 tuere,
378 594 522 662 Basilides
538 617 573 662 ac
591 593 768 668 Saturnitus.
812 591 943 678 Quorum
961 595 1010 660 itte
1029 597 1058 660 iu
1078 601 1241 686 Aegyptum

102 701 250 783 protectus
272 699 331 764 illic
348 699 503 762 altissimas
521 697 631 762 erroris
652 698 697 762 sui
719 697 855 762 tenebras
873 696 994 778 vulgare
1015 697 1154 781 instituit,
1187 699 1243 765 Sa·

103 801 229 868 turuilus
245 821 284 864 eo
300 821 385 885 quem
401 798 462 864 disi
477 799 507 863 ie
522 799 587 862 ioco
601 798 734 864 babitans
749 797 868 884 perinde
884 819 918 860 ec
931 794 1097 864 Menander
1110 803 1243 866 mundana
1378 839 1385 854 ·

102 901 137 964 ab
153 901 281 987 augete
304 904 409 966 iactum
432 909 498 966 ea'se
520 899 716 986 praedicebat.
759 895 919 964 Praeterea
937 919 1024 962 unum
1044 920 1110 964 esse
1127 897 1244 966 Patrem

102 1002 254 1086 ignotum
277 1004 327 1088 qni
343 1000 494 1080 Virtutes,
517 998 702 1088 Principatos
724 997 933 1064 etPotestetes
950 1001 1107 1066 creaverit.
1151 998 1245 1069 Poma

102 1103 237 1186 Angelos
261 1127 277 1168 a
295 1101 439 1188 superiori
457 1102 564 1169 virtute
582 1102 759 1181 descivisse,
788 1122 828 1164 ex
845 1101 948 1186 quibus
967 1112 1077 1186 septem
1097 1103 1243 1182 mundum,

102 1216 131 1268 et
147 1227 226 1290 qnae
243 1207 350 1272 mundo
370 1214 439 1270 suut
457 1204 665 1290 comprehensa
681 1201 880 1280 condiderint,
910 1201 1029 1287 eiusque
1048 1203 1145 1271 mnndi
1163 1225 1245 1270 snam

103 1306 416 1391 unamquamquam
442 1316 553 1390 partem
576 1305 720 1370 diuisione
744 1305 889 1369 sortitum.
939 1301 1067 1368 Eosdem
1092 1314 1187 1370 tamen
1215 1306 1245 1370 in

104 1431 190 1474 mum
209 1409 421 1474 convenientes
436 1407 533 1470 aiebat
549 1428 613 1472 oum
636 1405 784 1471 incorum
800 1405 911 1470 animos
929 1403 1096 1484 incidisset,
1119 1426 1246 1470 commu·

105 1510 181 1574 aiter
200 1511 345 1576 bominem
360 1509 395 1572 ad
410 1508 486 1574 itlius
501 1507 657 1591 imaginem
672 1509 821 1572 effinxisse
835 1506 919 1572 uocis
934 1529 1008 1591 quae
1021 1507 1116 1572 turtius
1132 1510 1246 1572 coneto

104 1611 263 1695 prodierat.
308 1607 403 1692 Quam
425 1610 520 1674 obiter
540 1619 741 1695 conspectam,
775 1618 806 1672 et
825 1609 947 1672 subinde
965 1619 1163 1674 recurrentem
1182 1632 1246 1673 curn

106 1713 238 1776 detincre
261 1712 379 1776 minime
399 1710 579 1795 potuissent,
609 1711 717 1776 imitari
735 1709 881 1788 voluisseq
913 1731 968 1776 uec
984 1710 1069 1775 aliam
1090 1711 1247 1775 fabricandi

104 1813 231 1881 bominis
249 1813 433 1879 occasionem
453 1813 517 1878 iilos
539 1812 687 1878 babuisse.
732 1807 806 1876 Cum
826 1812 903 1876 euim
920 1832 1046 1897 superne
1063 1812 1159 1877 lumen
1178 1811 1247 1876 iitod

104 1915 293 1992 emicuisset,
323 1934 359 1978 ea
379 1935 428 1980 ras
448 1914 581 1998 Angelos
602 1915 683 2000 ipsos
703 1912 860 1992 excitarit,
891 1913 939 1996 qni
961 1913 1098 1978 coelestis
1116 1912 1249 1978 similitu·

105 2017 179 2086 dinis
204 2015 413 2102 exprimendae
439 2015 599 2094 desiderio,
633 2015 758 2080 bominis
785 2015 950 2100 figmenurm
973 2014 1126 2080 elaborare
1152 2016 1269 2078 counti'

106 2130 184 2184 snut.
230 2115 424 2200 Posteaquam
446 2116 524 2182 eninr
545 2116 681 2182 coelestis
704 2115 821 2182 luminis
842 2136 941 2180 amore
961 2117 1036 2201 cepti
1057 2127 1143 2196 sunt,
1174 2118 1249 2200 quod

105 2219 219 2302 quidem
243 2217 292 2286 ubi
309 2218 442 2302 apperuit
462 2218 630 2282 exitiorum
647 2228 767 2304 repente
786 2217 877 2282 oculis
896 2227 1071 2296 evanuerat,
1102 2217 1123 2280 ii
1140 2239 1251 2281 summa

107 2319 182 2386 iiiios
205 2319 364 2404 eupiditate
387 2340 421 2386 ao
442 2319 589 2404 voluptate
612 2319 737 2406 pertusi,
768 2340 834 2382 oum
855 2319 932 2383 ittius
954 2319 1131 2382 iucunditate
1152 2317 1251 2384 satiari

109 2422 223 2486 minime
248 2431 384 2503 possent,
416 2441 453 2486 eo
478 2422 553 2505 quod
577 2431 697 2505 repeme
720 2441 835 2486 sursum
860 2420 1023 2497 evolasset,
1056 2431 1115 2484 tum
1137 2421 1251 2484 demum

107 2521 249 2607 impostor
270 2521 320 2587 itte
340 2521 421 2588 vetut
441 2521 470 2586 in
490 2543 579 2588 scena
600 2523 640 2586 ita
655 2521 779 2586 invicem
799 2523 910 2586 tocutos
927 2520 1059 2604 Angelos
1075 2521 1250 2586 introducite

107 2627 256 2686 Faciamus
279 2627 414 2686 hommem
442 2626 481 2688 ad
501 2627 648 2704 sisagriam
676 2635 706 2684 et
723 2627 941 2687 similitudinem.
999 2621 1056 2690 Ubi
1082 2623 1400 2707 pertimescatis

107 2727 242 2790 Νωνω
264 2745 350 2807 quam
371 2723 400 2789 in
420 2720 531 2790 Genesi
552 2725 624 2790 dens
647 2735 783 2810 usurpat,
812 2724 877 2788 ideo
900 2724 1079 2804 decurtavit,
1109 2734 1140 2788 ut
1158 2725 1251 2788 errori

108 2847 163 2890 sno
180 2827 265 2890 tidem
284 2826 466 2904 adstrueret,
490 2827 571 2908 quasi
588 2826 637 2890 alii
653 2826 712 2892 sint
727 2825 825 2912 operis
843 2825 987 2905 artifices,
1009 2825 1166 2910 imaginem
1183 2847 1254 2890 vero

108 2926 202 3011 ipsam
221 2927 258 2990 ad
278 2925 362 2990 aiiunr
382 2927 487 2990 reterri
506 2926 686 3012 significent,
710 2949 773 2992 eum
790 2927 832 2992 ita
847 2927 1020 3012 loquunturs
1043 2931 1191 2992 Faciamus
1205 2931 1255 2990 ba-

108 3033 207 3092 rasiaem
229 3031 268 3090 ad
287 3032 435 3108 sisagraem
453 3041 483 3091 et
498 3033 716 3094 similitudmem.
762 3026 920 3096 Caeterum
942 3029 1019 3093 edito
1042 3030 1071 3093 iu
1092 3029 1185 3094 lucem
1204 3027 1256 3091 bo-

109 3128 188 3194 mine
204 3129 340 3212 Argaios
357 3131 398 3194 ait
415 3151 485 3216 prae
501 3129 697 3196 imbecillitate
718 3153 771 3194 sue
788 3131 928 3215 perticere
945 3151 1017 3216 opus
1033 3151 1117 3195 suum
1137 3129 1254 3194 minima

108 3231 258 3314 quivisses
290 3231 410 3314 proinde
430 3231 459 3298 io
482 3231 546 3299 soto
564 3231 709 3298 iacentem
726 3253 760 3296 aa
777 3230 986 3296 subsultantem
1004 3231 1145 3318 reptantis
1162 3231 1255 3296 instar

109 3331 278 3410 vermiculi,
310 3353 403 3417 neque
420 3333 536 3416 erigere
554 3353 605 3411 se,
635 3353 730 3418 neque
746 3333 820 3399 atiud
838 3330 989 3417 quiequam
1007 3354 1097 3418 egere
1112 3332 1253 3418 potuisse,

108 3432 202 3496 donee
220 3429 324 3496 Virtus
345 3433 394 3498 ilia
411 3434 547 3500 coelestis
567 3435 622 3500 boe
639 3433 819 3520 prospiciens
839 3443 925 3518 atque
946 3433 983 3498 ob
1000 3433 1155 3520 imaginem
1172 3455 1255 3498 suam

111 3543 196 3618 atque
218 3533 341 3616 effigiem
362 3535 486 3602 bominis
508 3536 627 3602 miserta
649 3535 694 3600 vis
715 3556 786 3601 suae
808 3534 962 3602 scintillam
984 3534 1118 3616 immisit,
1150 3557 1204 3620 qua
1226 3546 1256 3600 ct

111 3635 190 3698 ittam
212 3636 362 3700 eremitat
383 3637 471 3703 vitam
493 3637 643 3723 impertiit.
686 3635 832 3704 Nimirum
853 3657 906 3724 per
925 3636 1079 3704 scintillam
1100 3638 1182 3700 istam
1203 3637 1256 3700 bu·

110 3757 224 3799 manem
242 3737 367 3800 animam
384 3737 559 3822 intelligunt.
603 3739 703 3822 Atque
719 3738 785 3802 ideo
802 3739 933 3817 servari,
964 3738 1021 3817 ait,
1046 3739 1163 3801 omnino
1179 3740 1255 3801 scin-

110 3836 199 3900 tillam
214 3835 290 3902 banc
304 3849 430 3924 oportet,
450 3839 545 3924 perire
560 3860 633 3909 vcro
648 3839 780 3926 quicquid
794 3840 918 3906 bominis
935 3839 1081 3926 proprium
1095 3850 1157 3917 cst3
1180 3839 1256 3922 quot

110 3947 169 4001 tum
189 3939 296 4002 accidit
310 3961 375 4003 oum
389 3941 416 4002 id
433 3942 540 4026 quode
557 3942 640 4005 coeio
657 3942 804 4027 delapsum
821 3953 867 4005 est
882 3941 1000 4004 definito
1014 3941 1151 4026 temporis
1166 3940 1258 4004 inter·

112 4038 188 4102 valio
206 4061 322 4106 sursum
340 4041 455 4122 eroist3
483 4042 674 4128 similiterque
692 4045 767 4127 quod
786 4042 914 4108 intimum
932 4052 978 4109 est
994 4061 1030 4106 eo
1049 4041 1124 4108 unde
1142 4041 1276 4126 predic,

115 4211 187 4258 reue.
213 4211 291 4260 osus
305 4211 341 4262 ae.
354 4213 526 4272 primaeua.
539 4213 635 4275 amasa.
701 4211 935 4264 venumdentur.
970 4213 1035 4260 aaa
1050 4212 1133 4264 maeno
1149 4203 1234 4263 etms.

144 4273 171 4326 i.
187 4271 252 4342 spir
268 4269 330 4330 αὐτὸ
347 4281 398 4328 cod.
417 4281 503 4340 Vatia,
528 4281 618 4330 attam
632 4281 669 4330 ed.
735 4279 760 4332 u.
778 4282 974 4347 δραματουργῶν
990 4281 1041 4329 cod.
1059 4281 1148 4341 Vetto„
1169 4283 1190 4328 ct
1203 4279 1258 4328 toda

110 4345 192 4392 Petne.
236 4345 293 4394 cod.
310 4347 407 4407 amam.
426 4351 447 4395 st
466 4348 521 4395 sdtt.
535 4351 611 4408 prisc.
631 4347 668 4416 τῷ
703 4350 782 4398 esau.
806 4351 995 4414 scoparumque
1003 4349 1054 4397 cod.
1065 4347 1259 4410 medicatoris.

112 4406 154 4474 (rt
171 4413 224 4460 aa.
238 4413 349 4479 mesra.)
367 4409 429 4478 apt<
445 4407 544 4472 αὐτοὺς.
701 4417 777 4478 para.

144 4477 171 4528 5.
187 4471 249 4531 arird
267 4492 322 4544 epo,
347 4482 484 4532 canoram
500 4485 604 4544 scembs,
629 4485 670 4546 qut
737 4481 761 4535 7.
778 4483 829 4546 „Et
845 4485 876 4532 tn
892 4483 1013 4534 banstae
1030 4481 1129 4550 quidem
1145 4481 1171 4530 id
1192 4479 1259 4548 quod
