3006 4990
318 265 453 318 Purtsutt
470 266 546 319 ADV.
562 265 731 318 HAEHESES
748 265 811 318 tte.
824 267 844 317 Ι.
859 266 940 318 ΤΟΜ.
952 267 971 318 1.
1159 257 1218 320 109

84 385 167 450 intem
183 385 224 448 ita
238 385 294 448 deo
310 385 404 450 visuro
420 396 483 463 est,
507 393 539 447 ut
555 383 645 469 ipsius
667 382 741 448 tilius
758 403 775 447 e
793 385 877 448 coelo
897 384 1031 469 delapsus
1049 384 1079 449 in
1096 384 1218 470 virginis

85 498 163 550 utero
184 486 372 570 gigneretur,
395 486 516 550 verbum
539 485 654 570 inquam
671 486 740 550 illud
757 496 926 564 aeternum,
959 487 1034 570 quod
1058 508 1075 549 e
1096 499 1217 572 paterno

84 589 147 652 sinu
163 599 231 650 ante
247 599 360 673 ternpus
375 597 462 671 atque
475 585 588 651 initium
602 607 687 650 omne
702 587 830 670 genitum
847 597 904 665 cst,
928 587 1061 672 idemque
1076 591 1218 653 extremis

85 688 258 773 temporibus
274 691 413 774 allapsum
429 689 500 752 deus
516 687 636 752 verbum
652 709 669 750 a
686 688 740 752 dec
761 697 842 772 patre
859 708 962 751 revcra
982 690 1115 772 genitus,
1140 692 1218 755 eius-

85 793 202 873 demque
221 813 285 854 cum
303 790 353 854 illo
369 789 535 865 esseutiae,
560 809 614 852 neu
632 789 688 853 ulla
710 809 743 852 re
762 812 779 852 a
797 799 1038 872 patrecinium,
1062 795 1114 856 sed
1130 793 1218 858 vicis·

85 891 213 957 situdinis
230 912 265 955 ae
283 891 450 956 mutationis
467 901 497 954 et
514 891 677 954 affectionis
700 890 793 953 omnis
811 910 931 975 expers.
976 888 1034 973 Qui
1057 915 1121 956 cum
1144 895 1218 958 citra

86 995 165 1057 ullam
181 995 269 1058 enimi
289 993 510 1056 commotionem
526 992 644 1076 generis
661 991 752 1054 nostri
770 990 906 1055 misertus
922 992 1014 1070 toret,
1037 995 1219 1060 descendite

85 1096 179 1172 coelo,
203 1116 239 1157 ac
261 1096 296 1157 dc
313 1095 416 1179 spiritu
433 1103 551 1172 sancto,
576 1115 634 1156 non
655 1091 766 1156 evirili
787 1093 915 1172 semine,
939 1094 1094 1178 productus
1116 1117 1217 1160 verum

85 1217 186 1282 eorpus
209 1193 338 1260 eMarie
356 1197 501 1279 suscepit,
526 1217 590 1258 curn
609 1215 626 1258 e
642 1205 743 1258 saneto
762 1194 825 1256 eius
847 1205 931 1258 utero
953 1215 1069 1260 ceratem
1087 1197 1142 1260 sibi
1165 1201 1218 1262 tin-

86 1299 194 1376 xisset,
219 1298 429 1381 humanamque
447 1307 504 1360 tum
522 1297 664 1374 animam,
688 1308 748 1359 tum
767 1305 891 1358 mentem
907 1295 1064 1374 induisset,
1088 1319 1122 1362 ac
1139 1301 1219 1383 quic·

86 1400 145 1484 quid
163 1401 283 1464 omnino
306 1419 370 1462 curn
389 1399 505 1461 homine
524 1398 708 1461 coniunctum
728 1407 790 1474 cst,
814 1407 929 1480 praeter
948 1410 1097 1482 peecatum
1119 1421 1219 1464 secum

87 1523 116 1565 ae
134 1523 198 1566 cum
216 1499 368 1564 divinitate
383 1521 436 1564 sua
451 1499 627 1585 copulasset.
671 1495 743 1561 inde
763 1495 923 1560 Bethleemi
945 1499 974 1561 in
995 1499 1087 1564 lucem
1111 1502 1217 1582 editus,

88 1613 166 1686 atque
188 1603 218 1666 iu
238 1623 326 1686 specu
349 1599 537 1664 circumcisus
555 1599 769 1685 Hierosolymis
792 1598 905 1664 oblatus
928 1611 990 1677 est,
1013 1600 1109 1685 ibique
1125 1625 1143 1666 a
1160 1600 1219 1690 Sy·

89 1725 185 1768 meone
203 1704 281 1767 inter
298 1701 416 1766 brechia
434 1712 605 1785 susceptus,
633 1711 664 1764 et
683 1699 719 1764 ah
734 1700 823 1763 Anna
841 1697 998 1765 Phanuelis
1019 1702 1075 1766 lilia
1096 1706 1219 1790 prophe-

89 1805 151 1868 tissa
165 1805 367 1892 praedicatus,
390 1801 591 1868 Nazarethum
607 1803 775 1887 deportatus
791 1812 847 1866 est.
893 1801 971 1866 Tum
986 1824 1063 1866 auno
1085 1807 1219 1889 sequenti

89 1905 297 1992 Hierosolymis
315 1927 349 1969 se
366 1925 465 1968 coram
487 1905 542 1968 deo
560 1903 808 1990 repraesentavit,
832 1913 918 1987 atque
936 1903 1003 1968 inde
1019 1902 1217 1972 Bethleemum

89 2019 199 2094 propter
224 2008 343 2092 generis
368 2006 609 2093 propinquitatem
631 2027 649 2068 a
672 2015 763 2068 matre
785 2005 897 2068 delatus
922 2016 977 2070 est.
1021 2004 1081 2071 Sed
1104 2029 1219 2073 rursum

88 2109 281 2174 Nazarethum
303 2110 420 2174 rediens
437 2129 513 2172 auno
529 2108 621 2170 altero
637 2117 770 2170 vertente
786 2104 989 2193 Hierosolyma
1005 2106 1220 2174 Bethleemum·

88 2232 136 2294 que
154 2221 291 2296 gestante
307 2220 399 2274 matre
423 2210 577 2294 perductus
599 2219 655 2272 est.
702 2205 861 2270 Bethleemi
884 2229 970 2292 porro
993 2211 1109 2274 eumad
1131 2213 1220 2276 ae'des

89 2315 219 2396 quasdam
236 2334 301 2375 curn
317 2323 409 2375 matre
426 2333 459 2374 ac
477 2308 599 2395 losepho
616 2309 794 2387 divertisset,
817 2310 864 2393 qui
881 2310 936 2372 iarn
954 2311 1054 2394 grandi
1071 2324 1140 2378 natu
1154 2335 1218 2378 curn

88 2413 178 2478 Herio
193 2413 338 2498 degebat,
361 2413 489 2476 secundo
506 2412 541 2475 eb
557 2411 707 2474 nativitate
725 2431 802 2474 anno
819 2409 948 2495 aMagis
965 2415 1102 2478 adorandi
1116 2435 1220 2480 caussa

90 2527 244 2581 conventus
263 2537 298 2578 ac
315 2515 398 2578 dunis
415 2525 534 2576 ornatus
551 2523 608 2576 est.
653 2511 763 2576 Eodem
782 2531 853 2576 vero
870 2523 972 2589 nocte,
996 2535 1059 2577 cunr
1078 2512 1219 2601 Iosephus

91 2637 138 2700 per
152 2619 294 2682 somnium
311 2617 348 2680 ah
371 2615 475 2698 angelo
498 2625 577 2678 esset
595 2613 774 2691 admonitus,
799 2613 828 2676 in
844 2613 1008 2699 Aegyptum
1031 2619 1218 2682 transfertur.

91 2715 168 2782 Unde
189 2738 294 2782 rursus
317 2728 383 2802 post
403 2717 548 2781 biennium
571 2725 683 2780 mortuo
705 2715 760 2778 iam
778 2712 895 2779 Herode
918 2736 953 2779 ac
972 2720 1147 2782 succedente
1160 2720 1221 2783 Ar-

94 2819 185 2882 chelao
203 2821 377 2884 revertitur.

168 2919 317 3006 Siquidem
345 2941 421 2984 anno
441 2919 566 2984 Herodis
586 2914 756 2995 XXXIII„
779 2917 905 3002 Augusti
920 2915 1106 2999 XXXXll.,
1129 2919 1219 2987 Beth·
1238 2933 1297 3002 Cap.
1313 2936 1344 2986 tt.

95 3019 172 3084 leemi
186 3021 216 3086 iu
235 3019 342 3086 ludaea
359 3023 491 3095 salvator
507 3021 647 3084 nascitur.
685 3019 762 3084 Tum
780 3018 906 3084 Herodis
920 3017 1059 3084 XXXV.
1074 3023 1105 3085 iu
1118 3023 1220 3109 Aegy·

96 3131 165 3204 ptum
193 3126 341 3209 proiectus
369 3133 425 3187 est.
478 3121 588 3186 Eodem
613 3120 731 3184 Herode
758 3131 870 3184 mortuo
897 3121 933 3184 ah
959 3125 1094 3208 Aegypto
1120 3125 1216 3190 rediit.

97 3219 185 3304 Quare
210 3244 334 3288 necesse
356 3234 402 3288 est
425 3219 596 3287 XXXVll.
621 3221 746 3286 Herodis
769 3243 845 3286 anno
869 3233 1000 3306 quartum
1022 3225 1126 3289 aetatis
1147 3247 1218 3290 suae

96 3325 235 3406 pucrulum
256 3323 371 3409 egisse,
395 3346 460 3390 cum
482 3324 632 3402 Herodes,
654 3324 787 3407 iuquam,
817 3333 927 3408 septem
952 3345 986 3388 ac
1010 3325 1126 3410 triginta
1149 3349 1219 3392 con·

96 3425 169 3489 tectis
184 3427 270 3491 annis
289 3426 404 3490 vivendi
422 3428 507 3490 tinem
524 3425 633 3491 habuit.
676 3423 748 3488 Post
763 3425 838 3488 hunc
855 3424 1018 3492 Archelaus
1040 3449 1144 3492 novem
1166 3451 1219 3493 sn·

96 3526 134 3588 nis
148 3527 318 3613 imperavit,
342 3549 398 3611 quo
415 3548 536 3610 reguum
560 3529 677 3590 ineunte
695 3524 835 3611 losephus
857 3546 898 3590 ex
916 3525 1052 3613 Aegypto
1072 3550 1135 3594 cum
1153 3529 1219 3594 hla-

95 3625 133 3690 ria
158 3649 190 3694 ac
214 3649 305 3715 puero
327 3629 495 3712 digressus,
525 3628 571 3694 ubi
596 3627 771 3692 Archelaum
794 3626 937 3711 imperare
958 3629 1057 3694 didicit
1081 3632 1111 3694 in
1137 3629 1219 3696 Gati-

95 3727 177 3794 laean
199 3730 340 3808 secessit,
370 3751 406 3794 ac
431 3740 488 3793 tum
508 3727 670 3794 Nazarethi
695 3728 837 3792 consedit.
882 3724 1039 3794 Caeterum
1056 3732 1218 3796 Archelaus

95 3825 232 3896 Herodem
254 3831 397 3895 iuniorem
420 3831 537 3915 genuit,
560 3830 608 3914 qui
626 3851 703 3894 nono
722 3827 811 3913 patris
828 3851 905 3892 enno
927 3831 956 3895 in
980 3831 1130 3917 imperium
1152 3855 1218 3898 suc·

94 3933 184 3996 cessit.
229 3929 366 4017 idemque
384 3953 512 3998 annusa
535 3931 685 3996 nativitate
703 3927 813 3994 Christi
828 3927 920 3994 Xlll.
944 3933 1138 3996 numerandos
1160 3946 1216 3999 est.

95 4025 201 4098 Octavo
222 4035 333 4098 decimo
358 4055 434 4098 auno
459 4033 584 4098 Herodis
601 4033 749 4117 Agrippae
769 4030 852 4095 Iesus
878 4029 1012 4097 Christus
1035 4035 1218 4120 promulgare

95 4131 214 4198 divinum
231 4135 350 4202 verbum
374 4157 530 4221 aggressus
552 4144 613 4212 cst,
637 4155 671 4196 ae
688 4153 754 4197 cum
770 4129 887 4198 loannis
909 4134 1048 4220 baptismo
1069 4135 1217 4220 iuitiatnrq

95 4240 148 4298 lum
174 4257 282 4302 annom
310 4238 388 4302 illurn
416 4247 565 4324 acceptum
592 4236 621 4300 iu
651 4255 686 4299 ea
712 4234 858 4320 praeconii
888 4236 1035 4301 iunctione
1061 4239 1215 4321 consumit,
