3006 4990
246 285 306 349 160
659 291 781 346 amer!
797 289 968 346 mmm!

243 410 344 494 νότητι
356 409 390 476 δέ
402 409 579 496 φερομένην,
594 406 787 492 έξηλοτῦπησε
799 407 919 491 ταύτην,
933 410 986 475 καί
997 407 1073 475 κακά
1085 407 1140 494 τὴν
1153 411 1232 476 ίδίαν
1242 405 1391 497 σ’σέλγειαν

135 541 186 586 με.
199 528 232 572 π.
244 511 314 589 τοῦς
329 510 434 593 άλλους
449 509 526 576 είναι
541 516 665 594 νομίσας
678 509 715 575 τά
731 517 836 596 προῖκα
851 509 904 594 μέν
918 513 1106 595 ἐμπαροινῶν
1120 516 1162 589 είς
1176 511 1231 596 τὴν
1249 513 1327 578 ίδίαν
1341 539 1392 598 γα-

245 612 333 700 μετὴν
348 615 475 694 διετέλει,
501 614 574 679 ’καί
589 611 729 695 διαβολάς
742 637 824 689 τινας
839 610 915 702 αὐτῇ
929 615 1080 699 ἐπιφέρων
1092 613 1142 680 διά
1154 613 1257 700 λόγον.
1305 613 1345 680 Τό
1359 613 1392 678 δέ

244 718 335 801 πέρας
351 714 458 781 έαυτόν
471 715 651 780 κατέσπασεν
666 712 704 780 οῦ
719 713 811 797 μόνον
825 713 866 790 είς
880 714 934 796 τὴν
945 722 1048 800 χρῆσιν
1062 723 1116 799 τῆς
1129 714 1239 798 σαρκός
1250 712 1304 798 τήν
1317 713 1393 780 κατά

244 816 337 900 φῦσιν
357 824 417 882 τῶν
433 814 623 901 αὐθράπαυ,
654 813 725 880 άλλά
740 817 790 881 καί
808 817 851 891 είς
865 815 1040 900 βλάσφημον
1053 816 1197 885 ῦπόνοιαν
1212 819 1264 884 καλ
1279 815 1394 900 βλάβην

244 923 443 1006 κακοτροπίας
463 921 514 984 καί
536 916 676 1000 *πλάνην
695 915 911 1003 παρειςδόσευς
928 925 1100 1006 έπονηρῦς.

113 1124 180 1192 Κεφ·
196 1121 227 1194 β’·
330 1125 391 1188 Καί
412 1123 549 1188 ένιεῦθευ
571 1119 709 1205 άρχονται
730 1123 762 1186 οί
779 1127 833 1204 τῆς
853 1121 1054 1204 ψευδωνύμου
1075 1123 1211 1210 γνοίσεας
1230 1127 1330 1198 κακοῖς
1350 1127 1393 1210 τῷ

244 1224 346 1314 κόσμμ
364 1223 554 1304 έπιφόεσθαι.
597 1224 676 1304 φημί
691 1223 724 1288 δέ
741 1225 920 1302 Γναστικοί,
946 1227 997 1289 καί
1017 1229 1207 1307 Φιβιοννῖται,
1230 1226 1281 1290 καί
1296 1227 1329 1289 σί
1338 1223 1395 1290 τοῦ

244 1326 428 1409 Ἐπιφανοῦς
450 1324 643 1408 καλούμενοι,
673 1329 885 1409 Στρατιατικοί
911 1349 942 1390 τε
968 1327 1020 1392 καί
1042 1328 1211 1405 Λευιτικοί,
1240 1329 1291 1392 καί
1313 1324 1394 1390 άλλοι

246 1434 373 1504 πλείους.
407 1426 554 1502 Ἕκαστος
568 1425 624 1511 γάρ
639 1424 753 1492 τοῦτον
766 1425 820 1509 τήν
833 1428 940 1492 έαυτοῦ
955 1430 1067 1513 αἵρεσιν
1080 1437 1144 1504 σοῖς
1155 1427 1285 1494 πάθεσιν
1299 1425 1395 1493 αῦτοῦ

246 1528 449 1612 ἐπισπόμενος
471 1533 579 1614 μυρίας
604 1525 696 1604 όδοῦς
719 1527 857 1610 ἐπενόησε
879 1532 992 1604 κακίας.
1040 1530 1124 1605 Τινὲς
1143 1530 1196 1612 μέν
1217 1529 1273 1616 γάρ
1295 1526 1396 1596 αῦεῦν

247 1629 392 1717 Βαρβηλά
406 1657 470 1696 τινα
485 1634 673 1709 δοξάζουσιν,
694 1627 733 1711 ἣν
748 1627 811 1694 άνω
826 1628 996 1710 φάσκουσιν
1011 1626 1086 1696 είναι
1102 1634 1134 1696 έν
1148 1627 1245 1720 όγδόφ
1261 1629 1395 1719 οῦρανῷ·

249 1733 380 1816 Ιιάόκην
397 1733 430 1798 δέ
446 1730 505 1798 άπό
524 1739 577 1798 τοῦ
592 1729 704 1817 πατρός
720 1734 943 1816 προβεβλῆσθαί
960 1738 1065 1813 ’φασι
1108 1735 1237 1818 Μητέρα
1254 1734 1287 1798 δέ
1300 1731 1398 1814 αῦτήν

247 1834 322 1902 είναι
336 1838 369 1901 σί
380 1835 433 1918 μέν
446 1841 501 1899 τοῦ
515 1831 701 1916 Ἰαλδαβαιόθ
711 1835 856 1919 λέγουσιν,
878 1837 909 1900 οί
922 1834 954 1899 δέ
969 1841 1023 1900 τοῦ
1039 1833 1189 1916 Σαβαάθ·
1210 1831 1263 1901 τόν
1278 1835 1312 1899 δέ
1326 1834 1398 1900 νίόν

246 1937 354 2020 ταῦεης
365 1937 572 2021 κεκρατηκέναι
588 1941 642 2000 τσῦ
654 1933 785 2017 ἑβδόμου
799 1931 930 2020 οῦρανσῦ
945 1937 977 2000 έν
991 1935 1099 2020 θράσει
1111 1937 1168 2001 τινί
1181 1938 1233 2002 καί
1246 1937 1278 2000 έν
1290 1961 1395 2021 τνραν-

246 2043 315 2105 νίδι.
358 2040 448 2124 Λέγει
461 2038 494 2102 δέ
511 2045 573 2113 τοῖς
586 2033 726 2102 δποκάτοο
742 2036 802 2112 ὅτι,
828 2033 905 2122 Ἐγά
921 2040 995 2120 είμι,
1016 2040 1125 2122 φησίν,
1147 2035 1166 2104 ό
1181 2044 1312 2123 πρῦτος,
1341 2040 1397 2103 καί

247 2139 266 2207 ό
284 2139 355 2222 μετά
370 2147 462 2204 ταῦτα
468 2191 478 2219 ,
499 2141 550 2203 καί
566 2135 643 2220 πλὴν
659 2139 731 2220 ἐμοῦ
749 2136 805 2204 οῦκ
819 2139 896 2204 ἔστιν
912 2141 1008 2224 έιερος
1022 2136 1103 2214 θεός.
1151 2135 1260 2222 Primi
1275 2143 1398 2224 Bapflw

245 2241 286 2307 λοί
305 2239 464 2324 άκηκοέναι
480 2238 531 2306 τόν
543 2238 631 2326 λόγον
646 2245 767 2319 τοῦτον,
797 2241 847 2304 καί
860 2245 991 2306 κλαῦσαι.
1040 2239 1155 2322 Ταόκην
1175 2241 1208 2306 δέ
1228 2239 1274 2306 άεί
1291 2247 1396 2323 φαίνε-

193 2424 196 2430 Ι
247 2353 320 2408 σθαι
335 2351 397 2419 τοῖς
413 2341 552 2426 ἄρχουσιν
569 2343 601 2407 έν
614 2338 762 2429 εῦμυρφίςι
776 2342 844 2420 τινί,
866 2343 916 2406 καί
932 2339 1084 2408 άποσυλῦν
1097 2338 1131 2407 τό
1149 2343 1179 2419 έξ
1192 2338 1290 2408 αὐτῶν
1304 2346 1396 2429 σπέρ-

248 2472 289 2528 μα
302 2442 340 2510 δι’
352 2442 463 2529 ἡδονῆς
476 2445 527 2508 καί
541 2441 692 2526 έκχόσειος,
707 2445 758 2508 ἰ’να
770 2445 865 2525 δῆθεν
880 2443 934 2526 τήν
952 2441 1062 2525 8αὐτῆς
1074 2441 1201 2526 δύναμιν
1212 2441 1264 2527 τὴν
1275 2445 1318 2521 είς
1331 2449 1397 2510 δια-

248 2545 364 2632 φόρους
376 2553 534 2630 σπαρεῖσαν
544 2537 636 2620 αῦθις
648 2541 735 2610 πόλιν
747 2542 918 2635 άνακομίζη.
946 2548 1005 2610 Καί
1019 2544 1114 2622 οῦτεος
1127 2548 1159 2610 έκ
1172 2545 1310 2628 κοινότης
1320 2542 1398 2613 ῦπα-

247 2651 360 2724 θέσειος
380 2646 412 2714 τό
433 2654 487 2730 τῆς
502 2645 595 2712 αῦκσῦ
609 2650 810 2732 αἰσχρολογίας
826 2645 1011 2732 *μυστήριον
1025 2652 1066 2734 τῷ
1082 2644 1183 2734 κόσμῳ
1197 2644 1396 2734 όπειςήνεγκε.

250 2755 310 2815 Καί
326 2773 417 2829 τινες,
446 2746 487 2826 νίς
502 2751 592 2831 έφην,
619 2755 680 2813 τοῦν
690 2751 912 2834 προειρημένων
924 2747 975 2814 διά
989 2756 1099 2831 πολλῆς
1113 2754 1347 2831 κακομηχανίας,
1378 2749 1399 2815 ἃ

249 2851 290 2935 μὴ
306 2854 395 2935 θέμις
419 2853 533 2936 ὗλέγειν
551 2857 630 2930 ποῦς,
662 2851 694 2916 έν
713 2835 878 2937 πολυμιξίγιι
892 2857 1039 2936 γυναικῶν
1057 2853 1108 2915 καί
1128 2854 1160 2916 ίν
1181 2853 1400 2936 αίσχροποιΐαις

248 2951 417 3037 άνηκίστοις
432 2951 666 3036 όναστρέφεσθαι
680 2955 828 3028 ἐδίδαξαν·
858 2948 899 3028 άς
913 2956 965 3016 καί
980 2977 1041 3017 που
1058 2949 1077 3018 δ
1092 2948 1253 3037 άγιόταεος
1267 2950 1399 3020 άπόστο-

247 3054 298 3131 ίός
315 3077 403 3138 φησι,
437 3052 480 3118 Τά
495 3052 551 3139 γάρ
570 3059 672 3142 κρυφῇ
687 3053 824 3139 γινόμενα
841 3050 891 3117 δυ’
905 3052 1004 3119 αὐτῶν
1018 3051 1138 3136 αἰσχρόν
1153 3056 1214 3120 ἐστι
1228 3055 1280 3118 καί
1292 3056 1398 3140 λέγειν.

253 3163 301 3244 Τῷ
316 3156 348 3221 δέ
361 3157 529 3244 βουλομένῳ
542 3153 594 3236 τήν
606 3153 760 3220 άνείθεσον
773 3157 846 3220 ίδεῖν
859 3157 892 3220 έκ
905 3154 1071 3238 πνεύματος
1082 3153 1168 3239 άγίου
1181 3157 1248 3240 περί
1261 3161 1315 3238 τῆς
1326 3154 1384 3222 σοι’
1387 3195 1399 3208 -

247 3283 301 3324 τσυ
317 3259 454 3341 αίρέσεοις
466 3253 635 3341 άνατρσπήν
648 3257 742 3322 ίστέσν
756 3257 833 3322 ἐστίν
848 3253 908 3323 άπό
922 3263 976 3339 τῆς
989 3263 1043 3322 τοῦ
1057 3253 1142 3341 άγίον
1155 3253 1296 3323 ’ίαάννσυ
1308 3255 1400 3326 Ἀπο-

248 3357 420 3441 καλάψεας,
442 3357 477 3435 ῦς
493 3356 617 3444 γράφον
633 3365 685 3446 μιᾷ
699 3365 759 3424 τάν
775 3361 934 3441 ίκκλησιιῦν
951 3361 984 3424 ἐκ
1000 3355 1161 3443 προςιόπον
1181 3363 1306 3442 κυρίου,
1327 3385 1400 3425 του-

247 3462 324 3526 τέστι
340 3467 381 3550 τῷ
396 3458 548 3548 έπισκόπῳ
565 3467 606 3548 τῷ
622 3461 714 3526 ἐκεῖσε
727 3461 954 3539 κατασεαθέντι,
975 3458 1030 3524 σῦν
1043 3467 1080 3549 τῇ
1096 3457 1219 3541 δυνάμει
1235 3467 1290 3526 τοῦ
1306 3457 1399 3547 ἇγίου

248 3564 370 3648 αγγέλσυ
384 3568 438 3627 τοῦ
450 3562 499 3627 ἐπί
514 3567 568 3626 τοῦ
585 3565 814 3646 θυσιαστηρίου,
837 3563 945 3643 φησίν,
958 3560 1055 3644 Ἔχεις
1070 3561 1103 3626 δέ
1115 3587 1143 3626 τι
1157 3559 1262 3641 καλόν,
1284 3561 1332 3628 ’ότι
1349 3591 1399 3646 μι-

247 3673 308 3740 σεῖς
328 3660 364 3729 τά
385 3667 455 3749 ἔργα
475 3669 535 3728 τῶν
557 3669 757 3741 Νικολαϊτῶν,
779 3663 799 3727 ῦί
820 3665 871 3728 καί
893 3661 951 3748 έγσί
972 3669 1056 3745 μισοῖ.

115 3774 181 3841 Κιφ.
195 3769 229 3840 γ’.
334 3762 524 3851 1Προάνικόν
538 3789 569 3828 τε
583 3762 686 3829 ’ἄλλοι
698 3771 836 3846 τιμῶντες
848 3761 913 3829 τινά
927 3761 968 3840 ιός
981 3767 1033 3829 καί
1047 3756 1130 3831 οῦτοι
1142 3767 1294 3847 μυθωδῶς
1306 3763 1399 3830 πάλιν

141 3855 234 3912 Νη·
248 3869 292 3944 είς
306 3865 416 3950 ταύτην
432 3864 486 3949 τήν
502 3863 647 3932 ὖπόνσιαν
661 3874 716 3948 τῆς
730 3867 934 3951 αἰσχρουργίας
949 3864 985 3930 τά
1003 3867 1115 3932 έαυτιῦν
1129 3866 1216 3948 πάθη
1233 3868 1399 3932 έπιτελοῦν-

247 3970 296 4045 τίς
317 3991 389 4050 φασι
409 3961 462 4050 τῆς
481 3971 653 4051 Πρσυνίκου
673 3966 728 4048 τὴν
748 3967 874 4050 δύναμιν
894 3971 1064 4053 συλλέγομεν
1082 3967 1142 4034 άπό
1161 3974 1221 4033 νῦν
1238 3967 1397 4050 σωμάτων,

249 4069 299 4136 διά
319 4095 350 4134 τε
370 4076 430 4136 νῦν
446 4073 590 4154 βευστοῖν,
620 4071 697 4152 φημί
713 4069 745 4133 δὲ
762 4076 852 4154 γονῆς
866 4071 916 4134 καί
930 4074 1132 4152 καταμηνίων,
1163 4072 1231 4156 περί
1247 4062 1290 4135 όν
1303 4065 1398 4158 δίίγρι

249 4224 466 4356 ιῖλλίλλλίῗ
480 4227 717 4343 3‘333332220‘3:
728 4228 805 4344 ¹553:ss
838 4225 1324 4358 ..ἷλῗῗλιῗῗλλλί“.ῗλόῗέέλῗ”’
1347 4243 1397 4279 ²²*

248 4365 281 4410 εει
296 4363 433 4410 mmmm
874 4359 931 4410 Οιε.
949 4362 981 4410 11.
1003 4389 1036 4400 -
1062 4362 1084 4411 1.
1102 4359 1146 4414 καλ
1161 4361 1254 4426 ταύτην
1271 4357 1321 4414 οἶαί
1339 4363 1395 4412 eod

283 4429 307 4476 4.
321 4423 414 4490 πλάνην
427 4427 721 4480 σσδ.λόειά.αισ.Ριλσυ.
742 4427 805 4482 πλό-
839 4429 912 4480 Vane.

248 4509 294 4559 γης
310 4495 361 4544 οσιλ
375 4495 471 4556 Mo.
487 4497 662 4559 ιλιιλλεφευισ.
817 4529 823 4542 .
870 4495 895 4548 2.
911 4494 977 4564 φασί
993 4497 1043 4548 eod.
1056 4497 1295 4562 λἀίίααεςλΡελαν.
1324 4495 1396 4563 φησὶ
