3036 4998
371 310 506 362 rauauu
525 311 587 360 nm.
604 311 622 360 ι.
641 311 721 362 rou.
735 313 764 360 ιι.
790 311 889 361 nunu.
906 311 1009 361 xxxi.
1201 301 1258 363 351

113 428 242 496 versari.
275 427 335 492 lam
351 449 423 493 vero
437 450 455 491 e
469 440 589 514 stnpnre
605 451 640 493 ac
653 430 766 493 consilii
780 429 890 514 inopia,
907 442 1042 515 tanquam
1057 453 1097 496 ex
1111 431 1264 516 ignobilio-

112 553 158 612 re,
173 551 328 617 corporea,
346 541 378 595 ut
389 540 457 595 ante
470 531 607 610 diximus,
624 531 722 594 mundi
735 531 878 595 elementa
894 533 1047 616 prodiisse.
1078 530 1123 597 lta
1136 553 1176 597 ex
1189 543 1264 597 atto-

113 635 193 698 nitae
211 634 318 698 mentis
334 643 411 698 statu
429 644 555 712 terram,
579 655 682 718 aquam
697 654 714 696 e
731 633 868 720 lacrymis
881 656 953 718 quas
968 647 1062 700 metus
1077 647 1262 717 excusserat,

113 756 214 801 aerem
232 757 272 800 ex
288 735 397 801 doloris
415 735 615 815 concretione,
639 736 736 820 ignem
756 736 881 821 denique
898 738 1030 804 omnibus
1046 737 1262 824 ingeneratum,

112 840 195 904 velut
219 851 342 902 mortem
365 849 451 924 atque
473 838 615 918 exitium,
646 839 764 924 perinde
784 849 870 923 atque
888 839 980 904 tribus
999 841 1263 924 perturbationibus

112 943 255 1006 insertam
271 942 466 1026 ignorantiam
483 943 599 1006 docent.
646 941 691 1005 Ad
709 941 792 1020 haec,
815 941 945 1006 absoluta
963 944 1060 1008 mundi
1076 945 1195 1022 fabrica,
1220 945 1264 1009 lu-

113 1057 193 1110 teum
211 1043 366 1108 Hominem
386 1065 403 1106 a
423 1041 583 1109 Conditore
602 1045 716 1122 lictum,
749 1065 807 1107 uon
826 1044 960 1108 exsicca
978 1045 1027 1110 illa
1047 1056 1143 1110 tamen
1162 1047 1260 1128 humo,

113 1148 166 1211 sed
190 1168 232 1212 ex
251 1148 346 1212 visum
370 1149 499 1233 fugiente
515 1145 696 1224 substantia,
729 1167 795 1210 cum
812 1168 851 1211 ex
870 1147 973 1212 dillusa
990 1147 1154 1233 liquidaque
1171 1161 1263 1214 mate·

113 1251 177 1314 riae
195 1262 277 1337 parte
297 1252 487 1337 sumpsisset,
519 1261 548 1312 et
568 1249 597 1313 in
613 1271 677 1313 eum
697 1248 850 1313 Hominem
868 1249 1020 1314 animalem
1036 1251 1157 1315 alterum
1173 1253 1263 1338 inspi-

114 1363 222 1417 rasset.
267 1351 411 1438 lluncque
430 1354 503 1416 aden
523 1351 616 1437 ipsum
633 1352 712 1416 illum
734 1372 802 1416 esso
820 1352 869 1436 qui
888 1353 922 1415 ad
939 1353 1093 1436 imaginem
1111 1376 1145 1418 nc
1161 1354 1262 1418 simili·

115 1455 244 1519 tudinem
267 1457 306 1520 sit
328 1476 499 1541 expressus.
550 1452 627 1518 Nam
652 1455 687 1517 ad
708 1455 865 1538 imaginem
885 1477 950 1519 eum
973 1477 1039 1520 esse
1059 1459 1181 1537 lactum,
1213 1458 1261 1542 qui

114 1557 236 1622 materia
252 1567 384 1638 constat,
408 1556 514 1643 quique
530 1557 570 1620 ita
587 1554 643 1620 llei
661 1557 764 1622 similis
781 1557 836 1647 sit,
860 1568 891 1620 ιιι
907 1559 1028 1622 eandem
1046 1581 1111 1622 oum
1127 1560 1192 1644 ipso
1209 1580 1262 1622 na·

115 1671 210 1725 turam
233 1657 351 1724 minime
373 1659 528 1737 sortiatur,
559 1658 725 1724 Animulem
741 1680 813 1723 vero
835 1660 870 1722 ad
889 1659 1103 1725 similitudinem
1123 1663 1258 1740 edictum,

114 1763 193 1827 unde
211 1763 297 1826 etiam
315 1763 393 1826 vitae
411 1762 544 1848 spiritum
561 1762 625 1826 eius
642 1762 780 1848 appellari
796 1762 1004 1843 substantiam,
1028 1785 1101 1849 quae
1120 1785 1158 1828 ex
1175 1763 1260 1851 spiri-

113 1865 166 1930 uti
188 1866 309 1949 quadam
332 1865 461 1928 llnxione
481 1867 609 1949 prolecta
627 1863 677 1928 sit.
721 1860 875 1930 Postremo
892 1866 1041 1951 pelliceam
1060 1867 1100 1932 illi
1120 1867 1259 1946 tunicam,

113 1969 173 2032 boc
189 1977 236 2030 est
249 1986 367 2032 carnem
382 1966 459 2031 illam
475 1988 559 2051 quam
576 1965 735 2044 cernimus,
753 1987 819 2031 esse
834 1967 1051 2032 circumdatam.
1088 1967 1173 2053 Quod
1189 1989 1261 2034 vero

113 2071 153 2134 ad
169 2067 279 2133 Matris
295 2068 458 2132 Achamoth
476 2072 565 2133 letum
581 2069 666 2133 alium
682 2069 819 2155 pertinet,
843 2091 929 2154 quem
943 2091 982 2134 ex
997 2071 1177 2156 Angelorum
1196 2071 1262 2138 Sal·

113 2172 226 2238 uatoris
244 2170 379 2236 comitum
397 2171 641 2256 contemplatione
657 2172 786 2257 peperit,
810 2182 912 2257 estque
927 2172 1065 2258 spiritalis
1079 2184 1165 2258 atque
1182 2177 1261 2240 eius·

113 2279 264 2340 demeum
282 2271 379 2338 Matre
396 2284 535 2354 naturae,
568 2274 655 2338 etiam
678 2274 753 2337 hunc
775 2273 904 2358 ignotum
928 2275 1019 2340 luisse
1037 2273 1189 2341 Conditori
1209 2299 1261 2363 pu·

113 2391 196 2456 ιιιιιι,
227 2398 263 2442 ac
281 2377 354 2442 clam
371 2377 434 2461 ipso
455 2380 605 2441 nesciente
625 2376 655 2439 in
671 2377 795 2440 eundem
811 2376 985 2457 demissum,
1017 2390 1048 2442 ιιι
1066 2400 1118 2465 per
1137 2380 1212 2445 burm
1230 2382 1260 2446 iu

55 2539 60 2552 ,
113 2483 276 2568 prolectam
297 2478 333 2542 ab
356 2499 392 2542 eo
413 2479 538 2543 animam
561 2499 741 2565 corpusque,
773 2480 931 2564 quodcum
952 2479 1073 2544 materia
1092 2492 1261 2548 concretum

113 2595 179 2664 est,
210 2593 325 2661 satum,
355 2581 391 2645 ab
410 2579 570 2665 iisdemque
591 2582 672 2646 velut
690 2593 773 2645 utero
790 2591 934 2664 gestatum
954 2593 1040 2666 atque
1060 2596 1195 2663 auctum,
1225 2586 1260 2648 ad

113 2687 144 2750 id
166 2686 242 2770 qnod
261 2685 421 2770 perlectum
440 2695 486 2747 est
503 2683 700 2769 recipiendum
719 2684 853 2747 idoneum
872 2685 1053 2750 redderetur.
1099 2683 1194 2770 lgitnr
1210 2690 1261 2751 ad-

113 2786 240 2853 mirabili
262 2788 402 2872 quadam,
433 2787 529 2865 aiunt,
560 2786 739 2871 providentia
761 2787 867 2849 lactum
892 2797 937 2850 est
959 2783 1106 2872 Spiritalis
1124 2799 1156 2852 nt
1175 2789 1260 2854 honm

114 2887 309 2958 Conditorem
323 2890 444 2968 lateret,
477 2910 541 2952 oum
560 2910 618 2952 una
633 2909 686 2973 per
703 2888 766 2952 eius
781 2888 904 2952 albatum
921 2911 938 2950 a
955 2887 1105 2974 Sapientia
1122 2912 1261 2956 consere-

112 3003 209 3058 retur.
254 2989 296 3056 Ut
311 2993 388 3056 enim
406 2991 503 3077 ignota
518 2991 558 3054 illi
573 2987 676 3054 Mater
689 2991 759 3068 tuit,
790 2989 936 3054 sicetiam
956 2991 1144 3073 letusillins,
1175 3017 1259 3080 quam

114 3094 281 3160 Ecclesiam
300 3103 423 3173 vocant,
448 3091 601 3158 Ecclesiae
621 3093 741 3156 alterius
759 3114 795 3156 ao
812 3093 948 3156 coelestis
964 3093 1118 3178 imaginem
1138 3116 1261 3182 expres·

114 3219 190 3262 snm.
236 3196 335 3280 Atque
357 3196 432 3260 hunc
453 3195 547 3281 ipsum
571 3193 715 3258 hominem
737 3195 815 3258 illum
838 3215 905 3259 esse
926 3206 1049 3260 censent
1069 3197 1118 3282 qui
1140 3199 1169 3262 in
1187 3198 1260 3285 ipsis

115 3299 238 3376 existat,
256 3298 329 3362 adeo
346 3308 378 3362 ut
393 3298 518 3361 animam
534 3293 700 3375 Conditori,
720 3293 836 3383 Corpus
850 3297 948 3376 humo,
966 3294 1093 3384 Carnem
1107 3302 1258 3380 materiae,

115 3399 287 3488 Spiritalem
308 3399 464 3464 llominem
485 3396 576 3462 Matri
598 3399 762 3464 Achamoth
784 3410 932 3486 acceptum
954 3403 1095 3466 releuant.

201 3500 252 3566 Ex
267 3501 305 3567 iia
317 3503 414 3576 ,tribus
431 3502 507 3586 quod
521 3501 643 3566 materia
658 3512 783 3581 constat,
807 3503 1013 3587 sinistrumque
1027 3516 1160 3586 vocetur,
1184 3507 1260 3593 peri·
1295 3525 1356 3594 cap.

114 3627 149 3672 rc
166 3603 337 3670 necessario
353 3605 531 3690 praedicant,
556 3613 654 3688 utpote
669 3605 744 3688 quod
763 3625 800 3668 ne
818 3603 966 3668 minimum
980 3606 1094 3690 quidem
1111 3609 1260 3675 immorta·
1284 3593 1371 3646 m·

114 3708 207 3774 litatis
226 3707 353 3772 aldutnm
375 3707 467 3794 possit
485 3705 637 3792 recipere3
660 3706 795 3770 Auimole
813 3727 903 3787 vero,
925 3705 989 3773 sive
1009 3709 1160 3790 dextrum,
1184 3713 1260 3796 quod

114 3809 241 3876 medium
268 3811 346 3874 inter
369 3808 553 3895 spiritalem
578 3807 699 3874 materia
724 3809 885 3895 praeditum
908 3808 1080 3892 interiacet,
1112 3812 1179 3877 illno
1203 3835 1260 3898 quo

151 4065 192 4120 15.
209 4067 245 4118 lte
260 4067 327 4118 codd.
342 4067 450 4117 Vaticet
467 4069 528 4130 Vra,
542 4071 562 4117 et
579 4068 625 4117 Vct.
637 4067 674 4118 lo·
708 4067 799 4130 ltettqut
816 4069 869 4118 ttbn'
883 4069 994 4130 praebeat
1012 4064 1070 4122 τότε
1089 4061 1151 4122 εἶναι
1171 4067 1214 4124 rdu
1235 4070 1261 4126 du
1352 4121 1358 4134 ,

114 4143 189 4199 trrpr.
224 4137 297 4198 Vulgo
312 4127 459 4200 ἀνθρώπων.
707 4131 793 4195 αὐτοῖς
808 4129 927 4197 ἀξιοῦσιν.

151 4201 193 4254 16.
209 4201 314 4267 δυνάμει
336 4201 381 4254 καὶ
404 4202 505 4272 προνοίᾳ
526 4209 676 4267 reposuerunt
743 4205 781 4255 ru
799 4206 834 4254 ltu
848 4205 899 4254 cod.
912 4205 975 4266 Vere,
987 4209 1055 4268 porte
1067 4207 1135 4257 codd.
1148 4221 1203 4258 mer.
1215 4211 1261 4259 tet.

112 4273 202 4324 murm
215 4273 302 4332 ultique
317 4271 346 4320 da
362 4272 409 4322 l'et.
423 4273 552 4334 iuterpretc.
706 4273 836 4333 tuomum
850 4285 939 4335 auoque
951 4275 1107 4325 coaccedente.
1142 4277 1213 4338 rupo
1228 4279 1261 4327 le·

151 4337 192 4392 17.
210 4341 246 4390 tto
265 4340 374 4400 resculpat
387 4344 511 4400 praeeunte
525 4341 594 4390 nutu
608 4343 674 4390 otttr·
705 4341 768 4401 auur
785 4336 912 4404 σαρκικᾶι.

113 4423 177 4472 qur,
197 4407 324 4458 ncuudum
342 4408 388 4458 Vct.
403 4409 534 4470 interpretis
548 4411 674 4458 nuetmttc-
743 4405 947 4458 Gar.XX11.-
963 4411 1161 4464 bitumen
1190 4415 1261 4477 t'utpo

114 4483 172 4539 tem,
185 4481 207 4526 ct
218 4477 270 4526 cod.
282 4475 366 4534 Veneti,
379 4477 420 4538 pust
432 4476 499 4526 tunm
511 4474 555 4528 καὶ
567 4471 597 4527 τὸ
612 4469 675 4528 εἶναι
706 4471 886 4538 ἐπιδείξασθαι.

114 4541 159 4598 τὸν
183 4539 209 4597 de
228 4547 281 4602 τοῖς
302 4534 388 4604 αὐτοῖς
405 4534 535 4609 trucum
556 4537 674 4605 ἀξιοῦσιν.
