<?xml version="1.0" encoding="UTF-8"?>
<!DOCTYPE html PUBLIC "-//W3C//DTD XHTML 1.0 Transitional//EN"
    "http://www.w3.org/TR/xhtml1/DTD/xhtml1-transitional.dtd">
<html xmlns="http://www.w3.org/1999/xhtml" xml:lang="en" lang="en">
 <head>
  <title>
</title>
<meta http-equiv="Content-Type" content="text/html;charset=utf-8" />
  <meta name='ocr-system' content='tesseract 3.04.00' />
  <meta name='ocr-capabilities' content='ocr_page ocr_carea ocr_par ocr_line ocrx_word'/>
</head>
<body>
  <div class='ocr_page' id='page_1' title='image "./corporishaerese03oehlgoog_0088.png"; bbox 0 0 2986 4996; ppageno 0'>
   <div class='ocr_carea' id='block_1_1' title="bbox 325 221 1219 326">
    <p class='ocr_par' dir='ltr' id='par_1_1' title="bbox 325 221 1219 326">
     <span class='ocr_line' id='line_1_1' title="bbox 325 221 1219 326; baseline 0.001 -5"><span class='ocrx_word' id='word_1_1' title='bbox 325 271 458 322; x_wconf 69' lang='lat' dir='ltr'>ransart</span> <span class='ocrx_word' id='word_1_2' title='bbox 477 272 553 326; x_wconf 80' lang='lat' dir='ltr'>ADV.</span> <span class='ocrx_word' id='word_1_3' title='bbox 573 221 739 324; x_wconf 69' lang='lat' dir='ltr'>bellllbssb</span> <span class='ocrx_word' id='word_1_4' title='bbox 756 274 818 324; x_wconf 80' lang='lat' dir='ltr'>Lttt.</span> <span class='ocrx_word' id='word_1_5' title='bbox 831 275 850 325; x_wconf 88' lang='lat' dir='ltr'>l.</span> <span class='ocrx_word' id='word_1_6' title='bbox 869 274 949 326; x_wconf 81' lang='lat' dir='ltr'>Tott.</span> <span class='ocrx_word' id='word_1_7' title='bbox 962 275 982 324; x_wconf 94' lang='lat' dir='ltr'>l.</span> <span class='ocrx_word' id='word_1_8' title='bbox 1185 263 1219 323; x_wconf 85' lang='grc'>71</span> 
     </span>
    </p>
   </div>
   <div class='ocr_carea' id='block_1_2' title="bbox 39 386 1370 4431">
    <p class='ocr_par' dir='ltr' id='par_1_2' title="bbox 39 386 1370 1893">
     <span class='ocr_line' id='line_1_2' title="bbox 39 386 1223 477; baseline 0.007 -29"><span class='ocrx_word' id='word_1_9' title='bbox 39 395 43 404; x_wconf 85' lang='grc'><em>’</em></span> <span class='ocrx_word' id='word_1_10' title='bbox 100 386 169 450; x_wconf 83' lang='lat' dir='ltr'>iussu</span> <span class='ocrx_word' id='word_1_11' title='bbox 183 399 210 452; x_wconf 89' lang='lat' dir='ltr'>et</span> <span class='ocrx_word' id='word_1_12' title='bbox 222 387 252 452; x_wconf 92' lang='lat' dir='ltr'>in</span> <span class='ocrx_word' id='word_1_13' title='bbox 266 409 392 473; x_wconf 87' lang='lat' dir='ltr'>anguem</span> <span class='ocrx_word' id='word_1_14' title='bbox 408 410 552 455; x_wconf 79' lang='lat' dir='ltr'>concessa</span> <span class='ocrx_word' id='word_1_15' title='bbox 569 392 814 456; x_wconf 89' lang='lat' dir='ltr'>resurrectionem</span> <span class='ocrx_word' id='word_1_16' title='bbox 826 390 1019 476; x_wconf 79' lang='lat' dir='ltr'>significabat.</span> <span class='ocrx_word' id='word_1_17' title='bbox 1043 389 1124 456; x_wconf 78' lang='lat' dir='ltr'>toan</span> <span class='ocrx_word' id='word_1_18' title='bbox 1135 411 1223 477; x_wconf 86' lang='lat' dir='ltr'>porro</span> 
     </span>
     <span class='ocr_line' id='line_1_3' title="bbox 99 485 1223 578; baseline 0.004 -28"><span class='ocrx_word' id='word_1_19' title='bbox 99 485 208 574; x_wconf 84' lang='lat' dir='ltr'>blopaes</span> <span class='ocrx_word' id='word_1_20' title='bbox 222 488 376 554; x_wconf 81' lang='lat' dir='ltr'>Rubenitis</span> <span class='ocrx_word' id='word_1_21' title='bbox 391 491 567 556; x_wconf 88' lang='lat' dir='ltr'>benedicens</span> <span class='ocrx_word' id='word_1_22' title='bbox 581 492 620 555; x_wconf 85' lang='lat' dir='ltr'>ita</span> <span class='ocrx_word' id='word_1_23' title='bbox 638 493 782 578; x_wconf 86' lang='lat' dir='ltr'>loquitur:</span> <span class='ocrx_word' id='word_1_24' title='bbox 813 497 895 556; x_wconf 81' lang='lat' dir='ltr'>Vicat</span> <span class='ocrx_word' id='word_1_25' title='bbox 908 495 1019 567; x_wconf 82' lang='lat' dir='ltr'>Iladen,</span> <span class='ocrx_word' id='word_1_26' title='bbox 1043 506 1071 556; x_wconf 85' lang='lat' dir='ltr'>et</span> <span class='ocrx_word' id='word_1_27' title='bbox 1088 517 1143 556; x_wconf 83' lang='lat' dir='ltr'>nnn</span> <span class='ocrx_word' id='word_1_28' title='bbox 1166 517 1223 555; x_wconf 69' lang='lat' dir='ltr'>ino</span> 
     </span>
     <span class='ocr_line' id='line_1_4' title="bbox 99 589 1370 680; baseline 0.003 -26"><span class='ocrx_word' id='word_1_29' title='bbox 99 593 188 654; x_wconf 79' lang='lat' dir='ltr'>rt&#39;ster.</span> <span class='ocrx_word' id='word_1_30' title='bbox 231 589 316 676; x_wconf 82' lang='lat' dir='ltr'>Quod</span> <span class='ocrx_word' id='word_1_31' title='bbox 335 592 361 656; x_wconf 90' lang='lat' dir='ltr'>ei</span> <span class='ocrx_word' id='word_1_32' title='bbox 379 603 515 678; x_wconf 73' lang='lat' dir='ltr'>precatur</span> <span class='ocrx_word' id='word_1_33' title='bbox 530 595 577 677; x_wconf 93' lang='lat' dir='ltr'>qni</span> <span class='ocrx_word' id='word_1_34' title='bbox 596 595 759 658; x_wconf 89' lang='lat' dir='ltr'>iamdudum</span> <span class='ocrx_word' id='word_1_35' title='bbox 775 615 792 658; x_wconf 90' lang='lat' dir='ltr'>e</span> <span class='ocrx_word' id='word_1_36' title='bbox 807 595 885 660; x_wconf 85' lang='lat' dir='ltr'>rivis</span> <span class='ocrx_word' id='word_1_37' title='bbox 900 605 1084 674; x_wconf 76' lang='lat' dir='ltr'>macescunt,</span> <span class='ocrx_word' id='word_1_38' title='bbox 1107 616 1163 680; x_wconf 92' lang='lat' dir='ltr'>qno</span> <span class='ocrx_word' id='word_1_39' title='bbox 1180 595 1222 660; x_wconf 86' lang='lat' dir='ltr'>vi·</span> <span class='ocrx_word' id='word_1_40' title='bbox 1234 606 1370 664; x_wconf 64' lang='lat' dir='ltr'>vestm.</span> 
     </span>
     <span class='ocr_line' id='line_1_5' title="bbox 98 692 1221 779; baseline 0.005 -26"><span class='ocrx_word' id='word_1_41' title='bbox 98 699 147 753; x_wconf 71' lang='lat' dir='ltr'>hm</span> <span class='ocrx_word' id='word_1_42' title='bbox 161 692 240 754; x_wconf 89' lang='lat' dir='ltr'>aliam</span> <span class='ocrx_word' id='word_1_43' title='bbox 258 713 326 756; x_wconf 88' lang='lat' dir='ltr'>esse</span> <span class='ocrx_word' id='word_1_44' title='bbox 342 703 407 778; x_wconf 89' lang='lat' dir='ltr'>post</span> <span class='ocrx_word' id='word_1_45' title='bbox 428 693 537 758; x_wconf 90' lang='lat' dir='ltr'>obitum</span> <span class='ocrx_word' id='word_1_46' title='bbox 563 696 700 773; x_wconf 90' lang='lat' dir='ltr'>doceret,</span> <span class='ocrx_word' id='word_1_47' title='bbox 734 715 790 758; x_wconf 89' lang='lat' dir='ltr'>nec</span> <span class='ocrx_word' id='word_1_48' title='bbox 815 717 873 758; x_wconf 91' lang='lat' dir='ltr'>nou</span> <span class='ocrx_word' id='word_1_49' title='bbox 898 706 928 758; x_wconf 89' lang='lat' dir='ltr'>et</span> <span class='ocrx_word' id='word_1_50' title='bbox 949 694 1084 759; x_wconf 85' lang='lat' dir='ltr'>iudicium</span> <span class='ocrx_word' id='word_1_51' title='bbox 1108 695 1137 758; x_wconf 94' lang='lat' dir='ltr'>in</span> <span class='ocrx_word' id='word_1_52' title='bbox 1164 717 1221 779; x_wconf 93' lang='lat' dir='ltr'>quo</span> 
     </span>
     <span class='ocr_line' id='line_1_6' title="bbox 98 790 1222 882; baseline 0.007 -29"><span class='ocrx_word' id='word_1_53' title='bbox 98 790 214 857; x_wconf 85' lang='lat' dir='ltr'>bomines</span> <span class='ocrx_word' id='word_1_54' title='bbox 228 793 356 858; x_wconf 85' lang='lat' dir='ltr'>secunda</span> <span class='ocrx_word' id='word_1_55' title='bbox 374 805 470 858; x_wconf 87' lang='lat' dir='ltr'>morte</span> <span class='ocrx_word' id='word_1_56' title='bbox 485 795 670 858; x_wconf 75' lang='lat' dir='ltr'><strong>damnantur.</strong></span> <span class='ocrx_word' id='word_1_57' title='bbox 715 797 813 880; x_wconf 84' lang='lat' dir='ltr'>Atque</span> <span class='ocrx_word' id='word_1_58' title='bbox 829 797 895 860; x_wconf 88' lang='lat' dir='ltr'>iden</span> <span class='ocrx_word' id='word_1_59' title='bbox 913 796 1053 882; x_wconf 73' lang='lat' dir='ltr'><strong>duplicem</strong></span> <span class='ocrx_word' id='word_1_60' title='bbox 1073 797 1113 860; x_wconf 92' lang='lat' dir='ltr'>illi</span> <span class='ocrx_word' id='word_1_61' title='bbox 1132 797 1222 861; x_wconf 89' lang='lat' dir='ltr'>bene·</span> 
     </span>
     <span class='ocr_line' id='line_1_7' title="bbox 96 892 1223 981; baseline 0.005 -27"><span class='ocrx_word' id='word_1_62' title='bbox 96 892 235 960; x_wconf 87' lang='lat' dir='ltr'>dictionem</span> <span class='ocrx_word' id='word_1_63' title='bbox 257 895 396 981; x_wconf 88' lang='lat' dir='ltr'>impertit.</span> <span class='ocrx_word' id='word_1_64' title='bbox 441 901 537 970; x_wconf 75' lang='lat' dir='ltr'>Vr&#39;om,</span> <span class='ocrx_word' id='word_1_65' title='bbox 561 897 670 981; x_wconf 91' lang='lat' dir='ltr'>inquit,</span> <span class='ocrx_word' id='word_1_66' title='bbox 703 897 733 960; x_wconf 90' lang='lat' dir='ltr'>in</span> <span class='ocrx_word' id='word_1_67' title='bbox 752 897 968 962; x_wconf 80' lang='lat' dir='ltr'>resurrectione</span> <span class='ocrx_word' id='word_1_68' title='bbox 982 897 1112 976; x_wconf 89' lang='lat' dir='ltr'>seilicet,</span> <span class='ocrx_word' id='word_1_69' title='bbox 1134 921 1223 980; x_wconf 83' lang='lat' dir='ltr'>neque</span> 
     </span>
     <span class='ocr_line' id='line_1_8' title="bbox 96 993 1223 1083; baseline 0.005 -27"><span class='ocrx_word' id='word_1_70' title='bbox 96 1000 233 1070; x_wconf 67' lang='lat' dir='ltr'>aarum,</span> <span class='ocrx_word' id='word_1_71' title='bbox 266 997 296 1060; x_wconf 92' lang='lat' dir='ltr'>in</span> <span class='ocrx_word' id='word_1_72' title='bbox 319 997 438 1062; x_wconf 87' lang='lat' dir='ltr'>iudicio.</span> <span class='ocrx_word' id='word_1_73' title='bbox 485 993 598 1080; x_wconf 79' lang='lat' dir='ltr'><strong>Quibus</strong></span> <span class='ocrx_word' id='word_1_74' title='bbox 616 997 716 1064; x_wconf 83' lang='lat' dir='ltr'>verbis</span> <span class='ocrx_word' id='word_1_75' title='bbox 738 1020 796 1062; x_wconf 91' lang='lat' dir='ltr'>oon</span> <span class='ocrx_word' id='word_1_76' title='bbox 813 999 889 1062; x_wconf 85' lang='lat' dir='ltr'>illum</span> <span class='ocrx_word' id='word_1_77' title='bbox 908 1009 1030 1064; x_wconf 88' lang='lat' dir='ltr'>mortem</span> <span class='ocrx_word' id='word_1_78' title='bbox 1048 997 1223 1083; x_wconf 83' lang='lat' dir='ltr'>significavit</span> 
     </span>
     <span class='ocr_line' id='line_1_9' title="bbox 96 1096 1221 1185; baseline 0.002 -25"><span class='ocrx_word' id='word_1_79' title='bbox 96 1098 200 1179; x_wconf 88' lang='lat' dir='ltr'>quaein</span> <span class='ocrx_word' id='word_1_80' title='bbox 216 1096 378 1162; x_wconf 86' lang='lat' dir='ltr'>animorum</span> <span class='ocrx_word' id='word_1_81' title='bbox 400 1119 417 1162; x_wconf 86' lang='lat' dir='ltr'>a</span> <span class='ocrx_word' id='word_1_82' title='bbox 437 1119 560 1184; x_wconf 85' lang='lat' dir='ltr'>corpore</span> <span class='ocrx_word' id='word_1_83' title='bbox 582 1101 769 1185; x_wconf 72' lang='lat' dir='ltr'>separatione</span> <span class='ocrx_word' id='word_1_84' title='bbox 785 1099 931 1178; x_wconf 85' lang='lat' dir='ltr'>cernitur,</span> <span class='ocrx_word' id='word_1_85' title='bbox 963 1101 1015 1164; x_wconf 90' lang='lat' dir='ltr'>sed</span> <span class='ocrx_word' id='word_1_86' title='bbox 1038 1120 1101 1164; x_wconf 88' lang='lat' dir='ltr'>eam</span> <span class='ocrx_word' id='word_1_87' title='bbox 1126 1100 1221 1185; x_wconf 90' lang='lat' dir='ltr'>potius</span> 
     </span>
     <span class='ocr_line' id='line_1_10' title="bbox 95 1199 1221 1280; baseline 0.005 -20"><span class='ocrx_word' id='word_1_88' title='bbox 95 1199 201 1280; x_wconf 85' lang='lat' dir='ltr'>quaein</span> <span class='ocrx_word' id='word_1_89' title='bbox 221 1199 406 1264; x_wconf 73' lang='lat' dir='ltr'>damnatione</span> <span class='ocrx_word' id='word_1_90' title='bbox 431 1201 576 1265; x_wconf 88' lang='lat' dir='ltr'>consistit.</span> <span class='ocrx_word' id='word_1_91' title='bbox 619 1199 717 1266; x_wconf 87' lang='lat' dir='ltr'>Pauca</span> <span class='ocrx_word' id='word_1_92' title='bbox 742 1202 813 1266; x_wconf 86' lang='lat' dir='ltr'>hacc</span> <span class='ocrx_word' id='word_1_93' title='bbox 837 1201 873 1266; x_wconf 89' lang='lat' dir='ltr'>ad</span> <span class='ocrx_word' id='word_1_94' title='bbox 893 1201 1082 1266; x_wconf 82' lang='lat' dir='ltr'>evertendum</span> <span class='ocrx_word' id='word_1_95' title='bbox 1105 1199 1221 1276; x_wconf 84' lang='lat' dir='ltr'>illorum</span> 
     </span>
     <span class='ocr_line' id='line_1_11' title="bbox 94 1299 1221 1368; baseline 0.007 -10"><span class='ocrx_word' id='word_1_96' title='bbox 94 1317 210 1363; x_wconf 85' lang='lat' dir='ltr'>ermrem</span> <span class='ocrx_word' id='word_1_97' title='bbox 227 1300 381 1366; x_wconf 85' lang='lat' dir='ltr'>sufficient.</span> <span class='ocrx_word' id='word_1_98' title='bbox 426 1299 544 1366; x_wconf 84' lang='lat' dir='ltr'>Habent</span> <span class='ocrx_word' id='word_1_99' title='bbox 566 1313 598 1366; x_wconf 93' lang='lat' dir='ltr'>et</span> <span class='ocrx_word' id='word_1_100' title='bbox 612 1303 685 1368; x_wconf 91' lang='lat' dir='ltr'>alios</span> <span class='ocrx_word' id='word_1_101' title='bbox 703 1313 821 1367; x_wconf 85' lang='lat' dir='ltr'>veteres</span> <span class='ocrx_word' id='word_1_102' title='bbox 843 1303 915 1366; x_wconf 86' lang='lat' dir='ltr'>citus</span> <span class='ocrx_word' id='word_1_103' title='bbox 934 1323 998 1368; x_wconf 90' lang='lat' dir='ltr'>cum</span> <span class='ocrx_word' id='word_1_104' title='bbox 1016 1314 1149 1366; x_wconf 82' lang='lat' dir='ltr'>exuema</span> <span class='ocrx_word' id='word_1_105' title='bbox 1171 1304 1221 1366; x_wconf 91' lang='lat' dir='ltr'>de-</span> 
     </span>
     <span class='ocr_line' id='line_1_12' title="bbox 93 1400 1220 1490; baseline 0.005 -28"><span class='ocrx_word' id='word_1_106' title='bbox 93 1403 187 1464; x_wconf 86' lang='lat' dir='ltr'>mentia</span> <span class='ocrx_word' id='word_1_107' title='bbox 205 1403 389 1467; x_wconf 89' lang='lat' dir='ltr'>coniunctos.</span> <span class='ocrx_word' id='word_1_108' title='bbox 432 1400 511 1468; x_wconf 89' lang='lat' dir='ltr'>Nam</span> <span class='ocrx_word' id='word_1_109' title='bbox 535 1415 564 1468; x_wconf 89' lang='lat' dir='ltr'>et</span> <span class='ocrx_word' id='word_1_110' title='bbox 591 1404 662 1468; x_wconf 92' lang='lat' dir='ltr'>lotio</span> <span class='ocrx_word' id='word_1_111' title='bbox 687 1404 819 1490; x_wconf 79' lang='lat' dir='ltr'>perfundi</span> <span class='ocrx_word' id='word_1_112' title='bbox 844 1405 940 1468; x_wconf 88' lang='lat' dir='ltr'>solent</span> <span class='ocrx_word' id='word_1_113' title='bbox 960 1404 1074 1489; x_wconf 90' lang='lat' dir='ltr'>quoties</span> <span class='ocrx_word' id='word_1_114' title='bbox 1098 1425 1220 1488; x_wconf 86' lang='lat' dir='ltr'>peregre</span> 
     </span>
     <span class='ocr_line' id='line_1_13' title="bbox 92 1501 1221 1591; baseline 0.005 -29"><span class='ocrx_word' id='word_1_115' title='bbox 92 1501 194 1570; x_wconf 90' lang='lat' dir='ltr'>domum</span> <span class='ocrx_word' id='word_1_116' title='bbox 208 1504 352 1584; x_wconf 88' lang='lat' dir='ltr'>redeunt,</span> <span class='ocrx_word' id='word_1_117' title='bbox 377 1515 510 1590; x_wconf 87' lang='lat' dir='ltr'>tauquam</span> <span class='ocrx_word' id='word_1_118' title='bbox 532 1505 628 1590; x_wconf 87' lang='lat' dir='ltr'>aliqua</span> <span class='ocrx_word' id='word_1_119' title='bbox 645 1506 818 1589; x_wconf 74' lang='lat' dir='ltr'>contagione</span> <span class='ocrx_word' id='word_1_120' title='bbox 836 1505 935 1591; x_wconf 89' lang='lat' dir='ltr'>polluti</span> <span class='ocrx_word' id='word_1_121' title='bbox 954 1515 984 1568; x_wconf 91' lang='lat' dir='ltr'>et</span> <span class='ocrx_word' id='word_1_122' title='bbox 1000 1527 1073 1590; x_wconf 86' lang='lat' dir='ltr'>aqua</span> <span class='ocrx_word' id='word_1_123' title='bbox 1088 1526 1154 1570; x_wconf 86' lang='lat' dir='ltr'>sese</span> <span class='ocrx_word' id='word_1_124' title='bbox 1170 1526 1221 1568; x_wconf 84' lang='lat' dir='ltr'>ve-</span> 
     </span>
     <span class='ocr_line' id='line_1_14' title="bbox 91 1605 1220 1693; baseline 0.006 -30"><span class='ocrx_word' id='word_1_125' title='bbox 91 1612 195 1688; x_wconf 86' lang='lat' dir='ltr'>stesque</span> <span class='ocrx_word' id='word_1_126' title='bbox 209 1625 279 1670; x_wconf 90' lang='lat' dir='ltr'>suas</span> <span class='ocrx_word' id='word_1_127' title='bbox 296 1606 429 1685; x_wconf 88' lang='lat' dir='ltr'>abluunt,</span> <span class='ocrx_word' id='word_1_128' title='bbox 453 1628 519 1671; x_wconf 89' lang='lat' dir='ltr'>cum</span> <span class='ocrx_word' id='word_1_129' title='bbox 535 1606 657 1672; x_wconf 89' lang='lat' dir='ltr'>alterins</span> <span class='ocrx_word' id='word_1_130' title='bbox 672 1608 769 1692; x_wconf 87' lang='lat' dir='ltr'>gentis</span> <span class='ocrx_word' id='word_1_131' title='bbox 787 1607 949 1693; x_wconf 88' lang='lat' dir='ltr'>quempiam</span> <span class='ocrx_word' id='word_1_132' title='bbox 965 1606 1125 1690; x_wconf 75' lang='lat' dir='ltr'>tetigerint.</span> <span class='ocrx_word' id='word_1_133' title='bbox 1158 1605 1220 1670; x_wconf 76' lang='lat' dir='ltr'>ttae</span> 
     </span>
     <span class='ocr_line' id='line_1_15' title="bbox 91 1705 1221 1794; baseline 0.007 -30"><span class='ocrx_word' id='word_1_134' title='bbox 91 1705 156 1767; x_wconf 82' lang='lat' dir='ltr'>enim</span> <span class='ocrx_word' id='word_1_135' title='bbox 173 1727 206 1770; x_wconf 86' lang='lat' dir='ltr'>re</span> <span class='ocrx_word' id='word_1_136' title='bbox 222 1708 414 1771; x_wconf 89' lang='lat' dir='ltr'>contaminari</span> <span class='ocrx_word' id='word_1_137' title='bbox 434 1729 467 1771; x_wconf 88' lang='lat' dir='ltr'>se</span> <span class='ocrx_word' id='word_1_138' title='bbox 483 1719 602 1793; x_wconf 88' lang='lat' dir='ltr'>putant,</span> <span class='ocrx_word' id='word_1_139' title='bbox 625 1708 651 1773; x_wconf 92' lang='lat' dir='ltr'>si</span> <span class='ocrx_word' id='word_1_140' title='bbox 669 1729 840 1794; x_wconf 89' lang='lat' dir='ltr'>quemquam</span> <span class='ocrx_word' id='word_1_141' title='bbox 856 1709 1020 1772; x_wconf 87' lang='lat' dir='ltr'>mortalium</span> <span class='ocrx_word' id='word_1_142' title='bbox 1035 1720 1086 1772; x_wconf 92' lang='lat' dir='ltr'>aut</span> <span class='ocrx_word' id='word_1_143' title='bbox 1102 1707 1221 1773; x_wconf 90' lang='lat' dir='ltr'>alterius</span> 
     </span>
     <span class='ocr_line' id='line_1_16' title="bbox 90 1807 1039 1893; baseline 0.007 -26"><span class='ocrx_word' id='word_1_144' title='bbox 90 1817 176 1870; x_wconf 87' lang='lat' dir='ltr'>sectne</span> <span class='ocrx_word' id='word_1_145' title='bbox 198 1807 344 1873; x_wconf 90' lang='lat' dir='ltr'>bominem</span> <span class='ocrx_word' id='word_1_146' title='bbox 365 1808 520 1893; x_wconf 85' lang='lat' dir='ltr'>attingant.</span> <span class='ocrx_word' id='word_1_147' title='bbox 566 1809 663 1875; x_wconf 84' lang='lat' dir='ltr'>Tanta</span> <span class='ocrx_word' id='word_1_148' title='bbox 686 1810 867 1874; x_wconf 85' lang='lat' dir='ltr'>catillarum</span> <span class='ocrx_word' id='word_1_149' title='bbox 890 1810 1039 1874; x_wconf 86' lang='lat' dir='ltr'>vecordia.</span> 
     </span>
    </p>

    <p class='ocr_par' dir='ltr' id='par_1_3' title="bbox 81 1905 1355 4431">
     <span class='ocr_line' id='line_1_17' title="bbox 181 1905 1355 1998; baseline 0.003 -26"><span class='ocrx_word' id='word_1_150' title='bbox 181 1905 243 1973; x_wconf 90' lang='lat' dir='ltr'>lam</span> <span class='ocrx_word' id='word_1_151' title='bbox 282 1910 520 1995; x_wconf 88' lang='lat' dir='ltr'>quemadmodum</span> <span class='ocrx_word' id='word_1_152' title='bbox 556 1912 641 1976; x_wconf 78' lang='lat' dir='ltr'>facile</span> <span class='ocrx_word' id='word_1_153' title='bbox 674 1911 811 1996; x_wconf 82' lang='lat' dir='ltr'>redargui</span> <span class='ocrx_word' id='word_1_154' title='bbox 849 1911 978 1998; x_wconf 88' lang='lat' dir='ltr'>ipsorum</span> <span class='ocrx_word' id='word_1_155' title='bbox 1008 1911 1121 1976; x_wconf 90' lang='lat' dir='ltr'>insania</span> <span class='ocrx_word' id='word_1_156' title='bbox 1153 1931 1220 1996; x_wconf 90' lang='lat' dir='ltr'>pos·</span> <span class='ocrx_word' id='word_1_157' title='bbox 1238 1925 1298 1993; x_wconf 83' lang='lat' dir='ltr'>cap.</span> <span class='ocrx_word' id='word_1_158' title='bbox 1314 1925 1355 1976; x_wconf 81' lang='lat' dir='ltr'>tt.</span> 
     </span>
     <span class='ocr_line' id='line_1_18' title="bbox 88 2009 1221 2098; baseline 0.003 -27"><span class='ocrx_word' id='word_1_159' title='bbox 88 2009 129 2088; x_wconf 90' lang='lat' dir='ltr'>sit,</span> <span class='ocrx_word' id='word_1_160' title='bbox 150 2010 348 2074; x_wconf 84' lang='lat' dir='ltr'>animadverte</span> <span class='ocrx_word' id='word_1_161' title='bbox 370 2033 499 2096; x_wconf 84' lang='lat' dir='ltr'>quaeso,</span> <span class='ocrx_word' id='word_1_162' title='bbox 523 2034 578 2078; x_wconf 90' lang='lat' dir='ltr'>nec</span> <span class='ocrx_word' id='word_1_163' title='bbox 595 2012 654 2076; x_wconf 94' lang='lat' dir='ltr'>ullo</span> <span class='ocrx_word' id='word_1_164' title='bbox 675 2014 794 2098; x_wconf 86' lang='lat' dir='ltr'>negotio</span> <span class='ocrx_word' id='word_1_165' title='bbox 812 2012 967 2098; x_wconf 89' lang='lat' dir='ltr'>percipies.</span> <span class='ocrx_word' id='word_1_166' title='bbox 1011 2011 1128 2078; x_wconf 84' lang='lat' dir='ltr'>Etenim</span> <span class='ocrx_word' id='word_1_167' title='bbox 1145 2032 1221 2074; x_wconf 91' lang='lat' dir='ltr'>mor-</span> 
     </span>
     <span class='ocr_line' id='line_1_19' title="bbox 89 2111 1221 2202; baseline 0.002 -30"><span class='ocrx_word' id='word_1_168' title='bbox 89 2111 122 2172; x_wconf 89' lang='lat' dir='ltr'>tui</span> <span class='ocrx_word' id='word_1_169' title='bbox 138 2112 263 2176; x_wconf 85' lang='lat' dir='ltr'>cadauer</span> <span class='ocrx_word' id='word_1_170' title='bbox 277 2113 501 2193; x_wconf 79' lang='lat' dir='ltr'>abominantur,</span> <span class='ocrx_word' id='word_1_171' title='bbox 524 2137 588 2178; x_wconf 92' lang='lat' dir='ltr'>cnm</span> <span class='ocrx_word' id='word_1_172' title='bbox 609 2114 669 2179; x_wconf 91' lang='lat' dir='ltr'>sint</span> <span class='ocrx_word' id='word_1_173' title='bbox 690 2116 752 2180; x_wconf 86' lang='lat' dir='ltr'>anis</span> <span class='ocrx_word' id='word_1_174' title='bbox 771 2115 887 2202; x_wconf 83' lang='lat' dir='ltr'>ipsimet</span> <span class='ocrx_word' id='word_1_175' title='bbox 907 2114 990 2180; x_wconf 86' lang='lat' dir='ltr'>lactis</span> <span class='ocrx_word' id='word_1_176' title='bbox 1011 2113 1129 2178; x_wconf 76' lang='lat' dir='ltr'>morton.</span> <span class='ocrx_word' id='word_1_177' title='bbox 1165 2111 1221 2176; x_wconf 81' lang='lat' dir='ltr'>At·</span> 
     </span>
     <span class='ocr_line' id='line_1_20' title="bbox 88 2213 1220 2295; baseline 0.002 -21"><span class='ocrx_word' id='word_1_178' title='bbox 88 2213 128 2294; x_wconf 91' lang='lat' dir='ltr'>qui</span> <span class='ocrx_word' id='word_1_179' title='bbox 149 2235 206 2277; x_wconf 93' lang='lat' dir='ltr'>oon</span> <span class='ocrx_word' id='word_1_180' title='bbox 241 2235 299 2278; x_wconf 87' lang='lat' dir='ltr'>unc</span> <span class='ocrx_word' id='word_1_181' title='bbox 330 2215 479 2295; x_wconf 82' lang='lat' dir='ltr'>alterove,</span> <span class='ocrx_word' id='word_1_182' title='bbox 515 2216 567 2280; x_wconf 89' lang='lat' dir='ltr'>sed</span> <span class='ocrx_word' id='word_1_183' title='bbox 593 2216 713 2281; x_wconf 87' lang='lat' dir='ltr'>induitis</span> <span class='ocrx_word' id='word_1_184' title='bbox 742 2215 918 2282; x_wconf 82' lang='lat' dir='ltr'>testimoniis</span> <span class='ocrx_word' id='word_1_185' title='bbox 949 2215 1133 2280; x_wconf 88' lang='lat' dir='ltr'>convincitur</span> <span class='ocrx_word' id='word_1_186' title='bbox 1161 2235 1220 2278; x_wconf 90' lang='lat' dir='ltr'>nou</span> 
     </span>
     <span class='ocr_line' id='line_1_21' title="bbox 89 2315 1220 2402; baseline 0 -26"><span class='ocrx_word' id='word_1_187' title='bbox 89 2333 146 2378; x_wconf 90' lang='lat' dir='ltr'>esse</span> <span class='ocrx_word' id='word_1_188' title='bbox 160 2325 342 2380; x_wconf 88' lang='lat' dir='ltr'>mortuorum</span> <span class='ocrx_word' id='word_1_189' title='bbox 363 2337 487 2402; x_wconf 90' lang='lat' dir='ltr'>corpora</span> <span class='ocrx_word' id='word_1_190' title='bbox 503 2317 684 2382; x_wconf 88' lang='lat' dir='ltr'>detestanda.</span> <span class='ocrx_word' id='word_1_191' title='bbox 728 2317 805 2383; x_wconf 90' lang='lat' dir='ltr'>Nam</span> <span class='ocrx_word' id='word_1_192' title='bbox 824 2317 899 2402; x_wconf 91' lang='lat' dir='ltr'>quod</span> <span class='ocrx_word' id='word_1_193' title='bbox 915 2318 966 2380; x_wconf 87' lang='lat' dir='ltr'>lex</span> <span class='ocrx_word' id='word_1_194' title='bbox 983 2315 1159 2380; x_wconf 91' lang='lat' dir='ltr'>contrarium</span> <span class='ocrx_word' id='word_1_195' title='bbox 1175 2315 1220 2376; x_wconf 84' lang='lat' dir='ltr'>ri-</span> 
     </span>
     <span class='ocr_line' id='line_1_22' title="bbox 88 2413 1218 2504; baseline 0.002 -28"><span class='ocrx_word' id='word_1_196' title='bbox 88 2413 162 2480; x_wconf 80' lang='lat' dir='ltr'>detur</span> <span class='ocrx_word' id='word_1_197' title='bbox 180 2432 336 2497; x_wconf 83' lang='lat' dir='ltr'>asserere,</span> <span class='ocrx_word' id='word_1_198' title='bbox 367 2417 443 2482; x_wconf 89' lang='lat' dir='ltr'>alind</span> <span class='ocrx_word' id='word_1_199' title='bbox 467 2417 601 2504; x_wconf 84' lang='lat' dir='ltr'>quiddam</span> <span class='ocrx_word' id='word_1_200' title='bbox 624 2419 788 2502; x_wconf 79' lang='lat' dir='ltr'>aenigmate</span> <span class='ocrx_word' id='word_1_201' title='bbox 813 2419 984 2483; x_wconf 88' lang='lat' dir='ltr'>adumbrare</span> <span class='ocrx_word' id='word_1_202' title='bbox 1002 2417 1104 2482; x_wconf 87' lang='lat' dir='ltr'>voluit.</span> <span class='ocrx_word' id='word_1_203' title='bbox 1148 2413 1218 2479; x_wconf 91' lang='lat' dir='ltr'>Nno</span> 
     </span>
     <span class='ocr_line' id='line_1_23' title="bbox 87 2517 1219 2604; baseline 0.004 -28"><span class='ocrx_word' id='word_1_204' title='bbox 87 2517 153 2580; x_wconf 89' lang='lat' dir='ltr'>enim</span> <span class='ocrx_word' id='word_1_205' title='bbox 169 2521 309 2596; x_wconf 89' lang='lat' dir='ltr'>duorum,</span> <span class='ocrx_word' id='word_1_206' title='bbox 334 2529 366 2582; x_wconf 92' lang='lat' dir='ltr'>nt</span> <span class='ocrx_word' id='word_1_207' title='bbox 380 2518 459 2597; x_wconf 85' lang='lat' dir='ltr'>dixi,</span> <span class='ocrx_word' id='word_1_208' title='bbox 483 2520 608 2584; x_wconf 89' lang='lat' dir='ltr'>triumve</span> <span class='ocrx_word' id='word_1_209' title='bbox 624 2519 652 2583; x_wconf 91' lang='lat' dir='ltr'>id</span> <span class='ocrx_word' id='word_1_210' title='bbox 669 2521 835 2585; x_wconf 88' lang='lat' dir='ltr'>testimonia</span> <span class='ocrx_word' id='word_1_211' title='bbox 851 2518 1057 2604; x_wconf 91' lang='lat' dir='ltr'>comprobant,</span> <span class='ocrx_word' id='word_1_212' title='bbox 1080 2517 1131 2582; x_wconf 88' lang='lat' dir='ltr'>sed</span> <span class='ocrx_word' id='word_1_213' title='bbox 1149 2537 1219 2580; x_wconf 82' lang='lat' dir='ltr'>sex·</span> 
     </span>
     <span class='ocr_line' id='line_1_24' title="bbox 86 2619 1219 2704; baseline 0.001 -23"><span class='ocrx_word' id='word_1_214' title='bbox 86 2629 158 2682; x_wconf 82' lang='lat' dir='ltr'>centa</span> <span class='ocrx_word' id='word_1_215' title='bbox 174 2619 280 2704; x_wconf 83' lang='lat' dir='ltr'>viginti</span> <span class='ocrx_word' id='word_1_216' title='bbox 297 2619 353 2683; x_wconf 92' lang='lat' dir='ltr'>dno</span> <span class='ocrx_word' id='word_1_217' title='bbox 372 2619 460 2684; x_wconf 88' lang='lat' dir='ltr'>millia</span> <span class='ocrx_word' id='word_1_218' title='bbox 479 2619 625 2686; x_wconf 88' lang='lat' dir='ltr'>bominum</span> <span class='ocrx_word' id='word_1_219' title='bbox 640 2623 671 2685; x_wconf 90' lang='lat' dir='ltr'>in</span> <span class='ocrx_word' id='word_1_220' title='bbox 690 2623 825 2702; x_wconf 88' lang='lat' dir='ltr'>deserto,</span> <span class='ocrx_word' id='word_1_221' title='bbox 850 2621 1024 2704; x_wconf 89' lang='lat' dir='ltr'>totidemque</span> <span class='ocrx_word' id='word_1_222' title='bbox 1040 2619 1109 2698; x_wconf 93' lang='lat' dir='ltr'>alia,</span> <span class='ocrx_word' id='word_1_223' title='bbox 1132 2629 1219 2702; x_wconf 91' lang='lat' dir='ltr'>atque</span> 
     </span>
     <span class='ocr_line' id='line_1_25' title="bbox 86 2714 1220 2807; baseline 0.001 -26"><span class='ocrx_word' id='word_1_224' title='bbox 86 2714 216 2784; x_wconf 75' lang='lat' dir='ltr'>dentiam</span> <span class='ocrx_word' id='word_1_225' title='bbox 234 2721 327 2806; x_wconf 86' lang='lat' dir='ltr'>plura.</span> <span class='ocrx_word' id='word_1_226' title='bbox 373 2720 452 2805; x_wconf 79' lang='lat' dir='ltr'>Quin</span> <span class='ocrx_word' id='word_1_227' title='bbox 475 2731 505 2786; x_wconf 89' lang='lat' dir='ltr'>et</span> <span class='ocrx_word' id='word_1_228' title='bbox 527 2722 613 2807; x_wconf 87' lang='lat' dir='ltr'>longe</span> <span class='ocrx_word' id='word_1_229' title='bbox 636 2722 772 2788; x_wconf 82' lang='lat' dir='ltr'>uberiora</span> <span class='ocrx_word' id='word_1_230' title='bbox 793 2733 861 2787; x_wconf 90' lang='lat' dir='ltr'>suut</span> <span class='ocrx_word' id='word_1_231' title='bbox 881 2721 1040 2806; x_wconf 86' lang='lat' dir='ltr'>scripturae</span> <span class='ocrx_word' id='word_1_232' title='bbox 1064 2721 1127 2784; x_wconf 88' lang='lat' dir='ltr'>loca</span> <span class='ocrx_word' id='word_1_233' title='bbox 1146 2741 1220 2804; x_wconf 91' lang='lat' dir='ltr'>qnae</span> 
     </span>
     <span class='ocr_line' id='line_1_26' title="bbox 87 2818 1219 2908; baseline 0.001 -27"><span class='ocrx_word' id='word_1_234' title='bbox 87 2819 117 2884; x_wconf 87' lang='lat' dir='ltr'>de</span> <span class='ocrx_word' id='word_1_235' title='bbox 129 2822 237 2901; x_wconf 87' lang='lat' dir='ltr'>loculo,</span> <span class='ocrx_word' id='word_1_236' title='bbox 258 2822 288 2886; x_wconf 94' lang='lat' dir='ltr'>in</span> <span class='ocrx_word' id='word_1_237' title='bbox 306 2844 362 2907; x_wconf 91' lang='lat' dir='ltr'>qno</span> <span class='ocrx_word' id='word_1_238' title='bbox 379 2821 496 2908; x_wconf 89' lang='lat' dir='ltr'>losephi</span> <span class='ocrx_word' id='word_1_239' title='bbox 512 2845 580 2888; x_wconf 89' lang='lat' dir='ltr'>ossa</span> <span class='ocrx_word' id='word_1_240' title='bbox 597 2825 712 2888; x_wconf 86' lang='lat' dir='ltr'>condita</span> <span class='ocrx_word' id='word_1_241' title='bbox 726 2835 804 2903; x_wconf 89' lang='lat' dir='ltr'>sunt,</span> <span class='ocrx_word' id='word_1_242' title='bbox 822 2824 998 2888; x_wconf 87' lang='lat' dir='ltr'>mentionem</span> <span class='ocrx_word' id='word_1_243' title='bbox 1015 2821 1134 2885; x_wconf 81' lang='lat' dir='ltr'>iaciunt.</span> <span class='ocrx_word' id='word_1_244' title='bbox 1160 2818 1219 2903; x_wconf 77' lang='lat' dir='ltr'>Qui</span> 
     </span>
     <span class='ocr_line' id='line_1_27' title="bbox 86 2919 1219 3009; baseline 0.002 -27"><span class='ocrx_word' id='word_1_245' title='bbox 86 2919 186 2990; x_wconf 88' lang='lat' dir='ltr'>loculus</span> <span class='ocrx_word' id='word_1_246' title='bbox 205 2924 397 3009; x_wconf 84' lang='lat' dir='ltr'>quadraginta</span> <span class='ocrx_word' id='word_1_247' title='bbox 413 2935 492 2988; x_wconf 87' lang='lat' dir='ltr'>totos</span> <span class='ocrx_word' id='word_1_248' title='bbox 512 2947 606 2990; x_wconf 91' lang='lat' dir='ltr'>annos</span> <span class='ocrx_word' id='word_1_249' title='bbox 628 2925 657 2989; x_wconf 93' lang='lat' dir='ltr'>in</span> <span class='ocrx_word' id='word_1_250' title='bbox 677 2926 781 2990; x_wconf 86' lang='lat' dir='ltr'>castris</span> <span class='ocrx_word' id='word_1_251' title='bbox 800 2924 983 2989; x_wconf 90' lang='lat' dir='ltr'>circumlatus</span> <span class='ocrx_word' id='word_1_252' title='bbox 1001 2943 1095 3007; x_wconf 91' lang='lat' dir='ltr'>neque</span> <span class='ocrx_word' id='word_1_253' title='bbox 1110 2920 1219 2985; x_wconf 89' lang='lat' dir='ltr'>abomi-</span> 
     </span>
     <span class='ocr_line' id='line_1_28' title="bbox 85 3019 1218 3112; baseline 0.001 -27"><span class='ocrx_word' id='word_1_254' title='bbox 85 3025 185 3089; x_wconf 88' lang='lat' dir='ltr'>nationi</span> <span class='ocrx_word' id='word_1_255' title='bbox 202 3027 275 3106; x_wconf 89' lang='lat' dir='ltr'>luit,</span> <span class='ocrx_word' id='word_1_256' title='bbox 299 3047 394 3111; x_wconf 86' lang='lat' dir='ltr'>neque</span> <span class='ocrx_word' id='word_1_257' title='bbox 409 3027 584 3112; x_wconf 76' lang='lat' dir='ltr'>contagione</span> <span class='ocrx_word' id='word_1_258' title='bbox 602 3049 654 3090; x_wconf 87' lang='lat' dir='ltr'>sua</span> <span class='ocrx_word' id='word_1_259' title='bbox 673 3028 766 3092; x_wconf 87' lang='lat' dir='ltr'>labem</span> <span class='ocrx_word' id='word_1_260' title='bbox 783 3026 867 3092; x_wconf 87' lang='lat' dir='ltr'>ullum</span> <span class='ocrx_word' id='word_1_261' title='bbox 887 3025 1023 3109; x_wconf 86' lang='lat' dir='ltr'>aspersit.</span> <span class='ocrx_word' id='word_1_262' title='bbox 1060 3019 1218 3088; x_wconf 87' lang='lat' dir='ltr'>Caeterum</span> 
     </span>
     <span class='ocr_line' id='line_1_29' title="bbox 84 3127 1218 3213; baseline -0.001 -27"><span class='ocrx_word' id='word_1_263' title='bbox 84 3144 147 3188; x_wconf 85' lang='lat' dir='ltr'>rere</span> <span class='ocrx_word' id='word_1_264' title='bbox 163 3127 219 3191; x_wconf 87' lang='lat' dir='ltr'>boc</span> <span class='ocrx_word' id='word_1_265' title='bbox 237 3128 411 3213; x_wconf 79' lang='lat' dir='ltr'>ascriptum</span> <span class='ocrx_word' id='word_1_266' title='bbox 427 3128 533 3192; x_wconf 90' lang='lat' dir='ltr'>dictum</span> <span class='ocrx_word' id='word_1_267' title='bbox 551 3139 614 3193; x_wconf 74' lang='lat' dir='ltr'>estc</span> <span class='ocrx_word' id='word_1_268' title='bbox 645 3133 683 3191; x_wconf 80' lang='lat' dir='ltr'>Si</span> <span class='ocrx_word' id='word_1_269' title='bbox 694 3134 756 3210; x_wconf 64' lang='lat' dir='ltr'>ports</span> <span class='ocrx_word' id='word_1_270' title='bbox 772 3139 910 3190; x_wconf 81' lang='lat' dir='ltr'>mortuum</span> <span class='ocrx_word' id='word_1_271' title='bbox 929 3130 1071 3206; x_wconf 68' lang='lat' dir='ltr'>teng-emt,</span> <span class='ocrx_word' id='word_1_272' title='bbox 1092 3127 1218 3206; x_wconf 78' lang='lat' dir='ltr'>pollutos</span> 
     </span>
     <span class='ocr_line' id='line_1_30' title="bbox 84 3227 1215 3312; baseline 0 -26"><span class='ocrx_word' id='word_1_273' title='bbox 84 3231 117 3286; x_wconf 84' lang='lat' dir='ltr'>ad</span> <span class='ocrx_word' id='word_1_274' title='bbox 130 3250 271 3310; x_wconf 79' lang='lat' dir='ltr'>nespmm</span> <span class='ocrx_word' id='word_1_275' title='bbox 287 3251 375 3312; x_wconf 76' lang='lat' dir='ltr'>aerque</span> <span class='ocrx_word' id='word_1_276' title='bbox 387 3233 581 3311; x_wconf 75' lang='lat' dir='ltr'>pemnunebit:</span> <span class='ocrx_word' id='word_1_277' title='bbox 605 3242 661 3294; x_wconf 81' lang='lat' dir='ltr'>lton</span> <span class='ocrx_word' id='word_1_278' title='bbox 680 3253 711 3292; x_wconf 81' lang='lat' dir='ltr'>se</span> <span class='ocrx_word' id='word_1_279' title='bbox 724 3251 798 3312; x_wconf 83' lang='lat' dir='ltr'>aqua</span> <span class='ocrx_word' id='word_1_280' title='bbox 813 3229 933 3303; x_wconf 71' lang='lat' dir='ltr'>tament,</span> <span class='ocrx_word' id='word_1_281' title='bbox 955 3249 990 3288; x_wconf 87' lang='lat' dir='ltr'>ue</span> <span class='ocrx_word' id='word_1_282' title='bbox 1004 3227 1215 3308; x_wconf 82' lang='lat' dir='ltr'>repurgnbr&#39;tur.</span> 
     </span>
     <span class='ocr_line' id='line_1_31' title="bbox 85 3323 1218 3412; baseline -0.002 -21"><span class='ocrx_word' id='word_1_283' title='bbox 85 3323 189 3409; x_wconf 80' lang='lat' dir='ltr'>Quibus</span> <span class='ocrx_word' id='word_1_284' title='bbox 214 3330 316 3393; x_wconf 84' lang='lat' dir='ltr'>uerbis</span> <span class='ocrx_word' id='word_1_285' title='bbox 338 3331 448 3394; x_wconf 91' lang='lat' dir='ltr'>domiui</span> <span class='ocrx_word' id='word_1_286' title='bbox 472 3331 565 3395; x_wconf 89' lang='lat' dir='ltr'>nostri</span> <span class='ocrx_word' id='word_1_287' title='bbox 584 3329 652 3396; x_wconf 88' lang='lat' dir='ltr'>lesu</span> <span class='ocrx_word' id='word_1_288' title='bbox 671 3327 780 3396; x_wconf 85' lang='lat' dir='ltr'>Christi</span> <span class='ocrx_word' id='word_1_289' title='bbox 804 3339 927 3392; x_wconf 88' lang='lat' dir='ltr'>mortem</span> <span class='ocrx_word' id='word_1_290' title='bbox 950 3348 985 3391; x_wconf 88' lang='lat' dir='ltr'>ao</span> <span class='ocrx_word' id='word_1_291' title='bbox 1003 3337 1166 3412; x_wconf 82' lang='lat' dir='ltr'>susceptam</span> <span class='ocrx_word' id='word_1_292' title='bbox 1189 3327 1218 3390; x_wconf 93' lang='lat' dir='ltr'>iu</span> 
     </span>
     <span class='ocr_line' id='line_1_32' title="bbox 84 3428 1218 3517; baseline -0.003 -25"><span class='ocrx_word' id='word_1_293' title='bbox 84 3449 199 3516; x_wconf 84' lang='lat' dir='ltr'>corpore</span> <span class='ocrx_word' id='word_1_294' title='bbox 225 3431 391 3517; x_wconf 69' lang='lat' dir='ltr'>musionem</span> <span class='ocrx_word' id='word_1_295' title='bbox 415 3431 521 3497; x_wconf 90' lang='lat' dir='ltr'>innuit.</span> <span class='ocrx_word' id='word_1_296' title='bbox 566 3430 616 3496; x_wconf 81' lang='lat' dir='ltr'>Ex</span> <span class='ocrx_word' id='word_1_297' title='bbox 635 3453 671 3496; x_wconf 90' lang='lat' dir='ltr'>eo</span> <span class='ocrx_word' id='word_1_298' title='bbox 688 3432 785 3510; x_wconf 90' lang='lat' dir='ltr'>euim,</span> <span class='ocrx_word' id='word_1_299' title='bbox 809 3431 883 3515; x_wconf 92' lang='lat' dir='ltr'>quod</span> <span class='ocrx_word' id='word_1_300' title='bbox 902 3429 1056 3493; x_wconf 88' lang='lat' dir='ltr'>articulum</span> <span class='ocrx_word' id='word_1_301' title='bbox 1073 3428 1218 3514; x_wconf 90' lang='lat' dir='ltr'>apposnit,</span> 
     </span>
     <span class='ocr_line' id='line_1_33' title="bbox 84 3529 1217 3619; baseline -0.001 -28"><span class='ocrx_word' id='word_1_302' title='bbox 84 3531 263 3598; x_wconf 85' lang='lat' dir='ltr'>distinctione</span> <span class='ocrx_word' id='word_1_303' title='bbox 288 3532 415 3598; x_wconf 89' lang='lat' dir='ltr'>nominis</span> <span class='ocrx_word' id='word_1_304' title='bbox 439 3555 511 3619; x_wconf 90' lang='lat' dir='ltr'>opus</span> <span class='ocrx_word' id='word_1_305' title='bbox 538 3553 606 3598; x_wconf 88' lang='lat' dir='ltr'>esse</span> <span class='ocrx_word' id='word_1_306' title='bbox 623 3534 817 3596; x_wconf 88' lang='lat' dir='ltr'>demonstrat.</span> <span class='ocrx_word' id='word_1_307' title='bbox 859 3529 937 3594; x_wconf 87' lang='lat' dir='ltr'>Nam</span> <span class='ocrx_word' id='word_1_308' title='bbox 962 3530 1134 3614; x_wconf 89' lang='lat' dir='ltr'>ubicumque</span> <span class='ocrx_word' id='word_1_309' title='bbox 1149 3529 1217 3593; x_wconf 91' lang='lat' dir='ltr'>arti·</span> 
     </span>
     <span class='ocr_line' id='line_1_34' title="bbox 83 3628 1219 3720; baseline -0.002 -27"><span class='ocrx_word' id='word_1_310' title='bbox 83 3633 156 3698; x_wconf 88' lang='lat' dir='ltr'>culus</span> <span class='ocrx_word' id='word_1_311' title='bbox 172 3635 358 3718; x_wconf 86' lang='lat' dir='ltr'>adiungitur,</span> <span class='ocrx_word' id='word_1_312' title='bbox 382 3645 463 3698; x_wconf 87' lang='lat' dir='ltr'>certa</span> <span class='ocrx_word' id='word_1_313' title='bbox 484 3655 519 3698; x_wconf 88' lang='lat' dir='ltr'>ac</span> <span class='ocrx_word' id='word_1_314' title='bbox 540 3632 693 3720; x_wconf 90' lang='lat' dir='ltr'>perspicue</span> <span class='ocrx_word' id='word_1_315' title='bbox 709 3632 826 3696; x_wconf 88' lang='lat' dir='ltr'>debuita</span> <span class='ocrx_word' id='word_1_316' title='bbox 851 3653 900 3696; x_wconf 89' lang='lat' dir='ltr'>res</span> <span class='ocrx_word' id='word_1_317' title='bbox 919 3631 1101 3716; x_wconf 87' lang='lat' dir='ltr'>intelligitur.</span> <span class='ocrx_word' id='word_1_318' title='bbox 1146 3628 1219 3696; x_wconf 89' lang='lat' dir='ltr'>Sine</span> 
     </span>
     <span class='ocr_line' id='line_1_35' title="bbox 83 3731 1218 3821; baseline 0.001 -27"><span class='ocrx_word' id='word_1_319' title='bbox 83 3736 199 3801; x_wconf 83' lang='lat' dir='ltr'>articulo</span> <span class='ocrx_word' id='word_1_320' title='bbox 216 3739 253 3800; x_wconf 91' lang='lat' dir='ltr'>de</span> <span class='ocrx_word' id='word_1_321' title='bbox 271 3735 400 3821; x_wconf 89' lang='lat' dir='ltr'>quolibet</span> <span class='ocrx_word' id='word_1_322' title='bbox 413 3736 503 3820; x_wconf 89' lang='lat' dir='ltr'>accipi</span> <span class='ocrx_word' id='word_1_323' title='bbox 519 3736 630 3799; x_wconf 85' lang='lat' dir='ltr'>infinita</span> <span class='ocrx_word' id='word_1_324' title='bbox 646 3735 734 3800; x_wconf 90' lang='lat' dir='ltr'>solet.</span> <span class='ocrx_word' id='word_1_325' title='bbox 768 3731 806 3799; x_wconf 93' lang='lat' dir='ltr'>Ut</span> <span class='ocrx_word' id='word_1_326' title='bbox 821 3732 947 3819; x_wconf 83' lang='lat' dir='ltr'>exempli</span> <span class='ocrx_word' id='word_1_327' title='bbox 963 3753 1066 3798; x_wconf 87' lang='lat' dir='ltr'>caussa</span> <span class='ocrx_word' id='word_1_328' title='bbox 1083 3733 1120 3811; x_wconf 89' lang='lat' dir='ltr'>si,</span> <span class='ocrx_word' id='word_1_329' title='bbox 1136 3731 1218 3810; x_wconf 83' lang='lat' dir='ltr'>Rex,</span> 
     </span>
     <span class='ocr_line' id='line_1_36' title="bbox 83 3831 1218 3923; baseline -0.001 -26"><span class='ocrx_word' id='word_1_330' title='bbox 83 3835 198 3918; x_wconf 81' lang='lat' dir='ltr'>dixero,</span> <span class='ocrx_word' id='word_1_331' title='bbox 223 3857 330 3901; x_wconf 90' lang='lat' dir='ltr'>nomen</span> <span class='ocrx_word' id='word_1_332' title='bbox 346 3838 461 3923; x_wconf 91' lang='lat' dir='ltr'>quidem</span> <span class='ocrx_word' id='word_1_333' title='bbox 479 3837 573 3923; x_wconf 89' lang='lat' dir='ltr'>ipsum</span> <span class='ocrx_word' id='word_1_334' title='bbox 593 3835 728 3916; x_wconf 87' lang='lat' dir='ltr'>declaro,</span> <span class='ocrx_word' id='word_1_335' title='bbox 758 3835 823 3920; x_wconf 87' lang='lat' dir='ltr'>quis</span> <span class='ocrx_word' id='word_1_336' title='bbox 843 3835 892 3899; x_wconf 88' lang='lat' dir='ltr'>ille</span> <span class='ocrx_word' id='word_1_337' title='bbox 915 3831 955 3898; x_wconf 88' lang='lat' dir='ltr'>sit</span> <span class='ocrx_word' id='word_1_338' title='bbox 972 3834 1007 3899; x_wconf 95' lang='lat' dir='ltr'>de</span> <span class='ocrx_word' id='word_1_339' title='bbox 1031 3855 1089 3919; x_wconf 93' lang='lat' dir='ltr'>quo</span> <span class='ocrx_word' id='word_1_340' title='bbox 1104 3833 1218 3917; x_wconf 80' lang='lat' dir='ltr'>loquor,</span> 
     </span>
     <span class='ocr_line' id='line_1_37' title="bbox 82 3932 1218 4023; baseline -0.001 -24"><span class='ocrx_word' id='word_1_341' title='bbox 82 3949 176 4022; x_wconf 85' lang='lat' dir='ltr'>aperte</span> <span class='ocrx_word' id='word_1_342' title='bbox 202 3959 261 4004; x_wconf 90' lang='lat' dir='ltr'>non</span> <span class='ocrx_word' id='word_1_343' title='bbox 283 3939 429 4023; x_wconf 78' lang='lat' dir='ltr'>significo.</span> <span class='ocrx_word' id='word_1_344' title='bbox 473 3937 586 4023; x_wconf 85' lang='lat' dir='ltr'>Regem</span> <span class='ocrx_word' id='word_1_345' title='bbox 612 3937 689 4002; x_wconf 91' lang='lat' dir='ltr'>enim</span> <span class='ocrx_word' id='word_1_346' title='bbox 713 3948 770 4000; x_wconf 84' lang='lat' dir='ltr'>tam</span> <span class='ocrx_word' id='word_1_347' title='bbox 787 3933 945 4000; x_wconf 87' lang='lat' dir='ltr'>Persarum</span> <span class='ocrx_word' id='word_1_348' title='bbox 963 3957 1048 4020; x_wconf 89' lang='lat' dir='ltr'>qnam</span> <span class='ocrx_word' id='word_1_349' title='bbox 1064 3932 1218 3999; x_wconf 87' lang='lat' dir='ltr'>Medorum</span> 
     </span>
     <span class='ocr_line' id='line_1_38' title="bbox 82 4035 1220 4126; baseline -0.002 -22"><span class='ocrx_word' id='word_1_350' title='bbox 82 4048 162 4124; x_wconf 77' lang='lat' dir='ltr'>atque</span> <span class='ocrx_word' id='word_1_351' title='bbox 178 4039 369 4106; x_wconf 84' lang='lat' dir='ltr'>Eiamitsrnm</span> <span class='ocrx_word' id='word_1_352' title='bbox 390 4041 578 4126; x_wconf 88' lang='lat' dir='ltr'>appellamus.</span> <span class='ocrx_word' id='word_1_353' title='bbox 615 4037 700 4122; x_wconf 80' lang='lat' dir='ltr'>Quod</span> <span class='ocrx_word' id='word_1_354' title='bbox 716 4039 742 4102; x_wconf 91' lang='lat' dir='ltr'>si</span> <span class='ocrx_word' id='word_1_355' title='bbox 759 4037 883 4102; x_wconf 86' lang='lat' dir='ltr'>articulo</span> <span class='ocrx_word' id='word_1_356' title='bbox 898 4037 986 4100; x_wconf 89' lang='lat' dir='ltr'>etiam</span> <span class='ocrx_word' id='word_1_357' title='bbox 1000 4036 1138 4116; x_wconf 88' lang='lat' dir='ltr'>adhibito,</span> <span class='ocrx_word' id='word_1_358' title='bbox 1162 4035 1220 4102; x_wconf 84' lang='lat' dir='ltr'>llic</span> 
     </span>
     <span class='ocr_line' id='line_1_39' title="bbox 81 4138 1227 4226; baseline -0.003 -20"><span class='ocrx_word' id='word_1_359' title='bbox 81 4161 149 4220; x_wconf 81' lang='lat' dir='ltr'>tex,</span> <span class='ocrx_word' id='word_1_360' title='bbox 172 4143 314 4220; x_wconf 88' lang='lat' dir='ltr'>dicimus,</span> <span class='ocrx_word' id='word_1_361' title='bbox 337 4162 424 4206; x_wconf 89' lang='lat' dir='ltr'>nemo</span> <span class='ocrx_word' id='word_1_362' title='bbox 439 4161 524 4226; x_wconf 88' lang='lat' dir='ltr'>quem</span> <span class='ocrx_word' id='word_1_363' title='bbox 539 4141 664 4206; x_wconf 82' lang='lat' dir='ltr'>velimus</span> <span class='ocrx_word' id='word_1_364' title='bbox 679 4141 807 4225; x_wconf 86' lang='lat' dir='ltr'>ignorat.</span> <span class='ocrx_word' id='word_1_365' title='bbox 851 4138 908 4203; x_wconf 85' lang='lat' dir='ltr'>llic</span> <span class='ocrx_word' id='word_1_366' title='bbox 928 4139 1005 4203; x_wconf 91' lang='lat' dir='ltr'>enim</span> <span class='ocrx_word' id='word_1_367' title='bbox 1026 4159 1081 4202; x_wconf 87' lang='lat' dir='ltr'>rex</span> <span class='ocrx_word' id='word_1_368' title='bbox 1095 4159 1131 4203; x_wconf 94' lang='lat' dir='ltr'>eo</span> <span class='ocrx_word' id='word_1_369' title='bbox 1150 4139 1227 4204; x_wconf 38' lang='lat' dir='ltr'>arti-v</span> 
     </span>
     <span class='ocr_line' id='line_1_40' title="bbox 81 4239 1221 4329; baseline 0 -27"><span class='ocrx_word' id='word_1_370' title='bbox 81 4243 141 4306; x_wconf 90' lang='lat' dir='ltr'>culo</span> <span class='ocrx_word' id='word_1_371' title='bbox 155 4254 275 4308; x_wconf 87' lang='lat' dir='ltr'>notatur</span> <span class='ocrx_word' id='word_1_372' title='bbox 289 4243 325 4307; x_wconf 91' lang='lat' dir='ltr'>de</span> <span class='ocrx_word' id='word_1_373' title='bbox 343 4266 401 4329; x_wconf 93' lang='lat' dir='ltr'>quo</span> <span class='ocrx_word' id='word_1_374' title='bbox 418 4244 549 4329; x_wconf 86' lang='lat' dir='ltr'>quaestio</span> <span class='ocrx_word' id='word_1_375' title='bbox 564 4244 613 4307; x_wconf 88' lang='lat' dir='ltr'>vel</span> <span class='ocrx_word' id='word_1_376' title='bbox 628 4263 726 4306; x_wconf 90' lang='lat' dir='ltr'>sermo</span> <span class='ocrx_word' id='word_1_377' title='bbox 744 4241 847 4326; x_wconf 89' lang='lat' dir='ltr'>aliquis</span> <span class='ocrx_word' id='word_1_378' title='bbox 864 4239 1010 4320; x_wconf 87' lang='lat' dir='ltr'>inciderit,</span> <span class='ocrx_word' id='word_1_379' title='bbox 1034 4239 1157 4326; x_wconf 88' lang='lat' dir='ltr'>deniqne</span> <span class='ocrx_word' id='word_1_380' title='bbox 1173 4240 1221 4324; x_wconf 94' lang='lat' dir='ltr'>qni</span> 
     </span>
     <span class='ocr_line' id='line_1_41' title="bbox 81 4339 1222 4431; baseline 0 -27"><span class='ocrx_word' id='word_1_381' title='bbox 81 4343 115 4407; x_wconf 92' lang='lat' dir='ltr'>sit</span> <span class='ocrx_word' id='word_1_382' title='bbox 128 4346 263 4431; x_wconf 80' lang='lat' dir='ltr'>cognitus</span> <span class='ocrx_word' id='word_1_383' title='bbox 280 4366 315 4409; x_wconf 89' lang='lat' dir='ltr'>ac</span> <span class='ocrx_word' id='word_1_384' title='bbox 330 4357 412 4410; x_wconf 90' lang='lat' dir='ltr'>certo</span> <span class='ocrx_word' id='word_1_385' title='bbox 431 4344 554 4430; x_wconf 87' lang='lat' dir='ltr'>imperio</span> <span class='ocrx_word' id='word_1_386' title='bbox 571 4345 747 4408; x_wconf 89' lang='lat' dir='ltr'>dominetur.</span> <span class='ocrx_word' id='word_1_387' title='bbox 780 4339 922 4407; x_wconf 89' lang='lat' dir='ltr'>Similiter</span> <span class='ocrx_word' id='word_1_388' title='bbox 939 4362 1016 4421; x_wconf 87' lang='lat' dir='ltr'>cnm,</span> <span class='ocrx_word' id='word_1_389' title='bbox 1038 4339 1132 4422; x_wconf 86' lang='lat' dir='ltr'>lleus,</span> <span class='ocrx_word' id='word_1_390' title='bbox 1153 4341 1222 4406; x_wconf 90' lang='lat' dir='ltr'>sim-</span> 
     </span>
    </p>
   </div>
   <div class='ocr_carea' id='block_1_3' title="bbox 0 0 1498 4996">
    <p class='ocr_par' dir='ltr' id='par_1_4' title="bbox 0 0 1498 4996">
     <span class='ocr_line' id='line_1_42' title="bbox 0 0 1498 4996; baseline 0 5"><span class='ocrx_word' id='word_1_391' title='bbox 0 0 1498 4996; x_wconf 95' lang='lat' dir='ltr'> </span> 
     </span>
    </p>
   </div>
  </div>
 </body>
</html>
