3036 4998
252 265 315 326 328
684 273 803 326 εκαοτι
820 275 989 328 εειεειεαυ

256 391 376 458 πόντων
391 397 539 460 καλοῖσιν.
573 389 658 457 Ἔστι
674 387 729 476 γόρ
746 389 850 466 Βυθός
864 392 915 457 καί
933 386 1023 474 Epi,
1046 391 1147 455 ἔπειτα
1161 395 1247 466 Νοῦς
1262 391 1313 456 καί
1326 389 1409 474 Ἀλη-

256 505 333 559 θεια.
378 491 570 576 Αίσθόμενόν
589 519 619 558 τε
633 490 686 558 τόν
702 500 863 579 Μονογενῆ
878 499 982 558 τοῦτον
999 489 1046 573 ἐφ’
1062 489 1107 569 οίς
1123 490 1313 578 προεβλήθη,
1334 519 1408 579 προ-

257 600 356 678 βαλεῖν
378 597 428 661 καὶ
451 593 542 660 αὐτόν
561 593 663 681 Λόγον
684 597 734 660 καί
754 592 858 677 Ζωην,
888 596 999 679 πατέρα
1018 592 1139 660 πάντων
1158 601 1218 660 τοῖν
1237 591 1296 676 μετ’
1314 593 1408 662 αύτόν

257 700 419 780 ἐσομένων,
441 699 490 762 καί
506 695 607 783 οίρχύν,
630 700 680 762 καί
694 695 849 783 μόρφωσιν
864 694 975 773 παντός
989 703 1043 761 τοῦ
1063 695 1277 782 Πληροόματος,
1300 699 1333 762 ἐκ
1350 699 1408 764 7δὲ

257 808 310 865 τοῦ
325 799 428 885 Λόγου
444 801 495 864 καλ
509 807 562 882 τῆς
580 805 668 882 Ζωῆς
682 802 904 884 προβεβλῆσθαι
920 795 994 864 κακοί
1009 803 1148 884 συζυγίαν
1155 797 1339 884 ’Ἄνθρωπον
1354 803 1408 866 καί

254 900 439 984 Ἐκκλησίαν·
461 903 512 966 καί
527 899 602 966 εἶναι
614 899 722 984 ταύτην
738 898 893 988 ἀρχέγονον
906 899 1061 986 Ὀγδοιίδα,
1083 904 1164 985 ῥίζαν
1178 903 1230 966 καλ
1245 899 1407 968 ύτιόστασιν

255 1011 313 1070 τῶν
331 1002 465 1081 πόντων,
487 1005 620 1089 τέτρασιν
635 1001 759 1086 όνόμασι
772 1001 842 1089 παρ’
858 1001 957 1078 αύτοῖς
975 1003 1198 1086 8καλουμένην,
1221 1010 1332 1093 Βυθγῖ,
1354 1007 1406 1070 καὶ

258 1113 323 1194 Νρῖ,
347 1108 397 1170 καί
411 1105 514 1195 Λόγηο,
536 1103 774 1193 καὶ.Ἀνθρω’πςο.
819 1101 909 1170 Εἶναι
923 1102 976 1190 γοίρ
992 1101 1089 1170 αύιοῖν
1103 1107 1226 1171 ἕκαστον
1241 1103 1407 1191 οἷρρενόθη·

254 1216 307 1272 λυν
322 1207 430 1284 οὕτως·
453 1215 572 1292 πρῶτον
587 1205 639 1273 τόν
659 1205 841 1291 Προποίιορα
854 1203 989 1289 ἡνῶσθαι
1002 1204 1077 1272 κατύ
1091 1211 1281 1297 συζυγίαντῇ
1299 1210 1406 1276 ἑαυτοῦ

253 1307 385 1399 Ἐννοίςι,
416 1307 468 1375 τόν
483 1311 515 1374 δὲ
531 1315 706 1395 Μονογενῆ,
735 1309 862 1374 τουτέστι
877 1306 927 1374 τόν
944 1314 1044 1387 Νοῦν,
1073 1318 1110 1398 τῇ
1124 1306 1277 1397 Ἀληθείᾳ,
1308 1311 1358 1377 τόν
1373 1313 1406 1378 δὲ

256 1409 358 1498 Λόγον
380 1418 417 1502 τῇ
436 1417 523 1500 Ζωῇ,
552 1413 602 1476 καί
624 1410 676 1476 τόν
685 1409 867 1497 ’Ἄνθρωπον
883 1417 917 1498 τῇ
932 1407 1093 1500 Ἐκκλησίρι.
1141 1410 1273 1488 Τούτους
1289 1413 1321 1478 δέ
1335 1411 1406 1489 τούς

255 1515 377 1589 Αίοῖνας
395 1517 436 1590 είς
452 1512 542 1590 δόξαν
556 1519 609 1578 τοῦ
632 1511 750 1595 Πατρός
767 1513 1038 1598 προβεβλημένους,
1069 1515 1270 1596 βουληθέντας
1285 1517 1338 1580 καί
1353 1514 1405 1578 αύ-

255 1614 325 1691 τούς
342 1613 392 1680 διό
409 1623 462 1681 τοῦ
478 1618 556 1680 ίδίον
575 1614 697 1692 δοξάσαι
713 1613 765 1682 τόν
784 1617 917 1700 Πατέρα,
948 1619 1129 1699 οπροβαλεῖν
1143 1615 1293 1701 προβολός
1308 1619 1339 1682 έν
1354 1639 1403 1682 σν·

135 1750 186 1794 μσς.
199 1741 244 1786 ne.
257 1723 351 1806 ζυγίᾳ,
373 1716 425 1783 τόν
439 1718 491 1800 μὲν
507 1715 610 1802 Λόγον
622 1719 674 1783 καί
687 1714 741 1800 την
759 1715 846 1800 Ζωην
860 1712 929 1800 μεταλ
944 1714 976 1782 τό
991 1719 1193 1802 προβαλέσθαι
1207 1715 1259 1784 τόν
1266 1716 1403 1806 Ἀνθρω·

256 1847 314 1886 πον
331 1821 383 1885 καί
400 1818 454 1902 τὴν
469 1816 642 1903 Ἐκκλησίαν
663 1817 767 1894 ἄλλους
781 1821 852 1884 δέκα
868 1821 1002 1896 Λίοόνας,
1032 1812 1076 1885 οἷν
1092 1818 1127 1886 τό
1143 1817 1277 1902 όνόματα
1290 1823 1405 1908 λέγουσι

256 1927 363 1986 ταῦτα·
392 1920 545 1998 ιθΒύθιος
566 1924 615 1986 καί
639 1925 747 2000 Μίξις,
768 1918 925 2008 Ἀγήρατος
946 1919 1148 1999 καίἝνασις,
1169 1919 1335 2006 Λύτοφυὴς
1354 1925 1405 1988 καί

255 2021 378 2106 Ἡδονὴ,
405 2021 556 2106 Ἀκίνηιος
569 2025 619 2088 καί
638 2021 819 2108 Σύγκρασις,
849 2021 1023 2109 Μονογενής
1045 2025 1096 2090 καί
1111 2029 1266 2109 Μακαρία.
1314 2017 1403 2090 Οὗτοι

257 2126 332 2216 δέκαι
350 2127 480 2204 Αίοῖνες,
512 2123 565 2201 οὓς
590 2127 684 2190 Ιικαί
705 2123 872 2206 φόσκοασιν
892 2127 925 2190 έκ
944 2124 1047 2211 Λόγου
1066 2128 1116 2191 καί
1137 2133 1224 2208 Ζωῖγς
1240 2131 1402 2212 προβεβλῆ-

258 2237 338 2291 σθαι.
387 2225 446 2292 Τόν
468 2228 500 2302 δὲ
512 2225 695 2314 ’Ἄνθρωπον
715 2228 766 2293 καί
785 2225 874 2293 αύιόν
892 2232 1051 2313 προβαλεῖν
1072 2226 1144 2311 μεταλ
1166 2235 1218 2311 τῆς
1234 2226 1403 2313 Ἐκκλησίας

259 2333 380 2404 Αίοῖνας
401 2327 532 2408 δοόδεκα,
562 2327 609 2405 οἷς
627 2337 719 2394 ταῦτα
736 2326 772 2394 τύ
791 2327 918 2412 όνόματα
934 2335 1110 2414 γαρίζονταν
1143 2329 1337 2416 Παρόιιλητος
1352 2334 1403 2396 καί

261 2435 381 2511 Πίστις,
414 2431 565 2517 Πατρικός
587 2435 637 2498 καλ
657 2430 770 2511 Ἐλπίς,
799 2430 954 2517 Μητρικός
975 2435 1026 2498 καὶ
1046 2429 1176 2518 Ἁγόπη,
1204 2431 1335 2510 Ἀεῖνους
1353 2436 1403 2498 καί

258 2531 393 2611 Σύνεοις,
418 2537 511 2600 ηναί
525 2533 781 2618 Ἐκκλησιαστικός
797 2536 848 2600 καί
862 2534 1068 2620 Μακαριότης,
1092 2533 1218 2619 Θελητός
1230 2536 1282 2601 καὶ
1296 2539 1402 2618 Σοφία.

262 2627 353 2700 Οὗτοί
373 2637 445 2700 είσιν
468 2639 499 2702 οῖ
518 2635 675 2722 τριάκοντα
694 2639 809 2712 Αἰοῖντς
829 2644 880 2720 τῆς
898 2635 1011 2720 πλύνης
1031 2634 1146 2717 αύτυῖν,
1174 2640 1206 2703 οἱ
1223 2639 1404 2723 σεσιγημένου

258 2740 309 2804 καί
324 2734 364 2820 μὴ
379 2736 604 2823 γινωσκόμενοι·
627 2746 713 2805 τοῦτο
727 2736 779 2804 τόν
792 2736 917 2822 όόρατον
933 2741 985 2805 καί
1001 2737 1199 2822 πνευματικόν
1215 2737 1279 2804 κατ’
1297 2737 1403 2814 αύτούς

260 2839 428 2927 Πληροομα,
456 2848 540 2924 τριχῆ
557 2841 744 2924 διεσταμένον
762 2843 803 2916 είς
819 2839 978 2927 Ὀγδοοίδα,
1006 2844 1058 2908 καὶ
1075 2841 1210 2921 Δεκύδοι,
1238 2844 1290 2906 καί
1308 2845 1402 2908 Δωδε-

257 2941 343 3008 κόδα.
373 2945 432 3008 Καὶ
448 2940 498 3008 διό
509 2949 598 3008 τοῦτο
612 2941 665 3010 τόν
678 2949 805 3028 Σωτῆρα
816 2945 948 3028 λέγουσιν
961 2941 1042 3021 (ούδέ
1053 2942 1109 3030 γύρ
1124 2943 1239 3029 Κύριον
1252 2941 1403 3026 όνομύζειν

258 3043 350 3111 αύτόν
370 3047 501 3121 θέλουσι)
522 3043 679 3128 τριάκοντα
701 3047 774 3111 έτεσι
795 3044 868 3110 κατοί
889 3045 922 3112 τό
945 3045 1076 3132 φανερόν
1095 3048 1185 3129 μηδέν
1202 3049 1400 3130 πεποιηκέναι,

259 3145 462 3212 ἐπιδεικνύντα
473 3144 506 3212 τό
518 3147 678 3232 μυστήριον
689 3146 801 3216 τούτων
811 3154 871 3212 τοῖν
882 3147 1021 3214 Αίοῖυαν·
1037 3147 1107 3214 α’λλιί
1119 3151 1173 3215 καλ
1184 3149 1233 3214 έπλ
1244 3155 1298 3231 τῆς
1310 3175 1401 3235 παρα-

258 3255 348 3332 βολῆς
366 3255 467 3314 ιθεοῖν
480 3252 522 3326 είς
535 3247 587 3314 τόν
602 3248 757 3333 ύμπελοῖνα
770 3252 962 3333 πεμπομένων
979 3253 1107 3337 έργατοῖν
1121 3273 1196 3330 φασι
1211 3249 1400 3336 φανερώτατα

258 3349 329 3427 τούς
349 3349 507 3436 τριάκοντα
529 3350 653 3426 τούτους
672 3355 793 3429 Αίιῖνας
814 3350 1009 3436 μεμηνύσθακ
1055 3355 1229 3435 Πέμπονται
1249 3351 1305 3440 γιλρ
1330 3353 1403 3416 14οἱ

260 3454 314 3536 μέν
330 3455 397 3535 περὶ
412 3453 533 3539 πρώτην
550 3454 645 3541 όόραν,
672 3461 705 3502 1⁶
716 3458 747 3521 ολ
763 3456 795 3520 δέ
812 3456 879 3539 περί
895 3459 1009 3540 τρίτην,
1031 3458 1062 3520 οί
1077 3457 1109 3520 δέ
1122 3458 1190 3540 περὶ
1205 3457 1307 3537 ἕκτην,
1331 3459 1362 3520 οί
1372 3452 1402 3518 δὲ

260 3559 328 3643 περὶ
346 3555 465 3638 ένότην,
488 3554 569 3621 ἄλλοι
585 3557 697 3642 διέπερλ
713 3554 874 3640 ἑνδεκάτην.
918 3559 1131 3640 Συντιθέμεναι
1149 3549 1204 3624 οὖν
1221 3560 1254 3621 αί
1268 3580 1401 3642 προειρη-

261 3660 346 3740 μέναι
361 3650 437 3744 οόραι
452 3661 493 3734 εἷς
508 3656 614 3734 ἕανιιίς
627 3658 680 3724 τόν
695 3666 754 3725 τοῖν
767 3658 923 3743 τριάκοντα
939 3657 1070 3745 ἀριθμόν
1085 3657 1293 3745 όναττληρούσι
1337 3661 1403 3724 Μία

260 3759 317 3846 γόρ
333 3763 384 3826 καί
398 3768 475 3845 τρεῖς
491 3761 542 3826 καὶ
553 3764 586 3837 ἓξ
600 3762 650 3826 καί
666 3763 750 3826 έννέοι
764 3763 815 3826 καὶ
830 3765 933 3828 ἕνδεκα
946 3761 1100 3849 τριάκοντα
1115 3768 1255 3848 γίνονται.
1299 3759 1356 3826 Διό
1370 3759 1402 3822 δὲ

260 3870 318 3928 τοῖν
340 3860 425 3949 ύροῖν
445 3860 517 3938 τούς
534 3865 653 3939 Λίοῖνας
670 3862 859 3946 μεμηνύσθαι
873 3867 1001 3931 θέλουσι.
1047 3864 1107 3930 Καὶ
1122 3861 1202 3930 ταῦτ’
1217 3860 1292 3930 εἶναι
1306 3861 1341 3928 τοί
1355 3885 1402 3942 με·

262 3963 335 4048 γόλα
350 3968 402 4030 καὶ
416 3963 576 4047 θαυμαστοί
593 3967 644 4030 καί
659 3962 812 4050 ἆπόρρητα
829 3965 987 4052 μυστήρια,
1017 3967 1038 4030 δ
1056 3973 1297 4054 καρποφοροῦσιν
1311 3961 1403 4040 αύτοὶ,

259 4071 310 4131 καί
325 4071 354 4130 εί
365 4065 425 4133 πού
440 4093 467 4131 τι
481 4074 539 4131 τοῖν
553 4068 584 4132 ἐν
598 4065 706 4149 πλήθει
718 4069 878 4152 εἰρημένων
894 4072 926 4135 ἐν
940 4079 1004 4146 ταῖς
1016 4077 1143 4156 γραφαῖς
1158 4073 1301 4152 δυνηθείη
1317 4091 1402 4150 προς·

260 4166 389 4253 αρμόσαι
410 4171 459 4234 καὶ
482 4168 596 4234 είκόσαι
617 4176 659 4257 τῷ
681 4169 826 4252 πλάσματι
847 4168 952 4237 αύτοῖν.

292 4305 316 4358 7.
333 4305 362 4362 δέ
377 4309 427 4358 eod.
441 4310 495 4359 Vm.
519 4311 548 4359 El
562 4311 651 4360 ίττνιοττ·
663 4312 759 4372 interpr.
773 4313 816 4361 λια-
882 4311 907 4363 8.
925 4309 1079 4377 καλουμένην
1096 4314 1147 4362 eod.
1160 4314 1214 4362 Vm·
1251 4305 1402 4377 καλωμίνθὶ

258 4379 293 4424 bet
308 4375 343 4424 De
354 4377 425 4442 Logo
439 4387 522 4426 autem
537 4386 563 4426 et
575 4377 626 4427 Ζοε
640 4376 752 4428 emissum
766 4384 815 4430 τελλ.
849 4382 932 4443 ττίίηυί
949 4381 1016 4441 libri,
1033 4381 1147 4430 τοσοδοοτ.

262 4444 334 4505 Υνίρο
351 4449 415 4494 mut
432 4442 476 4510 δή.
884 4445 909 4499 9.
925 4445 1071 4516 προβάλλειν
1088 4450 1140 4498 cod.
1160 4449 1213 4498 λεια

514 4533 521 4544 ¹
886 4516 925 4568 10.
943 4513 1037 4583 βύθυος
1052 4518 1103 4567 cod.
1121 4518 1174 4566 Vm.
