3008 4996
338 313 472 364 ruutuu
489 311 552 368 uro.
564 313 582 362 r.
601 311 681 364 rom,
695 313 725 364 u.
741 313 945 366 uuusxxrr.
1154 297 1212 366 188

86 435 143 492 Erit
155 443 285 512 tuaquom
302 435 409 512 lienum
425 435 500 513 quod
509 435 666 512 plantatam
684 443 725 494 est
737 454 817 500 secas
826 436 961 496 termam
976 453 1121 514 equorum,
1139 435 1214 512 pund
1223 439 1360 498 enatans.

83 535 195 610 fructum
211 553 292 596 saum
306 535 384 598 dabit
406 539 435 596 r'n
450 545 571 614 tempore
585 555 648 596 suo.
693 533 788 618 Atque
804 533 834 599 io
852 535 977 618 eoquod
995 533 1134 619 seriptum
1155 544 1212 612 est,

86 637 163 694 Seeus
172 639 307 696 decursas
320 637 467 716 spaeram,
486 635 608 698 indicari
622 634 676 698 uiri
695 635 856 699 foeditatem
869 638 1011 699 asseruit:
1035 637 1111 705 istud
1128 655 1211 712 sero,

84 739 154 812 Quod
166 739 294 818 fruetus
309 759 389 802 suum
403 738 484 802 noar
496 741 525 798 ia
540 748 661 817 onporo
676 759 736 810 sao,
760 736 916 822 voluptatis
933 737 1132 806 demonstrare
1148 759 1212 824 pro·

84 835 193 900 luviem.
238 835 316 902 Nero
335 839 409 922 qood
424 838 551 905 additum
567 849 630 920 eet,
658 841 807 921 ursatum
826 841 886 902 ebs
902 861 958 902 non
973 843 1091 922 defluet,
1116 850 1174 907 tum
1197 861 1214 902 a

83 937 169 1016 nobis,
186 937 332 1022 inquiunt,
350 939 509 1024 perliaitoe,
533 959 597 1005 oum
613 939 644 1006 io
661 949 766 1005 terram
783 939 917 1008 deridere
934 961 991 1006 nou
1008 941 1142 1024 petimur,
1163 944 1214 1008 sed

83 1038 189 1122 ipsimet
210 1040 280 1106 illud
302 1039 490 1110 absumimus.

156 1143 202 1206 Ae
218 1163 255 1206 oe
271 1143 391 1226 prolatis
404 1142 519 1210 illorum
534 1142 708 1210 testimoniis
724 1143 787 1230 plus
801 1141 965 1208 detrimenti
981 1163 1065 1227 qoem
1082 1142 1214 1210 utilitatis
1233 1155 1291 1223 esp.
1305 1155 1352 1204 tx.

84 1242 222 1323 adieram,
254 1244 363 1308 ideireo
381 1245 518 1329 pleraque
538 1245 655 1314 silentio
677 1244 914 1329 praetermittere.
958 1245 1096 1329 Alioquin
1118 1243 1214 1310 omnia

86 1365 151 1425 quae
171 1346 206 1410 sb
231 1345 288 1410 illis
306 1345 439 1412 diruatur
461 1345 516 1412 boo
541 1346 606 1412 loeo
625 1346 799 1432 expliesndo
824 1367 1092 1414 commemorarem.
1135 1343 1212 1410 Nam

86 1447 152 1526 quod
167 1447 197 1510 iu
212 1448 356 1532 seriptum
369 1446 491 1531 legimus
509 1445 613 1514 uuest
631 1449 780 1514 roncinum
797 1448 826 1512 in
844 1450 970 1514 fenestra
988 1447 1133 1532 posuisse,
1152 1465 1209 1510 non
1236 1463 1337 1508 rosbes

86 1549 223 1612 onesinum
241 1559 317 1626 erat,
340 1547 486 1632 inquiunt,
509 1551 560 1614 esd
580 1549 720 1614 muliebre
739 1550 917 1634 pudendum,
940 1548 970 1612 iu
988 1570 1044 1633 quo
1059 1549 1214 1613 ooeoineos

86 1648 160 1712 eolnr
173 1661 352 1717 menstruum
369 1652 539 1736 sanguinem
557 1649 713 1736 signifieat.
747 1649 825 1734 Quin
843 1650 931 1716 etiem
945 1651 1047 1718 eodem
1063 1649 1132 1714 illud
1150 1669 1215 1733 spe·

86 1759 155 1812 etat:
178 1754 246 1814 uite
261 1773 362 1832 epaon
378 1757 412 1814 de
429 1757 485 1816 rob
500 1759 584 1818 orsu.
627 1749 777 1836 Siquidem
792 1752 912 1816 interire
929 1773 1059 1832 earnem,
1083 1771 1137 1816 use
1158 1769 1319 1826 exorrens,
1330 1769 1360 1813 us.

86 1851 161 1914 uitari
182 1855 276 1920 denuo
298 1854 483 1937 praedicent,
508 1875 628 1938 eantque
650 1855 685 1920 ad
701 1851 866 1938 Principe·
883 1854 1040 1939 pertinere.
1077 1849 1144 1916 Vim
1162 1873 1214 1916 so-

87 1962 140 2014 tem
159 1953 252 2032 illem,
277 1975 352 2038 quae
372 1955 402 2018 iu
425 1957 581 2022 menstruis
603 1966 649 2022 est
668 1977 703 2020 so
724 1955 853 2035 senine,
877 1955 1000 2022 enimam
1023 1973 1106 2031 esse,
1130 1973 1213 2037 quem

86 2055 227 2122 eotleetam
249 2057 439 2124 eomedimus.
482 2055 568 2124 Unde
589 2079 653 2122 eorm
676 2058 811 2122 cornibus
828 2067 878 2122 unt
893 2057 1037 2133 oleribus,
1061 2065 1111 2120 aut
1127 2073 1214 2139 pane,

86 2166 131 2216 sut
150 2159 205 2221 alio
227 2157 361 2242 quopiam
384 2159 548 2236 veeoirnor,
573 2160 646 2222 bene
669 2161 705 2223 de
726 2161 832 2224 orestis
853 2159 941 2224 robus
963 2177 1125 2232 meremur,
1148 2155 1213 2218 dum

87 2277 121 2320 es
142 2259 183 2322 lris
204 2252 339 2326 umoribus
365 2261 488 2328 animam
516 2282 705 2345 oonrognmua
732 2283 767 2326 ae
789 2261 938 2328 nobiseum
960 2261 990 2324 iu
1012 2260 1123 2328 ooelam
1145 2279 1215 2324 eve·

87 2357 183 2424 trimus.
227 2359 356 2446 ideoque
378 2381 487 2444 geuene
506 2364 584 2426 omni
606 2363 734 2430 earnium
752 2374 888 2440 utuntur,
912 2372 944 2426 ut
960 2361 1094 2444 generis,
1119 2361 1212 2438 aium,

86 2462 169 2525 nostri
184 2463 387 2529 misereamur.
430 2461 587 2530 Caeterum
610 2465 731 2528 eeudem
756 2466 854 2530 inesse
873 2475 975 2549 putant
991 2463 1164 2528 animalibus
1185 2473 1215 2524 et

84 2561 179 2628 bestiis
202 2577 234 2628 et
256 2565 384 2650 pise-ibus
410 2585 445 2628 eo
474 2565 657 2650 serpentibus
679 2565 819 2644 animane,
850 2587 924 2648 quoe
949 2563 1111 2628 ltonuinibus
1132 2563 1212 2638 insit,

83 2682 203 2730 tierneo
221 2676 252 2730 et
269 2666 397 2732 oleribus
418 2677 448 2730 et
462 2666 616 2732 arboribus
633 2687 668 2732 eo
682 2666 861 2751 germinibus
877 2667 1015 2730 inlusum.
1059 2662 1120 2730 len
1143 2685 1214 2730 vero

81 2868 190 2933 anobis
208 2868 354 2954 explicate
370 2881 449 2947 suot,
474 2865 646 2934 CCCLXV
665 2870 828 2934 nominibus
843 2871 1022 2947 sosoritano,
1046 2867 1212 2954 queol’riu·

81 2967 170 3051 oipurn
186 2991 252 3034 esse
271 2970 389 3055 proprio
406 2972 655 3037 commenti-sunt.
696 2969 739 3036 tu
758 2972 934 3038 mulioreulis
952 2973 1117 3050 illudentes,
1142 2977 1214 3036 coe·

77 3076 193 3148 gmdere
211 3093 333 3146 meeum,
361 3072 512 3156 inquiunt,
531 3061 573 3136 'ut
596 3085 623 3135 te
646 3079 684 3136 od
700 3079 855 3156 Prriasm
872 3080 1033 3156 perdocent.
1079 3071 1154 3140 Tum
1178 3075 1212 3138 ad

79 3171 205 3255 singulos
222 3174 317 3238 eoitos
332 3172 486 3240 barbarum
499 3173 613 3260 eliquod
630 3175 715 3240 unius
730 3197 769 3242 ex
790 3175 847 3240 illis
864 3197 968 3240 nomeu
989 3188 1098 3240 temere
1119 3175 1155 3242 ab
1177 3173 1213 3238 iis

78 3276 272 3358 eseogitstom
292 3277 500 3360 pronuuoiant,
529 3297 562 3344 eo
581 3277 713 3344 niurirtnu
730 3277 783 3342 beo
806 3279 929 3342 formula
947 3289 1118 3364 precentor:
1153 3279 1216 3338 libr·

76 3377 116 3436 Ν.
137 3379 296 3459 findens,
321 3391 354 3440 ot
367 3382 407 3440 Ν.
424 3384 544 3442 medeam
561 3382 676 3464 efferm.
723 3376 794 3444 lnde
810 3379 866 3446 olio
885 3401 988 3444 rursus
1005 3379 1034 3442 in
1052 3397 1213 3462 congressu

76 3473 161 3540 elteri
176 3499 208 3542 se
229 3479 336 3542 ollerre
354 3481 536 3564 presedisset,
560 3493 591 3546 ut
606 3491 635 3546 et
652 3481 677 3546 is
693 3481 776 3544 alteri
795 3492 1008 3566 repraesentet.
1053 3479 1098 3544 lte
1120 3481 1212 3544 donee

74 3597 129 3660 per
143 3575 315 3646 CCCLXV
330 3581 456 3646 libidinis
480 3601 513 3646 ao
531 3583 667 3646 lesoiviae
684 3583 790 3666 gradus
805 3582 1006 3662 amandorum,
1029 3583 1075 3646 vel
1091 3582 1212 3646 deseen-

72 3679 172 3742 deriut
189 3682 302 3766 potius,
331 3683 445 3766 quoties
465 3681 611 3748 Venerem
632 3694 784 3768 repetunt,
808 3684 948 3748 eiusmodi
970 3683 1082 3766 eliquuod
1106 3703 1211 3748 nomeu

70 3781 230 3866 appellent.
275 3781 348 3849 lude
365 3805 417 3870 per
436 3785 535 3852 endem
557 3785 605 3848 ille
623 3784 805 3870 turpitudinis
826 3785 951 3868 vestigia
969 3787 1154 3863 relabuntur,
1178 3803 1212 3848 eo

69 3881 279 3948 circumsutis
301 3907 318 3948 o
342 3907 374 3950 se
398 3885 576 3952 mulierculis
601 3887 734 3950 illudunt.
778 3883 935 3971 Postquain
961 3901 1056 3952 autem
1081 3885 1213 3950 iterando

67 3986 190 4068 saepius
213 3987 386 4066 consubito,
417 4009 451 4053 ao
477 3987 551 4050 dotis
575 3987 631 4054 illis
659 3987 822 4054 nominibus
843 3991 1008 4074 repetendis
1033 3983 1212 4055 DCCXXX

66 4107 223 4152 numerum
242 4087 415 4172 implerunt,
446 4088 582 4175 deinceps
603 4089 650 4173 qui
677 4089 705 4154 id
731 4092 842 4174 egerit,
876 4092 968 4176 polam
990 4094 1025 4156 de
1049 4112 1082 4156 se
1100 4089 1212 4175 preedi-

96 4273 123 4324 3.
143 4272 213 4340 φησὶ
230 4277 298 4326 meo.
316 4277 388 4356 Votis.
404 4282 425 4324 et
440 4279 534 4358 thedr'p.
691 4273 717 4357 6.
734 4277 912 4344 πεπλασμένων
928 4283 977 4330 eod.
993 4281 1064 4328 l'otir.
1083 4281 1172 4342 Reliqui
1185 4281 1212 4328 li-

95 4339 120 4392 4.
141 4339 212 4408 φησὶ
227 4345 294 4392 codd.
313 4345 422 4394 Vnonet
443 4347 540 4406 Rtudrp.
661 4345 911 4411 discessissem.

93 4411 119 4460 ὁ.
139 4406 176 4462 τὰ
194 4411 290 4476 (repone
303 4409 361 4477 τὰς)
377 4410 426 4478 τῆς
440 4415 490 4464 rod.
504 4415 576 4463 Vetto.
