<?xml version="1.0" encoding="UTF-8"?>
<!DOCTYPE html PUBLIC "-//W3C//DTD XHTML 1.0 Transitional//EN"
    "http://www.w3.org/TR/xhtml1/DTD/xhtml1-transitional.dtd">
<html xmlns="http://www.w3.org/1999/xhtml" xml:lang="en" lang="en">
 <head>
  <title>
</title>
<meta http-equiv="Content-Type" content="text/html;charset=utf-8" />
  <meta name='ocr-system' content='tesseract 3.04.00' />
  <meta name='ocr-capabilities' content='ocr_page ocr_carea ocr_par ocr_line ocrx_word'/>
</head>
<body>
  <div class='ocr_page' id='page_1' title='image "./corporishaerese03oehlgoog_0288.png"; bbox 0 0 3008 4996; ppageno 0'>
   <div class='ocr_carea' id='block_1_1' title="bbox 347 254 1216 320">
    <p class='ocr_par' dir='ltr' id='par_1_1' title="bbox 347 254 1216 320">
     <span class='ocr_line' id='line_1_1' title="bbox 347 254 1216 320; baseline -0.002 -2"><span class='ocrx_word' id='word_1_1' title='bbox 347 265 481 318; x_wconf 70' lang='lat' dir='ltr'>ruhault</span> <span class='ocrx_word' id='word_1_2' title='bbox 499 265 562 316; x_wconf 76' lang='lat' dir='ltr'>tte.</span> <span class='ocrx_word' id='word_1_3' title='bbox 575 267 594 317; x_wconf 90' lang='lat' dir='ltr'>l.</span> <span class='ocrx_word' id='word_1_4' title='bbox 610 265 691 318; x_wconf 77' lang='lat' dir='ltr'>Tota</span> <span class='ocrx_word' id='word_1_5' title='bbox 705 265 737 318; x_wconf 89' lang='lat' dir='ltr'>tt.</span> <span class='ocrx_word' id='word_1_6' title='bbox 753 265 951 320; x_wconf 66' lang='lat' dir='ltr'>tranunt.</span> <span class='ocrx_word' id='word_1_7' title='bbox 1160 254 1216 316; x_wconf 78' lang='grc'>271</span> 
     </span>
    </p>
   </div>
   <div class='ocr_carea' id='block_1_2' title="bbox 67 381 1503 4323">
    <p class='ocr_par' dir='ltr' id='par_1_2' title="bbox 79 381 1220 774">
     <span class='ocr_line' id='line_1_2' title="bbox 80 381 1220 470; baseline 0 -20"><span class='ocrx_word' id='word_1_8' title='bbox 80 383 258 450; x_wconf 83' lang='lat' dir='ltr'>Ossaeorum</span> <span class='ocrx_word' id='word_1_9' title='bbox 273 384 389 448; x_wconf 88' lang='lat' dir='ltr'>haeresi</span> <span class='ocrx_word' id='word_1_10' title='bbox 406 385 464 447; x_wconf 87' lang='lat' dir='ltr'>iam</span> <span class='ocrx_word' id='word_1_11' title='bbox 486 394 554 448; x_wconf 88' lang='lat' dir='ltr'>aute</span> <span class='ocrx_word' id='word_1_12' title='bbox 572 383 792 469; x_wconf 81' lang='lat' dir='ltr'><strong>disputavimus.</strong></span> <span class='ocrx_word' id='word_1_13' title='bbox 837 381 877 446; x_wconf 79' lang='lat' dir='ltr'>llt</span> <span class='ocrx_word' id='word_1_14' title='bbox 891 403 967 448; x_wconf 89' lang='lat' dir='ltr'>nune</span> <span class='ocrx_word' id='word_1_15' title='bbox 986 383 1081 448; x_wconf 87' lang='lat' dir='ltr'>ohiter</span> <span class='ocrx_word' id='word_1_16' title='bbox 1096 403 1132 448; x_wconf 86' lang='lat' dir='ltr'>ea</span> <span class='ocrx_word' id='word_1_17' title='bbox 1154 405 1220 470; x_wconf 84' lang='lat' dir='ltr'>per·</span> 
     </span>
     <span class='ocr_line' id='line_1_3' title="bbox 79 485 1220 572; baseline 0.003 -24"><span class='ocrx_word' id='word_1_18' title='bbox 79 485 266 564; x_wconf 72' lang='lat' dir='ltr'>strinximus,</span> <span class='ocrx_word' id='word_1_19' title='bbox 291 507 327 549; x_wconf 91' lang='lat' dir='ltr'>ne</span> <span class='ocrx_word' id='word_1_20' title='bbox 346 488 421 570; x_wconf 91' lang='lat' dir='ltr'>quod</span> <span class='ocrx_word' id='word_1_21' title='bbox 443 507 532 570; x_wconf 86' lang='lat' dir='ltr'>penes</span> <span class='ocrx_word' id='word_1_22' title='bbox 550 505 780 570; x_wconf 74' lang='lat' dir='ltr'>unamquamque</span> <span class='ocrx_word' id='word_1_23' title='bbox 798 486 944 548; x_wconf 89' lang='lat' dir='ltr'>nationem</span> <span class='ocrx_word' id='word_1_24' title='bbox 960 507 995 548; x_wconf 90' lang='lat' dir='ltr'>ue</span> <span class='ocrx_word' id='word_1_25' title='bbox 1009 497 1119 549; x_wconf 82' lang='lat' dir='ltr'>suetum</span> <span class='ocrx_word' id='word_1_26' title='bbox 1136 508 1220 572; x_wconf 81' lang='lat' dir='ltr'>repe-</span> 
     </span>
     <span class='ocr_line' id='line_1_4' title="bbox 79 587 1220 672; baseline 0.004 -22"><span class='ocrx_word' id='word_1_27' title='bbox 79 589 166 667; x_wconf 91' lang='lat' dir='ltr'>ritur,</span> <span class='ocrx_word' id='word_1_28' title='bbox 198 588 226 650; x_wconf 92' lang='lat' dir='ltr'>id</span> <span class='ocrx_word' id='word_1_29' title='bbox 247 588 272 650; x_wconf 91' lang='lat' dir='ltr'>si</span> <span class='ocrx_word' id='word_1_30' title='bbox 294 589 323 651; x_wconf 90' lang='lat' dir='ltr'>iu</span> <span class='ocrx_word' id='word_1_31' title='bbox 338 587 403 650; x_wconf 86' lang='lat' dir='ltr'>eliis</span> <span class='ocrx_word' id='word_1_32' title='bbox 421 609 535 672; x_wconf 90' lang='lat' dir='ltr'>quoque</span> <span class='ocrx_word' id='word_1_33' title='bbox 556 597 744 664; x_wconf 82' lang='lat' dir='ltr'>uetueretur,</span> <span class='ocrx_word' id='word_1_34' title='bbox 774 587 871 650; x_wconf 85' lang='lat' dir='ltr'>alienu</span> <span class='ocrx_word' id='word_1_35' title='bbox 893 589 958 650; x_wconf 89' lang='lat' dir='ltr'>loen</span> <span class='ocrx_word' id='word_1_36' title='bbox 974 608 1027 671; x_wconf 83' lang='lat' dir='ltr'>per</span> <span class='ocrx_word' id='word_1_37' title='bbox 1044 587 1220 654; x_wconf 86' lang='lat' dir='ltr'>obliuionem</span> 
     </span>
     <span class='ocr_line' id='line_1_5' title="bbox 79 700 484 774; baseline -0.002 -22"><span class='ocrx_word' id='word_1_38' title='bbox 79 700 332 753; x_wconf 80' lang='lat' dir='ltr'>commemoratum</span> <span class='ocrx_word' id='word_1_39' title='bbox 355 701 484 774; x_wconf 86' lang='lat' dir='ltr'>putares.</span> 
     </span>
    </p>

    <p class='ocr_par' dir='ltr' id='par_1_3' title="bbox 67 787 1503 4323">
     <span class='ocr_line' id='line_1_6' title="bbox 159 787 1320 876; baseline 0.002 -20"><span class='ocrx_word' id='word_1_40' title='bbox 159 789 240 876; x_wconf 81' lang='lat' dir='ltr'>Ergo</span> <span class='ocrx_word' id='word_1_41' title='bbox 259 789 352 855; x_wconf 81' lang='lat' dir='ltr'>[dhion</span> <span class='ocrx_word' id='word_1_42' title='bbox 378 789 492 853; x_wconf 88' lang='lat' dir='ltr'>tametsi</span> <span class='ocrx_word' id='word_1_43' title='bbox 514 789 543 852; x_wconf 92' lang='lat' dir='ltr'>in</span> <span class='ocrx_word' id='word_1_44' title='bbox 560 788 633 852; x_wconf 83' lang='lat' dir='ltr'>Asia</span> <span class='ocrx_word' id='word_1_45' title='bbox 650 811 684 854; x_wconf 86' lang='lat' dir='ltr'>ae</span> <span class='ocrx_word' id='word_1_46' title='bbox 701 787 813 853; x_wconf 81' lang='lat' dir='ltr'>Romae</span> <span class='ocrx_word' id='word_1_47' title='bbox 833 809 964 852; x_wconf 87' lang='lat' dir='ltr'>errorem</span> <span class='ocrx_word' id='word_1_48' title='bbox 984 811 1067 854; x_wconf 86' lang='lat' dir='ltr'>suum</span> <span class='ocrx_word' id='word_1_49' title='bbox 1086 790 1218 856; x_wconf 88' lang='lat' dir='ltr'>dissemi·</span> <span class='ocrx_word' id='word_1_50' title='bbox 1260 803 1320 875; x_wconf 81' lang='lat' dir='ltr'>cap.</span> 
     </span>
     <span class='ocr_line' id='line_1_7' title="bbox 79 873 1503 978; baseline 0.003 -22"><span class='ocrx_word' id='word_1_51' title='bbox 79 892 210 972; x_wconf 80' lang='lat' dir='ltr'>ueretit,</span> <span class='ocrx_word' id='word_1_52' title='bbox 233 891 418 956; x_wconf 89' lang='lat' dir='ltr'>nihilomiuus</span> <span class='ocrx_word' id='word_1_53' title='bbox 435 892 618 976; x_wconf 77' lang='lat' dir='ltr'>spinosorum</span> <span class='ocrx_word' id='word_1_54' title='bbox 634 911 752 954; x_wconf 90' lang='lat' dir='ltr'>suorum</span> <span class='ocrx_word' id='word_1_55' title='bbox 771 891 933 976; x_wconf 81' lang='lat' dir='ltr'>germinum</span> <span class='ocrx_word' id='word_1_56' title='bbox 950 893 1154 978; x_wconf 86' lang='lat' dir='ltr'>stuluuumque</span> <span class='ocrx_word' id='word_1_57' title='bbox 1171 915 1220 958; x_wconf 91' lang='lat' dir='ltr'>ru·</span> <span class='ocrx_word' id='word_1_58' title='bbox 1252 873 1346 929; x_wconf 81' lang='lat' dir='ltr'><strong>thtt.</strong></span> <span class='ocrx_word' id='word_1_59' title='bbox 1364 953 1367 959; x_wconf 94' lang='lat'><em>.</em></span> <span class='ocrx_word' id='word_1_60' title='bbox 1502 957 1503 960; x_wconf 74' lang='grc'>,</span> 
     </span>
     <span class='ocr_line' id='line_1_8' title="bbox 78 991 1221 1076; baseline 0.002 -18"><span class='ocrx_word' id='word_1_61' title='bbox 78 995 156 1058; x_wconf 84' lang='lat' dir='ltr'>diues</span> <span class='ocrx_word' id='word_1_62' title='bbox 180 1015 220 1057; x_wconf 86' lang='lat' dir='ltr'>ex</span> <span class='ocrx_word' id='word_1_63' title='bbox 238 991 411 1058; x_wconf 86' lang='lat' dir='ltr'>Nabathaee</span> <span class='ocrx_word' id='word_1_64' title='bbox 434 1004 522 1076; x_wconf 86' lang='lat' dir='ltr'>atque</span> <span class='ocrx_word' id='word_1_65' title='bbox 542 991 679 1055; x_wconf 77' lang='lat' dir='ltr'>Peneide</span> <span class='ocrx_word' id='word_1_66' title='bbox 700 993 881 1075; x_wconf 86' lang='lat' dir='ltr'>potissimum</span> <span class='ocrx_word' id='word_1_67' title='bbox 900 992 1003 1070; x_wconf 88' lang='lat' dir='ltr'>trahit,</span> <span class='ocrx_word' id='word_1_68' title='bbox 1036 1014 1091 1056; x_wconf 86' lang='lat' dir='ltr'>aee</span> <span class='ocrx_word' id='word_1_69' title='bbox 1110 1017 1167 1060; x_wconf 90' lang='lat' dir='ltr'>uua</span> <span class='ocrx_word' id='word_1_70' title='bbox 1190 1008 1221 1060; x_wconf 84' lang='lat' dir='ltr'>et</span> 
     </span>
     <span class='ocr_line' id='line_1_9' title="bbox 77 1091 1218 1179; baseline 0.003 -21"><span class='ocrx_word' id='word_1_71' title='bbox 77 1093 237 1159; x_wconf 84' lang='lat' dir='ltr'>Moahitlde</span> <span class='ocrx_word' id='word_1_72' title='bbox 253 1092 472 1179; x_wconf 86' lang='lat' dir='ltr'>Ceehahisque,</span> <span class='ocrx_word' id='word_1_73' title='bbox 496 1095 571 1178; x_wconf 89' lang='lat' dir='ltr'>quod</span> <span class='ocrx_word' id='word_1_74' title='bbox 586 1091 763 1156; x_wconf 85' lang='lat' dir='ltr'>Basartitidis</span> <span class='ocrx_word' id='word_1_75' title='bbox 782 1095 915 1178; x_wconf 85' lang='lat' dir='ltr'>oppidum</span> <span class='ocrx_word' id='word_1_76' title='bbox 930 1105 976 1158; x_wconf 90' lang='lat' dir='ltr'>est</span> <span class='ocrx_word' id='word_1_77' title='bbox 992 1105 1073 1159; x_wconf 82' lang='lat' dir='ltr'>tratas</span> <span class='ocrx_word' id='word_1_78' title='bbox 1089 1097 1218 1179; x_wconf 79' lang='lat' dir='ltr'>Adrasos,</span> 
     </span>
     <span class='ocr_line' id='line_1_10' title="bbox 77 1193 1220 1282; baseline 0.003 -22"><span class='ocrx_word' id='word_1_79' title='bbox 77 1208 105 1260; x_wconf 91' lang='lat' dir='ltr'>et</span> <span class='ocrx_word' id='word_1_80' title='bbox 120 1199 150 1261; x_wconf 90' lang='lat' dir='ltr'>in</span> <span class='ocrx_word' id='word_1_81' title='bbox 166 1198 259 1262; x_wconf 87' lang='lat' dir='ltr'>insula</span> <span class='ocrx_word' id='word_1_82' title='bbox 278 1193 390 1282; x_wconf 74' lang='lat' dir='ltr'>Cypro.</span> <span class='ocrx_word' id='word_1_83' title='bbox 438 1194 492 1258; x_wconf 76' lang='lat' dir='ltr'>list</span> <span class='ocrx_word' id='word_1_84' title='bbox 509 1195 563 1258; x_wconf 89' lang='lat' dir='ltr'>huo</span> <span class='ocrx_word' id='word_1_85' title='bbox 578 1193 634 1257; x_wconf 90' lang='lat' dir='ltr'>illis</span> <span class='ocrx_word' id='word_1_86' title='bbox 648 1193 767 1278; x_wconf 80' lang='lat' dir='ltr'>insuper</span> <span class='ocrx_word' id='word_1_87' title='bbox 784 1195 812 1257; x_wconf 90' lang='lat' dir='ltr'>in</span> <span class='ocrx_word' id='word_1_88' title='bbox 833 1216 914 1258; x_wconf 88' lang='lat' dir='ltr'>mure</span> <span class='ocrx_word' id='word_1_89' title='bbox 935 1196 1076 1280; x_wconf 88' lang='lat' dir='ltr'>positum,</span> <span class='ocrx_word' id='word_1_90' title='bbox 1102 1207 1133 1262; x_wconf 89' lang='lat' dir='ltr'>ut</span> <span class='ocrx_word' id='word_1_91' title='bbox 1150 1200 1220 1262; x_wconf 90' lang='lat' dir='ltr'>ade·</span> 
     </span>
     <span class='ocr_line' id='line_1_11' title="bbox 77 1297 1219 1383; baseline 0.002 -21"><span class='ocrx_word' id='word_1_92' title='bbox 77 1299 252 1362; x_wconf 87' lang='lat' dir='ltr'>lesoeutulos</span> <span class='ocrx_word' id='word_1_93' title='bbox 271 1300 343 1361; x_wconf 86' lang='lat' dir='ltr'>eitra</span> <span class='ocrx_word' id='word_1_94' title='bbox 364 1309 505 1360; x_wconf 86' lang='lat' dir='ltr'>maturam</span> <span class='ocrx_word' id='word_1_95' title='bbox 520 1306 643 1359; x_wconf 83' lang='lat' dir='ltr'>aetatem</span> <span class='ocrx_word' id='word_1_96' title='bbox 660 1297 695 1358; x_wconf 87' lang='lat' dir='ltr'>ad</span> <span class='ocrx_word' id='word_1_97' title='bbox 712 1297 824 1381; x_wconf 84' lang='lat' dir='ltr'>nuptias</span> <span class='ocrx_word' id='word_1_98' title='bbox 841 1297 1025 1382; x_wconf 79' lang='lat' dir='ltr'>compellent,</span> <span class='ocrx_word' id='word_1_99' title='bbox 1048 1299 1132 1383; x_wconf 90' lang='lat' dir='ltr'>idque</span> <span class='ocrx_word' id='word_1_100' title='bbox 1145 1301 1219 1364; x_wconf 87' lang='lat' dir='ltr'>aden</span> 
     </span>
     <span class='ocr_line' id='line_1_12' title="bbox 77 1396 1221 1487; baseline 0.003 -25"><span class='ocrx_word' id='word_1_101' title='bbox 77 1421 94 1462; x_wconf 88' lang='lat' dir='ltr'>a</span> <span class='ocrx_word' id='word_1_102' title='bbox 113 1400 262 1485; x_wconf 76' lang='lat' dir='ltr'>magistris</span> <span class='ocrx_word' id='word_1_103' title='bbox 279 1409 421 1484; x_wconf 76' lang='lat' dir='ltr'><strong>potestate</strong></span> <span class='ocrx_word' id='word_1_104' title='bbox 439 1400 526 1462; x_wconf 88' lang='lat' dir='ltr'>laeta.</span> <span class='ocrx_word' id='word_1_105' title='bbox 572 1396 689 1462; x_wconf 89' lang='lat' dir='ltr'>llabeut</span> <span class='ocrx_word' id='word_1_106' title='bbox 701 1399 776 1460; x_wconf 90' lang='lat' dir='ltr'>enim</span> <span class='ocrx_word' id='word_1_107' title='bbox 791 1399 979 1484; x_wconf 83' lang='lat' dir='ltr'>presbyteros</span> <span class='ocrx_word' id='word_1_108' title='bbox 994 1420 1064 1462; x_wconf 91' lang='lat' dir='ltr'>suus</span> <span class='ocrx_word' id='word_1_109' title='bbox 1079 1421 1113 1463; x_wconf 88' lang='lat' dir='ltr'>en</span> <span class='ocrx_word' id='word_1_110' title='bbox 1131 1421 1221 1487; x_wconf 79' lang='lat' dir='ltr'>syna·</span> 
     </span>
     <span class='ocr_line' id='line_1_13' title="bbox 76 1499 1221 1588; baseline 0.003 -24"><span class='ocrx_word' id='word_1_111' title='bbox 76 1523 170 1586; x_wconf 79' lang='lat' dir='ltr'>gogae</span> <span class='ocrx_word' id='word_1_112' title='bbox 192 1502 349 1588; x_wconf 80' lang='lat' dir='ltr'>prinsipes.</span> <span class='ocrx_word' id='word_1_113' title='bbox 393 1499 472 1564; x_wconf 88' lang='lat' dir='ltr'>Num</span> <span class='ocrx_word' id='word_1_114' title='bbox 498 1521 677 1585; x_wconf 78' lang='lat' dir='ltr'>synatgugam</span> <span class='ocrx_word' id='word_1_115' title='bbox 707 1511 868 1563; x_wconf 81' lang='lat' dir='ltr'>conventus</span> <span class='ocrx_word' id='word_1_116' title='bbox 891 1521 961 1563; x_wconf 89' lang='lat' dir='ltr'>suos</span> <span class='ocrx_word' id='word_1_117' title='bbox 987 1521 1044 1562; x_wconf 88' lang='lat' dir='ltr'>nun</span> <span class='ocrx_word' id='word_1_118' title='bbox 1067 1501 1221 1567; x_wconf 78' lang='lat' dir='ltr'>ecelesiam</span> 
     </span>
     <span class='ocr_line' id='line_1_14' title="bbox 77 1600 1220 1687; baseline 0.003 -21"><span class='ocrx_word' id='word_1_119' title='bbox 77 1603 237 1681; x_wconf 86' lang='lat' dir='ltr'>nominant,</span> <span class='ocrx_word' id='word_1_120' title='bbox 261 1625 296 1666; x_wconf 88' lang='lat' dir='ltr'>ae</span> <span class='ocrx_word' id='word_1_121' title='bbox 310 1600 419 1666; x_wconf 77' lang='lat' dir='ltr'>Christi</span> <span class='ocrx_word' id='word_1_122' title='bbox 436 1603 528 1664; x_wconf 88' lang='lat' dir='ltr'>solum</span> <span class='ocrx_word' id='word_1_123' title='bbox 546 1621 652 1663; x_wconf 90' lang='lat' dir='ltr'>nomeu</span> <span class='ocrx_word' id='word_1_124' title='bbox 667 1621 737 1685; x_wconf 86' lang='lat' dir='ltr'>prae</span> <span class='ocrx_word' id='word_1_125' title='bbox 753 1621 786 1664; x_wconf 92' lang='lat' dir='ltr'>se</span> <span class='ocrx_word' id='word_1_126' title='bbox 807 1603 914 1664; x_wconf 88' lang='lat' dir='ltr'>ierunt.</span> <span class='ocrx_word' id='word_1_127' title='bbox 945 1601 1050 1687; x_wconf 84' lang='lat' dir='ltr'>Neque</span> <span class='ocrx_word' id='word_1_128' title='bbox 1064 1625 1136 1667; x_wconf 87' lang='lat' dir='ltr'>veru</span> <span class='ocrx_word' id='word_1_129' title='bbox 1155 1607 1220 1670; x_wconf 89' lang='lat' dir='ltr'>uuis</span> 
     </span>
     <span class='ocr_line' id='line_1_15' title="bbox 77 1701 1219 1788; baseline 0 -20"><span class='ocrx_word' id='word_1_130' title='bbox 77 1706 221 1768; x_wconf 84' lang='lat' dir='ltr'>duntaxat</span> <span class='ocrx_word' id='word_1_131' title='bbox 239 1705 345 1788; x_wconf 85' lang='lat' dir='ltr'>nuptiis</span> <span class='ocrx_word' id='word_1_132' title='bbox 363 1703 516 1768; x_wconf 83' lang='lat' dir='ltr'>afflrtitotes</span> <span class='ocrx_word' id='word_1_133' title='bbox 535 1701 613 1764; x_wconf 90' lang='lat' dir='ltr'>inter</span> <span class='ocrx_word' id='word_1_134' title='bbox 625 1723 658 1764; x_wconf 91' lang='lat' dir='ltr'>se</span> <span class='ocrx_word' id='word_1_135' title='bbox 672 1704 868 1785; x_wconf 77' lang='lat' dir='ltr'>coniungunt,</span> <span class='ocrx_word' id='word_1_136' title='bbox 892 1705 944 1768; x_wconf 90' lang='lat' dir='ltr'>sed</span> <span class='ocrx_word' id='word_1_137' title='bbox 959 1705 984 1767; x_wconf 90' lang='lat' dir='ltr'>si</span> <span class='ocrx_word' id='word_1_138' title='bbox 999 1705 1045 1767; x_wconf 88' lang='lat' dir='ltr'>eui</span> <span class='ocrx_word' id='word_1_139' title='bbox 1064 1705 1219 1769; x_wconf 84' lang='lat' dir='ltr'>divortium</span> 
     </span>
     <span class='ocr_line' id='line_1_16' title="bbox 78 1803 1220 1892; baseline 0.004 -24"><span class='ocrx_word' id='word_1_140' title='bbox 78 1809 173 1870; x_wconf 86' lang='lat' dir='ltr'>laeere</span> <span class='ocrx_word' id='word_1_141' title='bbox 189 1804 323 1882; x_wconf 76' lang='lat' dir='ltr'>libuerit,</span> <span class='ocrx_word' id='word_1_142' title='bbox 350 1826 383 1868; x_wconf 87' lang='lat' dir='ltr'>ae</span> <span class='ocrx_word' id='word_1_143' title='bbox 399 1825 505 1867; x_wconf 83' lang='lat' dir='ltr'>nouum</span> <span class='ocrx_word' id='word_1_144' title='bbox 523 1803 598 1866; x_wconf 90' lang='lat' dir='ltr'>iuire</span> <span class='ocrx_word' id='word_1_145' title='bbox 617 1803 841 1882; x_wconf 81' lang='lat' dir='ltr'>matrimonium,</span> <span class='ocrx_word' id='word_1_146' title='bbox 865 1807 900 1869; x_wconf 88' lang='lat' dir='ltr'>ed</span> <span class='ocrx_word' id='word_1_147' title='bbox 918 1807 1065 1870; x_wconf 83' lang='lat' dir='ltr'>tertiaeet</span> <span class='ocrx_word' id='word_1_148' title='bbox 1081 1807 1220 1892; x_wconf 81' lang='lat' dir='ltr'>septimas</span> 
     </span>
     <span class='ocr_line' id='line_1_17' title="bbox 78 1903 1218 1992; baseline 0.002 -22"><span class='ocrx_word' id='word_1_149' title='bbox 78 1929 169 1992; x_wconf 90' lang='lat' dir='ltr'>usque</span> <span class='ocrx_word' id='word_1_150' title='bbox 186 1907 300 1992; x_wconf 81' lang='lat' dir='ltr'>nuptias</span> <span class='ocrx_word' id='word_1_151' title='bbox 316 1905 495 1991; x_wconf 86' lang='lat' dir='ltr'>permittunt.</span> <span class='ocrx_word' id='word_1_152' title='bbox 526 1903 650 1988; x_wconf 82' lang='lat' dir='ltr'>Quidvis</span> <span class='ocrx_word' id='word_1_153' title='bbox 665 1904 741 1967; x_wconf 89' lang='lat' dir='ltr'>euim</span> <span class='ocrx_word' id='word_1_154' title='bbox 758 1907 831 1988; x_wconf 86' lang='lat' dir='ltr'>apud</span> <span class='ocrx_word' id='word_1_155' title='bbox 848 1906 914 1968; x_wconf 89' lang='lat' dir='ltr'>illus</span> <span class='ocrx_word' id='word_1_156' title='bbox 931 1927 1020 1990; x_wconf 79' lang='lat' dir='ltr'>agere</span> <span class='ocrx_word' id='word_1_157' title='bbox 1037 1909 1218 1972; x_wconf 88' lang='lat' dir='ltr'>eouueditur.</span> 
     </span>
     <span class='ocr_line' id='line_1_18' title="bbox 77 2003 1222 2092; baseline 0.002 -22"><span class='ocrx_word' id='word_1_158' title='bbox 77 2005 171 2072; x_wconf 88' lang='lat' dir='ltr'>Porro</span> <span class='ocrx_word' id='word_1_159' title='bbox 192 2009 370 2072; x_wconf 82' lang='lat' dir='ltr'>Abraamum</span> <span class='ocrx_word' id='word_1_160' title='bbox 387 2017 417 2069; x_wconf 91' lang='lat' dir='ltr'>et</span> <span class='ocrx_word' id='word_1_161' title='bbox 433 2005 561 2070; x_wconf 79' lang='lat' dir='ltr'>isaacum</span> <span class='ocrx_word' id='word_1_162' title='bbox 581 2029 616 2070; x_wconf 88' lang='lat' dir='ltr'>ae</span> <span class='ocrx_word' id='word_1_163' title='bbox 636 2003 784 2084; x_wconf 88' lang='lat' dir='ltr'>launhum,</span> <span class='ocrx_word' id='word_1_164' title='bbox 807 2019 837 2068; x_wconf 90' lang='lat' dir='ltr'>et</span> <span class='ocrx_word' id='word_1_165' title='bbox 853 2003 998 2092; x_wconf 86' lang='lat' dir='ltr'>Moysen,</span> <span class='ocrx_word' id='word_1_166' title='bbox 1021 2019 1108 2092; x_wconf 89' lang='lat' dir='ltr'>atque</span> <span class='ocrx_word' id='word_1_167' title='bbox 1124 2011 1222 2074; x_wconf 84' lang='lat' dir='ltr'>Aaro-</span> 
     </span>
     <span class='ocr_line' id='line_1_19' title="bbox 77 2105 1221 2192; baseline 0.003 -20"><span class='ocrx_word' id='word_1_168' title='bbox 77 2131 141 2172; x_wconf 86' lang='lat' dir='ltr'>nem</span> <span class='ocrx_word' id='word_1_169' title='bbox 161 2109 333 2186; x_wconf 84' lang='lat' dir='ltr'>admittunt,</span> <span class='ocrx_word' id='word_1_170' title='bbox 358 2129 414 2172; x_wconf 88' lang='lat' dir='ltr'>uua</span> <span class='ocrx_word' id='word_1_171' title='bbox 429 2129 493 2170; x_wconf 89' lang='lat' dir='ltr'>eum</span> <span class='ocrx_word' id='word_1_172' title='bbox 513 2105 595 2187; x_wconf 89' lang='lat' dir='ltr'>lesu,</span> <span class='ocrx_word' id='word_1_173' title='bbox 619 2108 666 2190; x_wconf 92' lang='lat' dir='ltr'>qui</span> <span class='ocrx_word' id='word_1_174' title='bbox 684 2105 800 2192; x_wconf 80' lang='lat' dir='ltr'>Moysis</span> <span class='ocrx_word' id='word_1_175' title='bbox 819 2109 962 2172; x_wconf 85' lang='lat' dir='ltr'>duntaxat</span> <span class='ocrx_word' id='word_1_176' title='bbox 978 2129 1145 2188; x_wconf 87' lang='lat' dir='ltr'>suueessnu,</span> <span class='ocrx_word' id='word_1_177' title='bbox 1169 2131 1221 2175; x_wconf 90' lang='lat' dir='ltr'>ue·</span> 
     </span>
     <span class='ocr_line' id='line_1_20' title="bbox 77 2207 1223 2298; baseline 0 -22"><span class='ocrx_word' id='word_1_178' title='bbox 77 2233 132 2296; x_wconf 89' lang='lat' dir='ltr'>que</span> <span class='ocrx_word' id='word_1_179' title='bbox 150 2211 303 2297; x_wconf 87' lang='lat' dir='ltr'>quiequam</span> <span class='ocrx_word' id='word_1_180' title='bbox 322 2209 443 2294; x_wconf 85' lang='lat' dir='ltr'>amplius</span> <span class='ocrx_word' id='word_1_181' title='bbox 463 2210 560 2274; x_wconf 81' lang='lat' dir='ltr'>luerit.</span> <span class='ocrx_word' id='word_1_182' title='bbox 606 2207 772 2272; x_wconf 75' lang='lat' dir='ltr'>Secundum</span> <span class='ocrx_word' id='word_1_183' title='bbox 791 2209 844 2272; x_wconf 91' lang='lat' dir='ltr'>hus</span> <span class='ocrx_word' id='word_1_184' title='bbox 863 2211 970 2272; x_wconf 88' lang='lat' dir='ltr'>nullum</span> <span class='ocrx_word' id='word_1_185' title='bbox 986 2211 1072 2274; x_wconf 88' lang='lat' dir='ltr'>alium</span> <span class='ocrx_word' id='word_1_186' title='bbox 1094 2233 1133 2275; x_wconf 77' lang='lat' dir='ltr'>es</span> <span class='ocrx_word' id='word_1_187' title='bbox 1154 2233 1223 2298; x_wconf 85' lang='lat' dir='ltr'>pru·</span> 
     </span>
     <span class='ocr_line' id='line_1_21' title="bbox 77 2309 1222 2398; baseline 0.002 -22"><span class='ocrx_word' id='word_1_188' title='bbox 77 2314 170 2397; x_wconf 80' lang='lat' dir='ltr'>phetis</span> <span class='ocrx_word' id='word_1_189' title='bbox 186 2312 364 2390; x_wconf 86' lang='lat' dir='ltr'>edseiseunt,</span> <span class='ocrx_word' id='word_1_190' title='bbox 389 2311 439 2374; x_wconf 91' lang='lat' dir='ltr'>sed</span> <span class='ocrx_word' id='word_1_191' title='bbox 456 2332 519 2374; x_wconf 88' lang='lat' dir='ltr'>oum</span> <span class='ocrx_word' id='word_1_192' title='bbox 536 2309 724 2374; x_wconf 78' lang='lat' dir='ltr'>execratione</span> <span class='ocrx_word' id='word_1_193' title='bbox 742 2311 927 2395; x_wconf 85' lang='lat' dir='ltr'>proserihuut</span> <span class='ocrx_word' id='word_1_194' title='bbox 941 2333 975 2374; x_wconf 89' lang='lat' dir='ltr'>au</span> <span class='ocrx_word' id='word_1_195' title='bbox 989 2313 1133 2392; x_wconf 84' lang='lat' dir='ltr'>desident,</span> <span class='ocrx_word' id='word_1_196' title='bbox 1153 2325 1222 2398; x_wconf 80' lang='lat' dir='ltr'>puta</span> 
     </span>
     <span class='ocr_line' id='line_1_22' title="bbox 79 2409 1221 2496; baseline 0.004 -20"><span class='ocrx_word' id='word_1_197' title='bbox 79 2413 221 2478; x_wconf 86' lang='lat' dir='ltr'>llavideut</span> <span class='ocrx_word' id='word_1_198' title='bbox 240 2424 272 2476; x_wconf 87' lang='lat' dir='ltr'>et</span> <span class='ocrx_word' id='word_1_199' title='bbox 285 2411 471 2477; x_wconf 83' lang='lat' dir='ltr'>Salomonem</span> <span class='ocrx_word' id='word_1_200' title='bbox 489 2423 576 2496; x_wconf 86' lang='lat' dir='ltr'>atque</span> <span class='ocrx_word' id='word_1_201' title='bbox 594 2409 712 2490; x_wconf 82' lang='lat' dir='ltr'>leniam,</span> <span class='ocrx_word' id='word_1_202' title='bbox 739 2411 928 2489; x_wconf 78' lang='lat' dir='ltr'>Hieremiam,</span> <span class='ocrx_word' id='word_1_203' title='bbox 953 2411 1117 2493; x_wconf 82' lang='lat' dir='ltr'>Danielem,</span> <span class='ocrx_word' id='word_1_204' title='bbox 1141 2413 1221 2481; x_wconf 81' lang='lat' dir='ltr'>Eze-</span> 
     </span>
     <span class='ocr_line' id='line_1_23' title="bbox 78 2512 1220 2600; baseline 0.004 -23"><span class='ocrx_word' id='word_1_205' title='bbox 78 2515 220 2594; x_wconf 80' lang='lat' dir='ltr'>chielem,</span> <span class='ocrx_word' id='word_1_206' title='bbox 243 2514 412 2598; x_wconf 75' lang='lat' dir='ltr'>quibusdum</span> <span class='ocrx_word' id='word_1_207' title='bbox 432 2513 525 2577; x_wconf 79' lang='lat' dir='ltr'>liliam</span> <span class='ocrx_word' id='word_1_208' title='bbox 546 2524 632 2598; x_wconf 88' lang='lat' dir='ltr'>atque</span> <span class='ocrx_word' id='word_1_209' title='bbox 649 2512 796 2577; x_wconf 80' lang='lat' dir='ltr'>lllisueum</span> <span class='ocrx_word' id='word_1_210' title='bbox 815 2512 976 2598; x_wconf 86' lang='lat' dir='ltr'>repudiant.</span> <span class='ocrx_word' id='word_1_211' title='bbox 1021 2513 1126 2600; x_wconf 84' lang='lat' dir='ltr'>Neque</span> <span class='ocrx_word' id='word_1_212' title='bbox 1142 2519 1220 2581; x_wconf 89' lang='lat' dir='ltr'>enim</span> 
     </span>
     <span class='ocr_line' id='line_1_24' title="bbox 77 2614 1220 2698; baseline 0.002 -20"><span class='ocrx_word' id='word_1_213' title='bbox 77 2617 192 2680; x_wconf 89' lang='lat' dir='ltr'>illorum</span> <span class='ocrx_word' id='word_1_214' title='bbox 213 2616 360 2680; x_wconf 81' lang='lat' dir='ltr'>sutieiuiis</span> <span class='ocrx_word' id='word_1_215' title='bbox 378 2614 595 2692; x_wconf 88' lang='lat' dir='ltr'>assentiuntur,</span> <span class='ocrx_word' id='word_1_216' title='bbox 624 2618 675 2679; x_wconf 86' lang='lat' dir='ltr'>sed</span> <span class='ocrx_word' id='word_1_217' title='bbox 699 2615 734 2679; x_wconf 90' lang='lat' dir='ltr'>iis</span> <span class='ocrx_word' id='word_1_218' title='bbox 757 2615 1031 2680; x_wconf 77' lang='lat' dir='ltr'>maledicentissima</span> <span class='ocrx_word' id='word_1_219' title='bbox 1048 2618 1220 2698; x_wconf 73' lang='lat' dir='ltr'>tasnatum,</span> 
     </span>
     <span class='ocr_line' id='line_1_25' title="bbox 77 2713 1222 2804; baseline 0.002 -22"><span class='ocrx_word' id='word_1_220' title='bbox 77 2715 129 2782; x_wconf 81' lang='lat' dir='ltr'>se&#39;d</span> <span class='ocrx_word' id='word_1_221' title='bbox 148 2739 244 2804; x_wconf 88' lang='lat' dir='ltr'>neque</span> <span class='ocrx_word' id='word_1_222' title='bbox 263 2717 339 2782; x_wconf 91' lang='lat' dir='ltr'>aliud</span> <span class='ocrx_word' id='word_1_223' title='bbox 364 2727 480 2802; x_wconf 83' lang='lat' dir='ltr'>praeter</span> <span class='ocrx_word' id='word_1_224' title='bbox 500 2717 680 2802; x_wconf 82' lang='lat' dir='ltr'>evangelium</span> <span class='ocrx_word' id='word_1_225' title='bbox 705 2717 860 2802; x_wconf 79' lang='lat' dir='ltr'>recipiunt.</span> <span class='ocrx_word' id='word_1_226' title='bbox 905 2713 990 2798; x_wconf 83' lang='lat' dir='ltr'>Quod</span> <span class='ocrx_word' id='word_1_227' title='bbox 1014 2717 1049 2780; x_wconf 88' lang='lat' dir='ltr'>ad</span> <span class='ocrx_word' id='word_1_228' title='bbox 1072 2715 1222 2784; x_wconf 87' lang='lat' dir='ltr'>Christum</span> 
     </span>
     <span class='ocr_line' id='line_1_26' title="bbox 76 2815 1222 2904; baseline 0.003 -22"><span class='ocrx_word' id='word_1_229' title='bbox 76 2833 207 2904; x_wconf 76' lang='lat' dir='ltr'>speetut,</span> <span class='ocrx_word' id='word_1_230' title='bbox 238 2818 372 2884; x_wconf 82' lang='lat' dir='ltr'>veritatis</span> <span class='ocrx_word' id='word_1_231' title='bbox 396 2819 472 2882; x_wconf 89' lang='lat' dir='ltr'>huno</span> <span class='ocrx_word' id='word_1_232' title='bbox 500 2839 566 2882; x_wconf 90' lang='lat' dir='ltr'>esse</span> <span class='ocrx_word' id='word_1_233' title='bbox 589 2817 755 2903; x_wconf 80' lang='lat' dir='ltr'>prophetam</span> <span class='ocrx_word' id='word_1_234' title='bbox 778 2817 925 2896; x_wconf 85' lang='lat' dir='ltr'>sentiunt,</span> <span class='ocrx_word' id='word_1_235' title='bbox 955 2828 986 2882; x_wconf 89' lang='lat' dir='ltr'>et</span> <span class='ocrx_word' id='word_1_236' title='bbox 1004 2815 1152 2883; x_wconf 85' lang='lat' dir='ltr'>Christum</span> <span class='ocrx_word' id='word_1_237' title='bbox 1175 2823 1222 2885; x_wconf 85' lang='lat' dir='ltr'>dei</span> 
     </span>
     <span class='ocr_line' id='line_1_27' title="bbox 77 2919 1219 3007; baseline 0.003 -24"><span class='ocrx_word' id='word_1_238' title='bbox 77 2922 167 2986; x_wconf 87' lang='lat' dir='ltr'>lilium</span> <span class='ocrx_word' id='word_1_239' title='bbox 184 2922 392 3007; x_wconf 81' lang='lat' dir='ltr'>progressione</span> <span class='ocrx_word' id='word_1_240' title='bbox 410 2922 531 3004; x_wconf 88' lang='lat' dir='ltr'>quadam</span> <span class='ocrx_word' id='word_1_241' title='bbox 548 2919 663 2983; x_wconf 83' lang='lat' dir='ltr'>uirtutis</span> <span class='ocrx_word' id='word_1_242' title='bbox 679 2930 709 2982; x_wconf 92' lang='lat' dir='ltr'>et</span> <span class='ocrx_word' id='word_1_243' title='bbox 725 2919 930 2982; x_wconf 84' lang='lat' dir='ltr'>eortiuuetiune</span> <span class='ocrx_word' id='word_1_244' title='bbox 945 2939 1009 2984; x_wconf 86' lang='lat' dir='ltr'>eum</span> <span class='ocrx_word' id='word_1_245' title='bbox 1028 2921 1082 2984; x_wconf 91' lang='lat' dir='ltr'>deo</span> <span class='ocrx_word' id='word_1_246' title='bbox 1100 2923 1219 3003; x_wconf 83' lang='lat' dir='ltr'>lautum,</span> 
     </span>
     <span class='ocr_line' id='line_1_28' title="bbox 77 3017 1357 3106; baseline 0.002 -20"><span class='ocrx_word' id='word_1_247' title='bbox 77 3035 224 3106; x_wconf 87' lang='lat' dir='ltr'>quatenus</span> <span class='ocrx_word' id='word_1_248' title='bbox 249 3022 285 3085; x_wconf 87' lang='lat' dir='ltr'>ud</span> <span class='ocrx_word' id='word_1_249' title='bbox 306 3021 441 3089; x_wconf 87' lang='lat' dir='ltr'>sublimia</span> <span class='ocrx_word' id='word_1_250' title='bbox 465 3022 660 3105; x_wconf 81' lang='lat' dir='ltr'>coelestiaque</span> <span class='ocrx_word' id='word_1_251' title='bbox 678 3031 835 3104; x_wconf 83' lang='lat' dir='ltr'>proventus</span> <span class='ocrx_word' id='word_1_252' title='bbox 862 3032 919 3084; x_wconf 90' lang='lat' dir='ltr'>est.</span> <span class='ocrx_word' id='word_1_253' title='bbox 963 3019 1126 3106; x_wconf 84' lang='lat' dir='ltr'>Prophetas</span> <span class='ocrx_word' id='word_1_254' title='bbox 1148 3017 1221 3087; x_wconf 83' lang='lat' dir='ltr'>vern</span> <span class='ocrx_word' id='word_1_255' title='bbox 1353 3082 1357 3088; x_wconf 90' lang='lat'>.</span> 
     </span>
     <span class='ocr_line' id='line_1_29' title="bbox 77 3122 1222 3206; baseline 0.003 -21"><span class='ocrx_word' id='word_1_256' title='bbox 77 3145 136 3186; x_wconf 90' lang='lat' dir='ltr'>non</span> <span class='ocrx_word' id='word_1_257' title='bbox 160 3123 313 3200; x_wconf 87' lang='lat' dir='ltr'>veritatis,</span> <span class='ocrx_word' id='word_1_258' title='bbox 344 3124 394 3186; x_wconf 86' lang='lat' dir='ltr'>sed</span> <span class='ocrx_word' id='word_1_259' title='bbox 418 3122 626 3206; x_wconf 85' lang='lat' dir='ltr'>intelligentiae</span> <span class='ocrx_word' id='word_1_260' title='bbox 647 3142 714 3184; x_wconf 87' lang='lat' dir='ltr'>esse</span> <span class='ocrx_word' id='word_1_261' title='bbox 737 3123 893 3206; x_wconf 84' lang='lat' dir='ltr'>prophetas</span> <span class='ocrx_word' id='word_1_262' title='bbox 915 3122 1103 3187; x_wconf 87' lang='lat' dir='ltr'>urhitrautur.</span> <span class='ocrx_word' id='word_1_263' title='bbox 1146 3122 1222 3188; x_wconf 88' lang='lat' dir='ltr'>Prn-</span> 
     </span>
     <span class='ocr_line' id='line_1_30' title="bbox 74 3221 1222 3308; baseline 0.003 -22"><span class='ocrx_word' id='word_1_264' title='bbox 74 3223 146 3288; x_wconf 86' lang='lat' dir='ltr'>iude</span> <span class='ocrx_word' id='word_1_265' title='bbox 163 3223 260 3290; x_wconf 87' lang='lat' dir='ltr'>lesum</span> <span class='ocrx_word' id='word_1_266' title='bbox 279 3225 373 3288; x_wconf 89' lang='lat' dir='ltr'>solum</span> <span class='ocrx_word' id='word_1_267' title='bbox 395 3224 561 3307; x_wconf 84' lang='lat' dir='ltr'>prophetam</span> <span class='ocrx_word' id='word_1_268' title='bbox 581 3233 611 3286; x_wconf 90' lang='lat' dir='ltr'>et</span> <span class='ocrx_word' id='word_1_269' title='bbox 627 3221 789 3300; x_wconf 75' lang='lat' dir='ltr'>honinem,</span> <span class='ocrx_word' id='word_1_270' title='bbox 813 3225 916 3308; x_wconf 88' lang='lat' dir='ltr'>deique</span> <span class='ocrx_word' id='word_1_271' title='bbox 934 3223 1021 3287; x_wconf 87' lang='lat' dir='ltr'>lilium</span> <span class='ocrx_word' id='word_1_272' title='bbox 1045 3243 1129 3303; x_wconf 89' lang='lat' dir='ltr'>esse,</span> <span class='ocrx_word' id='word_1_273' title='bbox 1153 3227 1222 3290; x_wconf 88' lang='lat' dir='ltr'>lieet</span> 
     </span>
     <span class='ocr_line' id='line_1_31' title="bbox 75 3323 1222 3408; baseline 0.003 -20"><span class='ocrx_word' id='word_1_274' title='bbox 75 3347 178 3390; x_wconf 89' lang='lat' dir='ltr'>merus</span> <span class='ocrx_word' id='word_1_275' title='bbox 197 3327 285 3390; x_wconf 90' lang='lat' dir='ltr'>homo</span> <span class='ocrx_word' id='word_1_276' title='bbox 308 3327 361 3403; x_wconf 89' lang='lat' dir='ltr'>sit,</span> <span class='ocrx_word' id='word_1_277' title='bbox 391 3327 502 3388; x_wconf 91' lang='lat' dir='ltr'>utiam</span> <span class='ocrx_word' id='word_1_278' title='bbox 526 3324 663 3388; x_wconf 83' lang='lat' dir='ltr'>diximus.</span> <span class='ocrx_word' id='word_1_279' title='bbox 709 3323 768 3408; x_wconf 82' lang='lat' dir='ltr'>Qui</span> <span class='ocrx_word' id='word_1_280' title='bbox 790 3325 826 3389; x_wconf 90' lang='lat' dir='ltr'>uh</span> <span class='ocrx_word' id='word_1_281' title='bbox 850 3325 997 3408; x_wconf 81' lang='lat' dir='ltr'>egregiam</span> <span class='ocrx_word' id='word_1_282' title='bbox 1017 3325 1153 3390; x_wconf 86' lang='lat' dir='ltr'>virtutem</span> <span class='ocrx_word' id='word_1_283' title='bbox 1175 3327 1222 3392; x_wconf 88' lang='lat' dir='ltr'>dei</span> 
     </span>
     <span class='ocr_line' id='line_1_32' title="bbox 73 3423 1222 3512; baseline 0.005 -24"><span class='ocrx_word' id='word_1_284' title='bbox 73 3427 155 3490; x_wconf 87' lang='lat' dir='ltr'>lilius</span> <span class='ocrx_word' id='word_1_285' title='bbox 181 3427 320 3512; x_wconf 73' lang='lat' dir='ltr'>appellari</span> <span class='ocrx_word' id='word_1_286' title='bbox 346 3426 497 3492; x_wconf 85' lang='lat' dir='ltr'>meruerit.</span> <span class='ocrx_word' id='word_1_287' title='bbox 541 3424 649 3510; x_wconf 86' lang='lat' dir='ltr'>Neque</span> <span class='ocrx_word' id='word_1_288' title='bbox 672 3446 745 3490; x_wconf 87' lang='lat' dir='ltr'>vero</span> <span class='ocrx_word' id='word_1_289' title='bbox 762 3423 876 3510; x_wconf 81' lang='lat' dir='ltr'>Moysis</span> <span class='ocrx_word' id='word_1_290' title='bbox 893 3423 1121 3492; x_wconf 77' lang='lat' dir='ltr'>Pentateuohum</span> <span class='ocrx_word' id='word_1_291' title='bbox 1146 3429 1222 3494; x_wconf 87' lang='lat' dir='ltr'>iute-</span> 
     </span>
     <span class='ocr_line' id='line_1_33' title="bbox 72 3525 1221 3612; baseline 0.003 -22"><span class='ocrx_word' id='word_1_292' title='bbox 72 3549 161 3611; x_wconf 78' lang='lat' dir='ltr'>grant</span> <span class='ocrx_word' id='word_1_293' title='bbox 181 3527 353 3606; x_wconf 85' lang='lat' dir='ltr'>admittunt,</span> <span class='ocrx_word' id='word_1_294' title='bbox 386 3527 437 3590; x_wconf 90' lang='lat' dir='ltr'>sed</span> <span class='ocrx_word' id='word_1_295' title='bbox 460 3528 598 3612; x_wconf 84' lang='lat' dir='ltr'>quaedam</span> <span class='ocrx_word' id='word_1_296' title='bbox 624 3529 712 3590; x_wconf 85' lang='lat' dir='ltr'>verbu</span> <span class='ocrx_word' id='word_1_297' title='bbox 733 3527 984 3592; x_wconf 85' lang='lat' dir='ltr'>uiruumserihuul.</span> <span class='ocrx_word' id='word_1_298' title='bbox 1030 3525 1162 3610; x_wconf 84' lang='lat' dir='ltr'>Quodsi</span> <span class='ocrx_word' id='word_1_299' title='bbox 1185 3531 1221 3595; x_wconf 90' lang='lat' dir='ltr'>de</span> 
     </span>
     <span class='ocr_line' id='line_1_34' title="bbox 71 3627 1221 3704; baseline 0.004 -14"><span class='ocrx_word' id='word_1_300' title='bbox 71 3650 127 3692; x_wconf 90' lang='lat' dir='ltr'>esu</span> <span class='ocrx_word' id='word_1_301' title='bbox 144 3630 338 3692; x_wconf 86' lang='lat' dir='ltr'>animatorum</span> <span class='ocrx_word' id='word_1_302' title='bbox 361 3627 429 3692; x_wconf 91' lang='lat' dir='ltr'>illud</span> <span class='ocrx_word' id='word_1_303' title='bbox 444 3628 580 3704; x_wconf 82' lang='lat' dir='ltr'>ohiieias,</span> <span class='ocrx_word' id='word_1_304' title='bbox 605 3648 657 3692; x_wconf 88' lang='lat' dir='ltr'>our</span> <span class='ocrx_word' id='word_1_305' title='bbox 672 3629 837 3692; x_wconf 78' lang='lat' dir='ltr'>Ahraamus</span> <span class='ocrx_word' id='word_1_306' title='bbox 852 3629 973 3692; x_wconf 90' lang='lat' dir='ltr'>vitulum</span> <span class='ocrx_word' id='word_1_307' title='bbox 992 3651 1057 3694; x_wconf 81' lang='lat' dir='ltr'>uuus</span> <span class='ocrx_word' id='word_1_308' title='bbox 1077 3632 1151 3695; x_wconf 89' lang='lat' dir='ltr'>laete</span> <span class='ocrx_word' id='word_1_309' title='bbox 1168 3653 1221 3695; x_wconf 91' lang='lat' dir='ltr'>nu·</span> 
     </span>
     <span class='ocr_line' id='line_1_35' title="bbox 70 3725 1221 3816; baseline 0.003 -24"><span class='ocrx_word' id='word_1_310' title='bbox 70 3731 151 3813; x_wconf 77' lang='lat' dir='ltr'>gelis</span> <span class='ocrx_word' id='word_1_311' title='bbox 176 3732 360 3816; x_wconf 78' lang='lat' dir='ltr'>adposuerit,</span> <span class='ocrx_word' id='word_1_312' title='bbox 390 3740 440 3792; x_wconf 90' lang='lat' dir='ltr'>eut</span> <span class='ocrx_word' id='word_1_313' title='bbox 458 3750 511 3793; x_wconf 84' lang='lat' dir='ltr'>our</span> <span class='ocrx_word' id='word_1_314' title='bbox 525 3725 659 3796; x_wconf 72' lang='lat' dir='ltr'>Noe&#39;mus</span> <span class='ocrx_word' id='word_1_315' title='bbox 682 3730 731 3794; x_wconf 88' lang='lat' dir='ltr'>illa</span> <span class='ocrx_word' id='word_1_316' title='bbox 754 3729 931 3807; x_wconf 86' lang='lat' dir='ltr'>unmederit,</span> <span class='ocrx_word' id='word_1_317' title='bbox 963 3742 992 3794; x_wconf 94' lang='lat' dir='ltr'>et</span> <span class='ocrx_word' id='word_1_318' title='bbox 1013 3733 1152 3796; x_wconf 87' lang='lat' dir='ltr'>divinitus</span> <span class='ocrx_word' id='word_1_319' title='bbox 1173 3755 1221 3796; x_wconf 88' lang='lat' dir='ltr'>re-</span> 
     </span>
     <span class='ocr_line' id='line_1_36' title="bbox 70 3829 1221 3917; baseline 0.004 -23"><span class='ocrx_word' id='word_1_320' title='bbox 70 3843 218 3916; x_wconf 82' lang='lat' dir='ltr'>sponsum</span> <span class='ocrx_word' id='word_1_321' title='bbox 238 3832 404 3916; x_wconf 75' lang='lat' dir='ltr'>acceperitr</span> <span class='ocrx_word' id='word_1_322' title='bbox 434 3835 530 3895; x_wconf 81' lang='lat' dir='ltr'>Monta</span> <span class='ocrx_word' id='word_1_323' title='bbox 552 3841 580 3892; x_wconf 81' lang='lat' dir='ltr'>et</span> <span class='ocrx_word' id='word_1_324' title='bbox 602 3835 755 3892; x_wconf 68' lang='lat' dir='ltr'>manmena.-</span> <span class='ocrx_word' id='word_1_325' title='bbox 785 3829 894 3914; x_wconf 86' lang='lat' dir='ltr'>quidve</span> <span class='ocrx_word' id='word_1_326' title='bbox 915 3831 1035 3917; x_wconf 83' lang='lat' dir='ltr'>insuper</span> <span class='ocrx_word' id='word_1_327' title='bbox 1051 3830 1169 3898; x_wconf 75' lang='lat' dir='ltr'>lenaeus</span> <span class='ocrx_word' id='word_1_328' title='bbox 1191 3845 1221 3899; x_wconf 81' lang='lat' dir='ltr'>et</span> 
     </span>
     <span class='ocr_line' id='line_1_37' title="bbox 70 3927 1221 4018; baseline 0.003 -23"><span class='ocrx_word' id='word_1_329' title='bbox 70 3927 204 3996; x_wconf 84' lang='lat' dir='ltr'>laonhus</span> <span class='ocrx_word' id='word_1_330' title='bbox 218 3954 254 3996; x_wconf 83' lang='lat' dir='ltr'>ae</span> <span class='ocrx_word' id='word_1_331' title='bbox 264 3929 388 4018; x_wconf 82' lang='lat' dir='ltr'>Moyses</span> <span class='ocrx_word' id='word_1_332' title='bbox 403 3932 536 3995; x_wconf 88' lang='lat' dir='ltr'>similiter</span> <span class='ocrx_word' id='word_1_333' title='bbox 550 3931 580 3994; x_wconf 89' lang='lat' dir='ltr'>in</span> <span class='ocrx_word' id='word_1_334' title='bbox 596 3933 752 3996; x_wconf 83' lang='lat' dir='ltr'>solitudine</span> <span class='ocrx_word' id='word_1_335' title='bbox 768 3933 1010 4012; x_wconf 86' lang='lat' dir='ltr'>suerillouveuint,</span> <span class='ocrx_word' id='word_1_336' title='bbox 1031 3947 1118 4018; x_wconf 76' lang='lat' dir='ltr'>negat</span> <span class='ocrx_word' id='word_1_337' title='bbox 1129 3933 1221 3999; x_wconf 84' lang='lat' dir='ltr'>llhin-</span> 
     </span>
     <span class='ocr_line' id='line_1_38' title="bbox 70 4031 1221 4117; baseline 0.004 -20"><span class='ocrx_word' id='word_1_338' title='bbox 70 4037 131 4098; x_wconf 85' lang='lat' dir='ltr'>nita</span> <span class='ocrx_word' id='word_1_339' title='bbox 150 4054 189 4097; x_wconf 83' lang='lat' dir='ltr'>se</span> <span class='ocrx_word' id='word_1_340' title='bbox 203 4033 262 4098; x_wconf 90' lang='lat' dir='ltr'>illis</span> <span class='ocrx_word' id='word_1_341' title='bbox 278 4035 410 4110; x_wconf 87' lang='lat' dir='ltr'>eredere,</span> <span class='ocrx_word' id='word_1_342' title='bbox 434 4044 480 4111; x_wconf 89' lang='lat' dir='ltr'>et,</span> <span class='ocrx_word' id='word_1_343' title='bbox 504 4033 572 4117; x_wconf 92' lang='lat' dir='ltr'>qnid</span> <span class='ocrx_word' id='word_1_344' title='bbox 587 4053 651 4096; x_wconf 90' lang='lat' dir='ltr'>mea</span> <span class='ocrx_word' id='word_1_345' title='bbox 668 4035 770 4110; x_wconf 85' lang='lat' dir='ltr'>reiert,</span> <span class='ocrx_word' id='word_1_346' title='bbox 793 4031 937 4116; x_wconf 90' lang='lat' dir='ltr'>inquiunt,</span> <span class='ocrx_word' id='word_1_347' title='bbox 963 4034 1010 4097; x_wconf 94' lang='lat' dir='ltr'>uhi</span> <span class='ocrx_word' id='word_1_348' title='bbox 1026 4036 1116 4100; x_wconf 89' lang='lat' dir='ltr'>semel</span> <span class='ocrx_word' id='word_1_349' title='bbox 1131 4057 1221 4102; x_wconf 89' lang='lat' dir='ltr'>evan·</span> 
     </span>
     <span class='ocr_line' id='line_1_39' title="bbox 67 4133 1219 4221; baseline -0.001 -19"><span class='ocrx_word' id='word_1_350' title='bbox 67 4137 185 4221; x_wconf 83' lang='lat' dir='ltr'>gelium</span> <span class='ocrx_word' id='word_1_351' title='bbox 203 4136 322 4201; x_wconf 83' lang='lat' dir='ltr'>allatum</span> <span class='ocrx_word' id='word_1_352' title='bbox 339 4145 400 4212; x_wconf 86' lang='lat' dir='ltr'>est,</span> <span class='ocrx_word' id='word_1_353' title='bbox 424 4155 498 4216; x_wconf 88' lang='lat' dir='ltr'>quae</span> <span class='ocrx_word' id='word_1_354' title='bbox 521 4136 549 4196; x_wconf 89' lang='lat' dir='ltr'>iu</span> <span class='ocrx_word' id='word_1_355' title='bbox 571 4133 638 4217; x_wconf 81' lang='lat' dir='ltr'>lege</span> <span class='ocrx_word' id='word_1_356' title='bbox 660 4137 845 4198; x_wconf 87' lang='lat' dir='ltr'>eontinentur</span> <span class='ocrx_word' id='word_1_357' title='bbox 865 4135 1026 4199; x_wconf 74' lang='lat' dir='ltr'>evolvere?</span> <span class='ocrx_word' id='word_1_358' title='bbox 1068 4134 1219 4202; x_wconf 88' lang='lat' dir='ltr'>Undeunns</span> 
     </span>
     <span class='ocr_line' id='line_1_40' title="bbox 67 4233 1302 4323; baseline 0.004 -24"><span class='ocrx_word' id='word_1_359' title='bbox 67 4239 165 4323; x_wconf 80' lang='lat' dir='ltr'>igitur</span> <span class='ocrx_word' id='word_1_360' title='bbox 182 4247 266 4299; x_wconf 69' lang='lat' dir='ltr'>teum</span> <span class='ocrx_word' id='word_1_361' title='bbox 285 4256 360 4319; x_wconf 91' lang='lat' dir='ltr'>quae</span> <span class='ocrx_word' id='word_1_362' title='bbox 378 4235 414 4298; x_wconf 90' lang='lat' dir='ltr'>ed</span> <span class='ocrx_word' id='word_1_363' title='bbox 429 4233 556 4320; x_wconf 78' lang='lat' dir='ltr'>Moyseu</span> <span class='ocrx_word' id='word_1_364' title='bbox 568 4237 801 4320; x_wconf 78' lang='lat' dir='ltr'>Ahraamumque</span> <span class='ocrx_word' id='word_1_365' title='bbox 818 4237 984 4321; x_wconf 78' lang='lat' dir='ltr'>pertinenti</span> <span class='ocrx_word' id='word_1_366' title='bbox 1004 4234 1085 4302; x_wconf 86' lang='lat' dir='ltr'>Neri</span> <span class='ocrx_word' id='word_1_367' title='bbox 1105 4242 1183 4302; x_wconf 85' lang='lat' dir='ltr'>euim</span> <span class='ocrx_word' id='word_1_368' title='bbox 1202 4261 1220 4304; x_wconf 86' lang='lat' dir='ltr'>a</span> <span class='ocrx_word' id='word_1_369' title='bbox 1300 4293 1302 4311; x_wconf 85' lang='grc'><em>.</em></span> 
     </span>
    </p>
   </div>
   <div class='ocr_carea' id='block_1_3' title="bbox 64 4455 1180 4525">
    <p class='ocr_par' dir='ltr' id='par_1_4' title="bbox 64 4455 1180 4525">
     <span class='ocr_line' id='line_1_41' title="bbox 64 4455 1180 4525; baseline 0.004 -15"><span class='ocrx_word' id='word_1_370' title='bbox 64 4462 134 4510; x_wconf 80' lang='lat' dir='ltr'>rituti</span> <span class='ocrx_word' id='word_1_371' title='bbox 148 4457 206 4510; x_wconf 79' lang='lat' dir='ltr'>eod.</span> <span class='ocrx_word' id='word_1_372' title='bbox 216 4457 299 4516; x_wconf 63' lang='lat' dir='ltr'>holin,</span> <span class='ocrx_word' id='word_1_373' title='bbox 316 4455 377 4506; x_wconf 78' lang='lat' dir='ltr'>made</span> <span class='ocrx_word' id='word_1_374' title='bbox 386 4469 415 4506; x_wconf 81' lang='lat' dir='ltr'>eo</span> <span class='ocrx_word' id='word_1_375' title='bbox 428 4458 512 4520; x_wconf 74' lang='lat' dir='ltr'>aceepit</span> <span class='ocrx_word' id='word_1_376' title='bbox 522 4457 638 4507; x_wconf 76' lang='lat' dir='ltr'>Petuntur.</span> <span class='ocrx_word' id='word_1_377' title='bbox 673 4457 700 4507; x_wconf 90' lang='lat' dir='ltr'>ln</span> <span class='ocrx_word' id='word_1_378' title='bbox 716 4456 769 4506; x_wconf 78' lang='lat' dir='ltr'>edit</span> <span class='ocrx_word' id='word_1_379' title='bbox 785 4457 860 4520; x_wconf 72' lang='lat' dir='ltr'>nmmo.</span> <span class='ocrx_word' id='word_1_380' title='bbox 876 4462 897 4508; x_wconf 85' lang='lat' dir='ltr'>et</span> <span class='ocrx_word' id='word_1_381' title='bbox 913 4459 963 4509; x_wconf 83' lang='lat' dir='ltr'>eod.</span> <span class='ocrx_word' id='word_1_382' title='bbox 977 4459 1073 4525; x_wconf 70' lang='lat' dir='ltr'>Rhodis.</span> <span class='ocrx_word' id='word_1_383' title='bbox 1089 4463 1180 4514; x_wconf 84' lang='lat' dir='ltr'>otsuat</span> 
     </span>
    </p>
   </div>
   <div class='ocr_carea' id='block_1_4' title="bbox 0 0 1508 4996">
    <p class='ocr_par' dir='ltr' id='par_1_5' title="bbox 0 0 1508 4996">
     <span class='ocr_line' id='line_1_42' title="bbox 0 0 1508 4996; baseline 0 2"><span class='ocrx_word' id='word_1_384' title='bbox 0 0 1508 4996; x_wconf 95' lang='lat' dir='ltr'> </span> 
     </span>
    </p>
   </div>
  </div>
 </body>
</html>
