3036 4998
265 289 327 352 336
685 297 803 350 ειαετι
824 300 991 350 εεινιιιαιι

265 425 340 503 τῆρα
354 418 487 501 λέγουσιν
503 415 533 491 έξ
547 413 654 499 έράνου
669 411 813 491 σῦνθετος
827 414 1002 498 κατασκευή.
1052 423 1152 482 Ταῦτα
1165 417 1197 482 δέ
1210 422 1346 501 φανεράς
1359 415 1409 497 μέν

267 518 309 604 μῆ
326 521 480 604 εἰρῆσθαι,
504 514 552 582 διά
570 515 603 583 τδ
620 515 660 600 μῆ
677 516 790 594 πάντας
801 526 905 603 χωρεῖν
919 515 974 599 τῆν
988 525 1135 605 ὅγνοῦσιν,
1158 521 1366 603 μυστηριωδσῦς
1377 517 1407 582 δέ

266 620 326 688 άπδ
341 629 395 688 τοῦ
414 627 572 704 οΣωτῆρος
586 617 636 684 διά
651 623 829 703 παραβολῶν
843 618 1029 702 μεμηνῦσθαι
1045 629 1107 697 τοῖς
1119 631 1228 686 συνιεῐν
1241 621 1409 702 δυναμένοις

268 726 371 802 οὕτως.
420 720 496 798 Τοδς
517 722 569 804 μέν
588 719 644 807 γάρ
665 721 822 807 τριάκοντα
839 725 961 798 Αίοῦνας
977 721 1165 805 μεμηνῦσθαι
1184 721 1234 788 διά
1255 729 1313 788 νῦν
1330 722 1405 804 τριά-

268 855 359 896 κοντα
372 831 455 904 έτῦν,
478 821 520 900 οἷς
536 825 717 910 προέφαμεν,
740 826 771 890 έν
785 821 831 899 οίς
847 821 934 890 οῦδὲν
949 827 981 890 έν
995 831 1114 914 φανερῷ
1128 823 1277 906 φάσκουσι
1289 849 1407 906 πεπσιη

265 933 349 997 κέναι
366 927 418 995 τδν
431 934 574 1011 Σωτῆρα,
595 928 646 991 καί
664 925 713 990 διά
731 933 784 1008 τῆς
800 929 973 1013 παραβολῆς
989 935 1048 993 τιῦν
1065 931 1194 1014 έργατιδν
1210 934 1264 993 τοῦ
1279 923 1405 1010 άμττελιῦ-

146 1061 197 1107 μσς.
211 1047 255 1092 ιιι.
268 1060 326 1110 νος.
370 1033 429 1096 Καί
450 1027 501 1095 τδν
522 1035 644 1094 Παῦλον
660 1027 852 1112 φανερώτατα
868 1031 984 1115 λέγουσι
1002 1031 1104 1105 τυιίςδε
1122 1033 1242 1108 Αίῦνας
1262 1027 1408 1111 ὀνομάζειν

266 1134 419 1213 πολλάκις,
448 1136 490 1200 έτι
511 1133 543 1197 δέ
565 1133 617 1197 καλ
638 1130 691 1214 τῆν
711 1130 793 1209 τάξιν
814 1129 912 1198 αῦτῶν
932 1134 1117 1219 τετηρηκέναι
1139 1131 1234 1208 οῦτως
1256 1130 1406 1210 7είπάντα,

267 1241 325 1314 Εἰς
339 1236 436 1314 πάσας
450 1235 503 1312 τάς
519 1232 620 1319 γενεάς
634 1239 694 1300 τοῦν
709 1231 827 1299 αι’άνων
840 1241 894 1300 τοῦ
909 1237 1031 1312 αίῦνος·
1053 1232 1123 1302 άλλά
1138 1239 1190 1301 καί
1204 1233 1281 1318 ῆμῦς
1295 1235 1344 1300 M
1358 1240 1408 1315 τῆς

168 1377 171 1388 1
267 1338 447 1427 εὐχαριστίας
470 1340 619 1423 λέγοντας,
652 1339 709 1413 Είς
728 1334 797 1412 τοῦς
819 1339 929 1415 αι’ῦνας
950 1344 1008 1402 τῶν
1030 1337 1162 1418 αίοίνων,
1193 1340 1323 1413 ἐκείνους
1341 1334 1409 1411 τοῦς

267 1447 388 1520 Αίῦνας
403 1445 569 1526 σημαίνειν,
591 1440 642 1504 καί
656 1437 734 1505 ὅπου
751 1437 788 1502 &v
803 1437 877 1504 αίοίν
891 1439 911 1522 ῆ
927 1443 1031 1516 αίοῖνες
1043 1438 1251 1522 σ’νομάζσνται,
1272 1437 1327 1522 τῆν
1342 1435 1406 1503 άνα-

265 1544 364 1631 φοράν
381 1547 423 1620 είς
441 1545 572 1618 ἐκείνους
590 1537 665 1606 ελναι
683 1543 818 1606 θέλουσι·
846 1539 902 1624 τῆν
918 1541 950 1607 δέ
965 1549 1016 1625 τῆς
1029 1541 1196 1618 δωδεκάδος
1209 1549 1269 1607 τῦυ
1284 1540 1408 1607 Δία’νων

265 1644 417 1733 προβολὴν
433 1643 612 1728 μηνάεσθαι,
635 1641 685 1708 διά
699 1649 754 1708 τοῦ
769 1645 934 1727 δωδεκαετῆ
949 1642 1019 1710 δντα
1034 1643 1086 1710 τδν
1103 1644 1207 1731 τάρων
1222 1648 1407 1726 διαλεχθῆναι

265 1758 328 1826 τοῖς
350 1745 626 1832 νομοδιδασκάλοτς,
655 1747 707 1811 καί
727 1743 777 1810 M
800 1751 853 1828 τῆς
870 1753 930 1812 τοῖν
945 1744 1116 1813 άποστδλων
1131 1750 1266 1833 ἐκλογῆς·
1296 1745 1409 1811 δώδεκα

265 1851 322 1940 γάρ
335 1848 502 1916 άπδστολοι.
538 1851 598 1914 Καὶ
611 1846 682 1924 τοῦς
694 1845 816 1924 λσιποῦς
830 1846 976 1915 δεκαοκτολ
991 1851 1111 1926 Αίοῦνας
1126 1855 1340 1934 φανεροῦσθαι,
1359 1847 1407 1912 διδ

267 1961 321 2020 τοῦ
338 1951 408 2036 μετά
423 1951 476 2036 τῆν
491 1955 523 2018 έκ
539 1957 650 2036 νεκρῶν
668 1947 826 2016 άνάστασιν
839 1949 987 2018 δεκαοκταλ
1002 1953 1072 2034 μησί
1087 1955 1178 2039 λέγειν
1195 1951 1408 2037 διατετριφέναι

268 2053 359 2122 αάτδν
377 2053 433 2120 σῦν
449 2063 511 2130 τοῖς
529 2060 684 2137 μαθηταῖς.
725 2050 810 2118 Ἀλλά
824 2055 876 2118 καλ
892 2052 941 2119 διά
957 2061 1016 2120 νῦν
1031 2055 1261 2140 προηγουμένων
1274 2059 1328 2118 τοῦ
1341 2049 1407 2119 M·

267 2183 359 2241 ματος
370 2154 462 2222 αὐτοῦ
475 2155 528 2220 δύο
541 2150 729 2241 γραμμάτων,
744 2161 798 2220 τοῦ
812 2180 842 2220 τε
855 2153 937 2222 Ἰῦτα
949 2159 1000 2221 καί
1014 2163 1067 2222 τοῦ
1076 2149 1161 2235 Ἠτα,
1177 2155 1247 2232 τοῦς
1261 2153 1407 2222 δεκαοκτά

266 2263 388 2336 Λίτῦνας
407 2255 564 2340 οεῦσῆμως
583 2254 763 2341 μηνάεσθαι·
785 2259 834 2322 καί
853 2255 922 2334 τοῦς
941 2260 1013 2324 δέκα
1031 2261 1151 2336 Αίοῦνας
1176 2255 1340 2334 οαι’ςατίτως
1358 2255 1408 2322 διά

267 2369 321 2428 τοῦ
330 2359 414 2427 Ἰιότα
425 2359 606 2447 γράμματος,
619 2357 637 2424 δ
651 2367 822 2445 προηγεῖται
834 2367 887 2425 τοῦ
902 2358 1047 2444 δνδματος
1059 2359 1159 2442 αάτοῦ,
1179 2365 1409 2444 10σημαίνεσθαι

267 2467 392 2550 λέγουσι.
437 2464 497 2528 Καὶ
514 2460 564 2528 διά
582 2469 667 2528 τοῦτο
682 2463 830 2547 εἰρηκέναι
843 2459 896 2528 τδν
910 2469 1046 2546 Σωτῆρα,
1066 2460 1148 2528 Ἰοῦτα
1158 2467 1194 2528 ἓν
1207 2461 1229 2546 ῆ
1240 2467 1295 2545 μία
1309 2467 1410 2548 κεραία

268 2565 305 2634 ου’
327 2565 368 2651 μῆ
388 2567 539 2654 παρέλθη,
570 2566 625 2641 έως
642 2561 679 2628 άν
695 2563 792 2629 πάντα
809 2565 933 2650 γένηται.
982 2562 1021 2631 To*
1042 2565 1074 2632 δέ
1091 2567 1159 2650 περὶ
1175 2563 1226 2630 τδν
1242 2567 1409 2632 δωδέκατον

267 2671 370 2734 Λίοῦνα
391 2665 510 2755 γεγονδς
530 2664 632 2742 πάθος
657 2663 956 2750 ιιὑποσημαίνεσθαι
970 2669 1084 2753 λέγουσι
1110 2673 1205 2750 12τῆς
1221 2664 1408 2745 άποστασίας,

266 2771 318 2838 διά
330 2769 438 2850 Ἰσδδα,
464 2768 542 2846 ηδς
557 2770 723 2846 δωδέκατος
738 2761 777 2852 ῆν
789 2774 849 2834 τῶν
864 2768 1044 2849 άποστάλων,
1066 2771 1222 2855 γενομένης
1235 2772 1409 2854 προδοσίας·

272 2877 486 2940 ιέδείκννσθαι
506 2874 622 2959 λέγουσι
641 2873 693 2937 καί
716 2869 762 2936 δτι
781 2877 821 2959 τρῦ
840 2872 997 2962 δωδεκάτῳ
1016 2875 1086 2955 μηνί
1105 2875 1225 2938 ἔπαθεν.
1266 2867 1410 2959 Ἐνιαντρδ

266 2975 323 3064 γάρ
345 2977 387 3041 ένί
407 2973 562 3058 βούλονται
581 2971 672 3040 αῦτδν
692 2970 764 3057 μετά
784 2972 817 3038 τδ
836 2973 987 3058 βάπτισμα
1004 2972 1095 3040 αὐτοῦ
1113 2975 1309 3058 κεκηρυχέναι.
1343 2969 1408 3037 Ἔτι

266 3103 297 3144 τε
321 3080 372 3144 ἐπὶ
392 3083 444 3160 τῆς
465 3075 680 3161 αίμορροοτίσης
700 3077 865 3156 σαφέστατα
885 3085 972 3144 τοῦτο
992 3081 1164 3159 δηλοῦσθαι
1207 3074 1333 3141 Διάδεκα
1352 3073 1407 3161 γάρ

267 3183 317 3263 έτη
334 3186 495 3246 παθοῦσαν
513 3175 606 3260 αδτῆν
620 3174 678 3243 ῦπδ
697 3184 749 3259 τῆς
765 3184 819 3243 τοῦ
838 3185 979 3264 Σωτῆρος
997 3183 1162 3264 παρουσίας
1178 3185 1406 3264 τεθεραπιῦθαι,

267 3280 426 3366 άψαμένην
438 3287 491 3346 τοῦ
505 3281 671 3366 κρασπέδου
686 3275 790 3344 αῦτοῦ·
812 3282 863 3345 καλ
878 3279 928 3346 διά
943 3287 1029 3346 τοῦτο
1044 3282 1190 3366 εἰρηκέναι
1203 3278 1257 3346 τάν
1269 3287 1405 3364 Σωτῆρα,

272 3391 323 3462 Τίς
343 3411 401 3469 μου
420 3381 537 3467 ῆψατος
568 3380 744 3448 διδάσκοντα
762 3379 832 3458 τοῦς
848 3381 985 3465 μαθητάς
999 3381 1033 3448 τδ
1051 3382 1172 3469 γεγονός
1186 3383 1218 3448 έν
1235 3391 1297 3459 τοῖς
1314 3385 1409 3448 Λίῦσι

267 3485 443 3572 μυστῆριον,
473 3487 523 3551 καί
541 3483 594 3569 τῆν
612 3487 690 3551 ίασιν
706 3491 757 3550 τοῦ
774 3483 961 3560 πεπονθότος
976 3487 1102 3562 Αλῦνος.
1143 3482 1180 3549 Ἦ
1194 3483 1249 3570 γάρ
1266 3491 1409 3550 παθοῦσα

268 3588 384 3656 δοίδειια
398 3590 447 3670 έτη
465 3591 559 3672 έκείνη
574 3585 739 3670 ῆδδναμις,
757 3589 955 3670 έκτεινομένης
967 3586 1058 3670 αδτῆς
1070 3590 1121 3654 καὶ
1134 3590 1176 3663 τίς
1189 3583 1313 3674 ἄπειρον
1326 3584 1411 3670 ῦεοά-

268 3712 323 3775 σης
338 3699 391 3773 τῆς
406 3688 523 3771 οῦσίας,
555 3687 596 3768 οἱς
609 3692 753 3776 λέγουσιν·
776 3691 803 3752 εί
818 3687 859 3772 μῆ
873 3692 988 3772 έψανσε
1003 3697 1057 3755 τοῦ
1077 3687 1292 3775 ιθφσρῆματος
1306 3683 1409 3765 αῦτσῦ,

266 3795 398 3861 τουτέστι
414 3799 467 3877 τῆς
480 3790 633 3874 Ἀληθείας
647 3798 701 3876 τῆς
716 3790 835 3878 πράτης
855 3790 1009 3879 Τετράδος,
1030 3789 1095 3875 ῆτις
1110 3789 1159 3857 M
1173 3797 1228 3858 τοῦ
1241 3791 1410 3878 κρασπέδου

301 4055 326 4105 5.
342 4054 433 4121 γνοῦσιν
451 4047 533 4106 αῦτῦι
549 4057 618 4115 σαςιί
634 4053 685 4102 σοδ.
701 4051 754 4101 λ’τιι.
855 4051 888 4102 Et
897 4049 982 4102 decem
993 4059 1075 4101 autem
1083 4054 1180 4102 Δεοοτι
1192 4049 1350 4101 similiter
1362 4063 1408 4116 ρετ
1507 4077 1508 4081 =

301 4119 327 4173 6.
343 4119 437 4187 πατρὸς
453 4123 503 4171 τοῦ.
520 4123 573 4170 Vm.
855 4117 951 4170 literam
968 4123 1019 4169 ωλι.

303 4188 327 4242 7.
347 4185 413 4242 εἶπεν
429 4185 462 4241 τά
480 4190 531 4239 τοῦ.
548 4189 601 4238 λιιι
889 4187 928 4237 10.
942 4185 1108 4252 σημαίνεσθαι
1118 4185 1216 4252 λέγουσι
1223 4187 1408 4242 mmm..

301 4256 326 4308 ίλ
342 4254 367 4309 δι
385 4252 463 4322 σῆμα
479 4258 529 4305 τοῦ.
545 4256 622 4305 Paris.
855 4256 993 4318 Ιίοτεαιλοι,
1008 4257 1100 4319 πίθηαι.
1131 4257 1160 4304 Et
1176 4256 1222 4305 ίίί.
1237 4255 1326 4304 Imm
1335 4253 1408 4302 ίιιλιτ·

301 4322 326 4375 9.
344 4319 467 4382 ιδσαδιως
493 4319 536 4376 διά
560 4325 643 4372 λοῦται
668 4335 746 4373 omne:
769 4323 821 4372 ίίστί
853 4337 908 4385 pm
919 4325 979 4372 ιαίιτι
991 4321 1198 4388 λσδτίιὶςαίῦαττί
1212 4319 1304 4371 dicunt.
1334 4319 1407 4380 ίιίςο

266 4399 359 4458 procur
369 4394 475 4442 ίτκιίυοι
484 4393 633 4453 commo
643 4383 821 4448 σίσαῦτωςιιοιι
857 4395 921 4440 ταλαί
938 4388 1087 4454 σημαίνουσι
1103 4387 1230 4456 λέγεσθαι.

267 4465 391 4524 comperti.
417 4461 465 4510 διδ
477 4462 548 4508 etiam
559 4464 603 4509 ντί.
613 4459 708 4520 hum.
720 4459 822 4510 τιδδίδλί
892 4458 929 4507 11.
946 4459 981 4507 un
994 4463 1092 4508 τοπιαιί
1105 4459 1185 4508 mv.
1199 4459 1250 4507 αοιλ
1263 4457 1332 4506 Vana
1346 4453 1405 4502 ται-ι’-

853 4530 949 4587 ptum
961 4531 1059 4578 πιαιυι.
1086 4527 1177 4590 admi
1188 4527 1242 4576 Ιιῦπ
1253 4525 1332 4576 huben!
1344 4515 1406 4573 διττ-
