2994 5024
269 299 331 360 5⁷0
687 309 808 364 ειαατι
824 308 995 362 nmmum

272 425 325 494 τόν
338 425 458 512 τρόπον.
502 423 611 503 Εόθός
624 426 676 509 μὲν
690 424 745 512 γάρ
762 428 793 492 ἐν
807 434 843 516 τῆ
858 423 932 517 άρχῆ
947 423 1043 492 πάντα
1057 422 1093 490 τά
1107 421 1158 490 ἄπ’
1174 421 1262 508 α’ρχῆς
1277 431 1319 513 τῷ
1334 432 1416 490 Λου-

269 536 308 617 κῆ
322 530 616 614 πεπραγματευμένα,
638 530 786 594 τουτέστιν
801 526 842 604 τίς
855 530 945 614 λέγει,
965 525 1139 612 Ἐπειόήπερ
1154 529 1257 594 πολλοὶ
1270 529 1415 612 ἐπεχείρη-

270 653 339 710 σαν,
360 632 411 695 καί
427 629 463 696 τό
481 633 563 714 ίξῆς,
585 632 636 695 καί
651 629 687 696 τά
702 633 767 716 περί
782 639 835 714 τῆς
849 628 1010 714 Ἐλισάβετ,
1031 632 1082 695 καί
1092 637 1147 695 τοῦ
1162 629 1286 714 άγγίλου
1301 626 1416 714 εόαγγε-

267 734 418 814 λιξομίνου
431 731 485 816 τῆν
502 737 627 818 Μαρίαν
641 735 809 816 παρθένον,
838 731 976 800 ’Ἰωάννου
992 758 1022 798 τε
1036 734 1085 798 καλ
1102 737 1267 817 Ζαχαρίου,
1298 735 1350 796 καί
1366 739 1418 814 τῆς

148 864 198 908 ηις.
210 851 254 896 σιτ.
269 837 300 900 ίν
317 835 451 918 Βηθλεὲμ
468 833 629 920 γεννήσεως
647 839 842 922 γενεαλογίας,
870 838 922 902 καί
942 841 995 918 τῆς
1014 841 1068 900 τοῦ
1084 839 1286 917 βαπτίσματος
1304 831 1416 901 όποθέ-

268 959 354 1016 σεως,
382 944 473 1002 ταῦτα
491 935 587 1002 πάντα
603 936 772 1023 περικόψας
787 936 974 1021 ἀπεπήδησε,
1002 939 1054 1004 καί
1070 935 1161 1021 άρχήν
1176 945 1230 1004 τοῦ
1248 933 1418 1024 εὐαγγελίου

268 1041 348 1116 ἔταξε
365 1037 488 1121 ταύτην·
509 1036 559 1104 Ἐν
575 1047 615 1128 τῷ
631 1038 880 1129 πεντεκαιδεκάτῳ
897 1041 953 1106 ίτει
974 1044 1110 1125 Τιβερίου
1126 1043 1294 1124 Καίσαρος,
1315 1040 1366 1104 καί
1382 1037 1418 1103 τά

267 1143 342 1224 ἑξῆς.
384 1138 540 1206 Ἐντεῦθεν
558 1135 613 1208 οὖν
629 1135 718 1218 οὗτος
732 1139 862 1227 όρχεται,
892 1144 943 1208 καλ
958 1139 995 1208 οό
1009 1141 1080 1208 καθ’
1095 1140 1196 1226 είρμόν
1211 1139 1302 1206 πόλιν
1318 1141 1417 1223 ἐπεμί-

267 1269 327 1322 νει,
359 1239 429 1307 όλλά
449 1241 485 1307 τά
505 1243 558 1325 μὲν
579 1241 619 1320 τός
640 1254 784 1328 προεῖπον
803 1243 1002 1330 παρακόπτει,
1031 1241 1067 1310 τά
1088 1245 1120 1309 δὲ
1138 1247 1332 1329 προςτίθησιν
1352 1241 1417 1308 ἅντε

267 1343 363 1423 κάτω,
396 1341 452 1410 οόκ
475 1342 577 1430 ὀρθῶς
599 1349 741 1428 βαδίζων,
774 1344 844 1412 άλίά
868 1347 1158 1435 ίρργδιουργημίνως
1176 1345 1274 1412 πάντα
1299 1371 1417 1432 περινο-

266 1448 391 1526 στεόων,
413 1448 462 1512 καί
485 1449 570 1514 ἔστιν.

350 1649 385 1716 α’.
417 1647 568 1718 Ἀπελθοίν
588 1655 684 1730 δεῖξον
701 1652 824 1720 σεαυτόν
843 1660 885 1742 τῷ
904 1655 990 1737 ίερεῖ,
1012 1655 1063 1720 καλ
1082 1653 1258 1739 προςίνεγτε
1276 1654 1346 1740 περί
1364 1661 1421 1720 τοῦ

266 1761 457 1839 καθαρισμοῦ
474 1776 543 1834 σου,
573 1753 678 1830 καθοίς
691 1757 847 1842 προςίταξε
863 1762 1017 1838 Μωϋσῆς,
1044 1759 1095 1820 ίνα
1110 1747 1132 1844 ή
1148 1753 1313 1841 μαρτύρων
1329 1763 1421 1822 τοῦτο

266 1852 350 1938 όμῖν·
374 1853 443 1922 ἄνθ’
465 1849 501 1922 οὗ
523 1854 603 1922 εἶπεν
624 1854 642 1923 ό
662 1855 774 1943 σωτήρ,
797 1860 854 1934 Είς
875 1856 1034 1943 μαρτύριον
1055 1855 1164 1933 αὐτοῖς.
1492 1935 1493 1940 ¹

349 1957 385 2041 β.
408 1958 476 2024 Ἵνα
489 1959 521 2024 δί
536 1961 629 2041 είδῆτε
644 1957 690 2026 ὅτι
706 1962 841 2038 ἐξουσίαν
856 1961 912 2043 ἔχει
929 1957 947 2024 ό
963 1958 1029 2036 υίός
1044 1967 1097 2026 τοῦ
1113 1958 1280 2046 οίνθροίπου
1296 1958 1422 2040 άφείνιιι

266 2056 410 2145 άμαρτίας
431 2063 479 2128 ίπί
500 2067 553 2144 τῆς
572 2069 635 2146 γῆς.

351 2161 385 2248 γ’.
421 2162 534 2247 Κύριός
555 2166 631 2230 ἐστιν
652 2160 670 2230 ό
692 2161 757 2239 υίός
777 2171 831 2228 τοῦ
853 2163 1020 2249 άνθροόπου
1041 2166 1093 2230 καλ
1112 2171 1167 2230 τοῦ
1187 2163 1352 2248 σαββάτου.

349 2262 374 2328 δ’
376 2314 383 2330 .
414 2263 529 2333 Ἰοόδαν
540 2263 708 2351 Ἰσκαριοόθ,
731 2265 765 2341 δς
782 2267 893 2351 ἐγένετο
908 2265 1081 2352 προδότηςπ
1094 2263 1156 2332 άντί
1173 2270 1272 2346 τοῦδε,
1294 2269 1421 2350 Κατίβη

266 2364 325 2448 μετ’
347 2364 460 2446 αὐτῶν,
481 2370 551 2451 ἔχει,
575 2369 693 2454 Κατίβη
717 2369 747 2434 ἒν
769 2365 877 2446 αὐτοῖς.

350 2465 378 2534 ε’.
410 2471 471 2534 Καί
493 2477 552 2546 πᾶς
573 2467 591 2536 ό
612 2469 695 2553 όγλος
716 2468 808 2553 ἐζήτει
823 2469 972 2536 ἅπτεσθαι
988 2467 1090 2536 αότοῦ.
1136 2472 1217 2536 7Καί
1239 2467 1330 2546 ατίτός
1348 2469 1423 2536 ἑπά-

268 2597 322 2654 ρας
342 2569 413 2648 τοός
434 2569 610 2655 όφθαλμοδς
631 2571 732 2638 αὐτοῦ.

348 2671 381 2748 ς’.
413 2673 497 2740 Κατά
517 2674 554 2740 τά
575 2672 650 2740 αότά
673 2678 793 2742 ἐποίουν
813 2683 875 2750 τοῖς
897 2673 1065 2760 προφήταις
1086 2678 1117 2740 οί
1136 2675 1258 2759 πατέρες
1277 2670 1377 2756 όμοῖν.

348 2775 379 2854 ζ.
412 2777 499 2862 Λίγω
521 2777 554 2842 δὲ
578 2775 687 2860 δόμίν,
708 2776 855 2858 τοσαύτην
872 2781 968 2842 πίστιν
986 2775 1056 2844 οόδὲ
1076 2779 1109 2844 ίν
1129 2781 1169 2868 τῷ
1185 2773 1298 2860 Ἰσραήλ
1315 2769 1422 2862 εὖρον.

346 2877 382 2961 η’.
416 2881 665 2965 Παρηλλαγμίνον
684 2877 733 2958 τό,
756 2876 917 2963 Μακάριος
941 2878 1000 2956 9δίς
1019 2877 1070 2944 ἐάν
1093 2878 1134 2962 μή
1155 2881 1362 2967 σκανδαλισθῇ
1388 2883 1423 2946 ίν
1493 2927 1494 2936 ι

266 2983 345 3064 ἐμοί·
374 2977 471 3064 10εἶχε
490 2979 547 3067 γάρ
570 2978 611 3057 τίς
631 2979 707 3066 πρός
727 2978 873 3063 Ἰωάννην.
1493 2971 1494 2982 ’

347 3082 388 3148 θ’.
418 3081 518 3159 Αότός
537 3085 595 3148 ἐστι
611 3084 678 3168 περί
696 3075 733 3150 οδ
750 3083 924 3168 γέγραπται,
944 3079 1020 3146 Ἰδοδ
1038 3079 1094 3168 ἒγοί
1113 3079 1275 3149 ἆποσιίλλω
1293 3079 1349 3146 τόν
1368 3081 1422 3170 ἔγ-

264 3183 348 3270 γείόν
369 3211 427 3268 μου
449 3183 507 3270 πρό
530 3183 691 3270 προςοίπου
712 3207 776 3250 σου.

348 3286 375 3352 ι’.
407 3289 467 3352 Καὶ
481 3285 620 3363 είςελθοίν
637 3289 678 3362 είς
695 3285 746 3352 τόν
763 3283 848 3354 οίκον
867 3293 920 3354 τοῦ
937 3289 1105 3371 Φαρισαίου
1120 3290 1288 3370 κατεκλίθη.
1329 3283 1375 3352 Ἡ
1388 3293 1422 3355 δδ

264 3387 338 3474 γυνή
351 3397 443 3454 στᾶσα
458 3387 552 3456 σ’πίσω
567 3387 587 3471 ή
600 3386 780 3475 άμαρτωίός,
802 3387 883 3474 παρά
894 3387 963 3466 τοδς
976 3387 1081 3468 πόδας,
1104 3392 1200 3474 ἔβρεξε
1211 3399 1275 3466 τοῖς
1287 3387 1422 3474 δάκρυσι

263 3488 333 3567 τοός
353 3490 464 3570 πόδας,
487 3494 535 3556 καί
558 3489 679 3574 ήίειψε,
701 3493 751 3556 καί
772 3496 926 3572 κατεφίλει.

348 3591 394 3658 ια’.
425 3595 486 3658 Καί
501 3592 604 3672 πάλιν,
626 3593 711 3676 Αὕτη
725 3601 789 3669 τοῖς
805 3593 948 3679 δάκρυσιν
964 3595 1063 3678 ίβρεξί
1075 3620 1135 3677 μου
1149 3591 1219 3672 τοός
1233 3593 1339 3673 πόδας,
1364 3597 1420 3662 καί

263 3694 381 3778 ήλειψε,
404 3697 453 3760 καί
476 3700 630 3777 κατεφίλει.

348 3796 396 3879 ιβ.
431 3795 494 3863 Οόιι
511 3795 600 3882 εἶχεν,
621 3793 659 3862 Ἠ
670 3796 765 3882 μήτηρ
785 3795 877 3864 αότοῦ
893 3800 945 3864 καί
960 3801 992 3864 οί
1004 3795 1128 3880 άδελροί
1142 3795 1253 3878 αότοῦ,
1276 3795 1344 3863 αίλλιί
1362 3797 1418 3880 μό

263 3926 329 3978 νον,
350 3896 389 3966 ‘H
406 3898 500 3985 μήτηρ
521 3921 576 3966 σου
596 3902 648 3965 καί
669 3903 702 3966 οί
719 3897 842 3982 άδελφοί
862 3922 926 3966 σου.

349 3999 394 4088 ιγ’.
425 4000 584 4068 Πλεόντων
607 4000 705 4068 αὐτῶν
725 3999 919 4083 ιίφιίπνωσεν·
952 3999 1022 4068 ὁδί
1044 4004 1175 4088 ίγερθελς
1197 4004 1351 4086 ἐπετίμησε
1375 4009 1418 4092 τῷ

264 4101 362 4193 οίνέμιμ
383 4105 435 4170 καί
454 4111 490 4194 τῆ
512 4102 657 4194 θαλάσση.

143 4231 193 4276 ονε·
206 4222 252 4264 ³1³·
351 4203 397 4272 ιδ’.
429 4203 557 4292 Ἐγίνετο
576 4207 608 4271 δὲ
622 4209 654 4272 ἒν
669 4211 709 4296 τῷ
722 4204 845 4293 όπάγειν
860 4203 960 4285 αότόν,
983 4207 1157 4292 συνέπνιγον
1172 4203 1265 4272 αότόν
1279 4209 1311 4274 οί
1324 4205 1416 4290 ὄχλοι

297 4394 320 4447 7.
339 4399 401 4446 Ηοεσ
411 4397 490 4457 verba,
502 4395 555 4450 Καὶ
568 4391 820 4463 αότδςίπάραςτοδς
886 4395 910 4448 8.
929 4393 995 4464 όμῖν,
1013 4397 1074 4460 quod
1087 4397 1234 4448 δεείδστσλιιτ
1243 4399 1323 4462 νυίρο,
1339 4401 1418 4451 naseu*

265 4455 413 4527 ὀφθαλμοὺς
429 4457 521 4522 αόταῦ,
546 4467 616 4528 υαλρο
637 4471 690 4515 sunt
712 4469 772 4516 ιποίε
790 4467 823 4516 αδ
857 4479 886 4516 ευ
901 4467 952 4516 cod.
970 4467 1089 4516 Vaticano.

262 4543 357 4592 ιιςιιττυ
373 4531 473 4581 scholion
489 4536 572 4583 ίτσιία.
608 4535 634 4582 V.
651 4533 721 4595 infra.
891 4529 915 4585 9.
933 4523 969 4592 ὣς
986 4533 1022 4584 τό.
1034 4535 1109 4596 prim.
