3010 5000
339 290 474 344 nauaun
491 293 554 344 nnn.
569 294 588 343 1.
603 291 685 345 non.
700 291 743 344 nr.
760 291 860 342 nasa.
871 290 995 342 xxxvi.
1181 277 1243 341 487

90 410 140 474 illc
157 421 203 476 est
220 410 283 496 ipso
301 432 386 496 qncm
407 411 506 476 divino
525 412 617 476 verbo
635 411 813 497 coelestique
832 409 977 494 praesidio
994 411 1086 474 fretus
1106 407 1242 492 detegere

90 513 206 594 studui,
238 536 273 578 ac
291 513 435 599 pbalangii
453 514 547 578 instar
564 513 717 590 obterere,
750 513 825 598 qnod
843 511 1093 596 Tetragnatbum,
1126 511 1244 575 boccst

89 625 216 699 quatuor
238 617 322 680 malis
344 617 505 702 praeditum
527 627 651 694 vocant,
685 628 734 679 aut
755 615 837 678 velut
857 613 1094 699 Amphisbaenne
1116 611 1241 699 bicipitis

88 717 210 802 viperae
225 719 370 783 defectum
386 729 472 804 capot
487 718 682 802 confringere.
725 715 786 782 Sed
803 717 857 780 boc
873 716 983 779 omisso
998 715 1126 800 reliquas
1139 735 1240 799 persc-

89 840 223 904 quamur.
270 818 356 904 Quod
374 822 439 884 dum
457 821 629 905 aggredior,
653 820 776 906 supplex
793 841 810 882 a
826 818 881 882 den
899 817 1032 904 postulo,
1064 828 1095 881 ut
1113 837 1186 901 quae
1204 817 1241 880 ad

88 921 155 985 illas
177 923 324 1007 pertinent
344 923 385 987 ita
407 943 447 986 ex
468 923 511 985 rei
529 922 654 986 veritate
672 924 834 1006 proferam,
867 920 946 984 nulla
966 931 998 983 ut
1019 919 1048 982 in
1067 941 1240 1006 quemqnam

87 1035 177 1108 atque
199 1024 273 1087 adeo
295 1026 438 1110 meipsum
461 1044 500 1088 ex
521 1043 557 1086 eo
581 1025 661 1086 fraus
684 1044 717 1088 ao
739 1023 884 1108 pernicies
907 1022 1062 1085 redundet.

208 1261 483 1341 CONTRA
532 1259 1123 1354 uuuactuuutuas

311 1407 394 1479 quae
421 1389 472 1457 est
496 1383 645 1460 haeresis
664 1381 757 1458 XVI.
784 1384 838 1460 vel
858 1381 1018 1458 XXXVI.

174 1529 341 1598 Colorbaso
365 1533 497 1598 succedit
520 1533 705 1613 Heracleon,
739 1556 755 1598 a
779 1557 836 1619 qun
861 1532 1134 1598 Heracleonitarum
1157 1543 1240 1597 secta
1258 1539 1317 1608 cap.
1335 1541 1354 1590 1.

87 1636 272 1717 nominator,
302 1637 394 1700 nibilo
412 1637 507 1701 minus
524 1658 609 1722 quam
628 1638 717 1700 cctcri
734 1636 819 1721 nugis
836 1657 870 1700 uc
890 1635 1047 1700 mendaciis
1064 1636 1236 1700 instructus.

86 1733 233 1822 Quicquid
252 1739 329 1802 enim
345 1738 382 1802 ab
401 1738 458 1803 illis
477 1740 635 1818 asseritur,
667 1738 713 1803 bic
732 1750 829 1803 tuetur
848 1760 882 1802 ac
901 1738 1031 1802 defendit
1047 1739 1161 1817 omnic,
1194 1748 1239 1801 ut·

86 1850 155 1922 pote
170 1840 217 1925 qui
233 1840 269 1904 ab
282 1841 340 1905 illis
356 1853 451 1905 ortum
464 1843 620 1927 pariterue
635 1852 809 1906 venenatam
825 1840 900 1904 luem
916 1841 1051 1904 traxerit.
1090 1837 1149 1905 Sed
1165 1862 1238 1904 non-

85 1941 166 2006 nulla
184 1953 279 2006 tamen
299 1965 316 2008 a
336 1965 369 2007 sc
388 1944 556 2028 excogitata
574 1955 604 2008 et
619 1945 743 2008 conficta
760 1943 795 2006 ad
813 1963 915 2006 eorum
931 1941 1083 2028 opiniones
1098 1942 1237 2006 adficiens

85 2063 228 2129 superare
248 2045 315 2110 illos
336 2067 371 2108 ac
393 2047 537 2131 propriam
560 2045 615 2109 sibi
637 2045 765 2110 scholam
788 2045 935 2110 vindicare
955 2043 1075 2110 studuit.
1120 2041 1236 2107 Etenim

85 2166 191 2210 omnes
210 2147 258 2212 isti
276 2148 424 2233 centiceps
446 2169 479 2212 se
501 2150 530 2213 in
549 2169 656 2234 corpus
673 2169 708 2212 ac
726 2147 920 2212 centimanum
938 2149 1179 2210 transformantes
1195 2146 1239 2231 gi·

84 2258 204 2331 gentem
220 2250 299 2314 illum
316 2248 418 2314 nescio
434 2272 519 2336 quem
536 2273 553 2315 e
570 2249 751 2316 Graecorum
766 2250 870 2315 fabulis
888 2249 1052 2334 exprimere
1067 2247 1236 2328 voluerunt,

86 2347 208 2416 Cottum
223 2352 343 2438 opinor,
368 2363 416 2416 aut
434 2351 606 2432 Briareum,
629 2374 714 2438 quem
731 2364 761 2416 et
774 2354 917 2436 Acgeona
932 2351 1085 2430 dixerunt,
1110 2361 1160 2415 aut
1175 2348 1238 2436 Gy·

84 2475 161 2538 gen,
193 2464 243 2517 aat
260 2455 374 2538 Argum
392 2454 512 2520 infinitis
529 2455 621 2521 oculis
638 2456 815 2542 praeditum3
846 2453 1006 2519 cuiusmodi
1023 2464 1156 2538 portenta
1174 2453 1237 2518 suis

84 2556 125 2620 illi
143 2555 322 2620 carminibus
338 2557 436 2620 aolcnt
449 2557 634 2637 describere,
659 2567 690 2622 ut
706 2568 821 2621 centum
838 2556 921 2620 alteri
936 2577 1050 2635 manus,
1074 2577 1138 2620 com
1154 2556 1237 2642 quin·

83 2659 239 2743 quaginta,
271 2659 428 2723 ueletiam
452 2662 602 2740 centenis,
635 2659 796 2747 capitibus,
825 2669 940 2723 centum
963 2661 1063 2724 oculos
1083 2658 1167 2722 alteri
1185 2659 1237 2722 tri·

83 2761 187 2824 buant.
234 2758 331 2843 Quam
354 2762 391 2826 ob
408 2782 541 2827 caussam
560 2761 740 2828 Mercurium
759 2764 856 2826 ferunt
872 2762 1085 2848 Argipbontcm
1108 2782 1175 2825 esse
1194 2761 1236 2825 di·

82 2874 182 2938 etum,
214 2864 290 2948 quod
313 2863 411 2928 multis
427 2865 582 2928 luminibus
600 2866 759 2951 praeditum
778 2866 890 2949 Argum
907 2865 1058 2928 occiderit.
1103 2863 1155 2928 Sic
1171 2864 1236 2928 illo·

82 2985 147 3028 rum
164 2964 286 3048 quilibet
301 2965 491 3052 principatum
507 2968 647 3030 affectans
662 2968 788 3053 seipsum
805 2977 890 3051 caput
906 2968 1050 3052 appellat,
1074 2977 1134 3030 cta
1150 2987 1235 3052 prae·

82 3076 233 3151 ceptorum
253 3066 365 3130 insania
387 3089 421 3132 ac
440 3069 558 3133 furiosis
578 3070 758 3154 dogmatibus
777 3069 891 3132 diversa
913 3069 1052 3158 quaedam
1071 3069 1232 3154 excogitat.

81 3165 195 3232 Verum
218 3189 255 3232 no
277 3169 306 3232 in
329 3170 487 3254 praefando
508 3171 562 3234 sim
587 3172 717 3256 longior,
741 3172 776 3235 ad
801 3191 861 3235 rem
885 3171 975 3257 ipsam
998 3172 1163 3257 aggrediar.

168 3471 333 3540 Heracleon
349 3475 439 3560 igitur
452 3497 515 3541 cum
531 3477 605 3558 sois,
629 3490 662 3542 ut
676 3478 816 3557 diximus,
839 3478 941 3542 eadem
957 3477 1141 3568 cumlHarco
1154 3479 1234 3544 aliis·
1253 3483 1311 3551 cip.
1330 3485 1361 3534 ¹1·

80 3595 156 3660 que,
180 3578 228 3660 qui
244 3575 379 3642 Marcum
395 3589 628 3660 antecesserant,
652 3582 688 3646 dc
704 3578 906 3666 Ogdoadibus‚
930 3582 1081 3666 superiore
1098 3581 1233 3646 nimirum

80 3687 109 3741 ct
133 3679 292 3758 inforiore,
327 3681 428 3745 sentit.
477 3679 589 3746 Deinde
614 3683 732 3768 triginta
753 3685 888 3748 Aeonum
913 3683 993 3769 paria
1012 3684 1086 3749 baud
1108 3684 1232 3749 absimili

79 3780 195 3844 ratione
216 3782 379 3847 constituit.
431 3782 585 3848 Hominem
608 3807 723 3872 quoque
741 3807 908 3872 supremum
929 3786 1055 3851 omnium
1075 3785 1232 3852 Parentem

80 3883 261 3967 pronuntiat,
285 3905 370 3970 quem
386 3897 417 3950 et
429 3883 556 3972 Bptbum
573 3888 713 3952 nominat.
751 3885 885 3952 Eurfdem
902 3911 957 3953 nce
972 3911 1080 3953 marem
1097 3911 1164 3954 esse
1178 3911 1232 3955 nec

80 3985 218 4050 feminam
234 3997 330 4069 putat3
354 4009 371 4050 a
389 4011 447 4073 quo
463 3991 668 4054 universorum
685 3987 784 4054 Mater
799 3991 925 4070 existat,
949 4013 1033 4076 mam
1049 4002 1079 4054 et
1095 3988 1186 4076 Sigen
1203 4003 1233 4056 et

79 4085 243 4152 Veritatem
266 4089 400 4174 appellat.
445 4090 494 4154 Ab
516 4092 570 4156 bac
590 4093 748 4158 secundam
765 4091 911 4172 Matrem,
943 4113 1016 4177 quae
1036 4093 1066 4156 in
1085 4094 1232 4158 oblivione

78 4187 174 4272 posita
189 4201 253 4268 est,
284 4193 426 4276 originem
443 4194 591 4274 traxisse,
622 4217 708 4280 quam
725 4194 890 4260 Achamoth
908 4195 1027 4281 periudc
1045 4207 1077 4260 ut
1093 4197 1142 4260 alii
1157 4219 1232 4262 nun·

77 4302 183 4378 cupat3
204 4312 222 4356 a
237 4313 293 4378 qua
308 4293 445 4379 deinceps
460 4295 490 4359 in
506 4296 621 4361 delectu
637 4299 796 4363 constituta
811 4310 879 4362 suut
893 4299 1000 4364 omnia.
1034 4296 1094 4364 Sed
1109 4301 1232 4387 amplius

109 4443 135 4497 3.
147 4447 322 4528 „cromano
334 4449 379 4499 tcta
391 4453 453 4500 suot.
486 4451 546 4514 Lepc
560 4455 654 4520 χεῖρας,
671 4447 715 4504 adu
728 4449 758 4506 ob
773 4447 861 4508 ἕκατον
874 4447 1031 4520 ὀφθαλμοὺς,
1054 4453 1099 4510 καί
1113 4471 1173 4512 nors
1187 4453 1232 4524 raka

75 4529 230 4580 ammenta
247 4530 305 4582 sep.
323 4521 391 4580 ccc,
408 4521 530 4568 annotoctt
546 4521 664 4570 Pctcctas.
