2984 4996
252 270 313 332 672
671 279 793 332 SANGTI
810 278 979 334 EPIPHANII

252 395 309 476 τόν,
333 393 403 460 ἀλλά
421 399 648 482 δικαιοκρισίας,
670 392 758 471 όσέως
774 399 882 480 κρένων
897 394 967 472 τοῦς
982 392 1235 478 παραβεβηκότας.
1281 390 1326 457 Οό
1343 390 1403 476 ηάρ

252 501 284 563 οἱ
296 497 436 582 ἀκροαταὶ
452 496 546 580 νόμον
561 503 668 564 δίκαιοι
683 497 764 584 παρά
778 505 857 587 θεῷ,
880 496 938 562 ἀλλ’
951 501 983 564 οἱ
995 497 1115 579 ποιηταὶ
1128 493 1224 578 νόμον
1238 492 1405 576 δικαιωθή-

251 621 359 665 σονται.
403 602 445 663 Et
458 601 490 665 δὲ
505 600 682 684 ποιούμενος
697 597 715 666 ό
730 598 821 683 νόμος
835 605 947 666 δικαιοῖ
957 599 1010 666 τδν
1029 597 1206 680 πεινήσοντα,
1230 594 1288 664 οῦκ
1302 595 1404 670 όδιτας

252 700 269 767 ό
283 700 390 785 νόμος,
412 699 478 768 οῦτε
493 710 619 782 φαῦλος,
642 701 680 768 δά
695 702 730 768 δν
746 706 777 769 οἱ
788 711 936 778 τελοῦντες
948 700 999 768 τόν
1014 701 1106 784 νόμον
1119 705 1233 766 δλκαιοι
1243 705 1404 766 καθέστατ-

252 831 306 870 ται.
349 802 399 869 Ἐκ
421 807 452 870 δὲ
473 813 527 871 τοῦ
543 804 639 888 νόμον
657 807 714 870 έστλ
734 808 784 870 καὶ
805 803 826 888 ή
842 809 883 882 εἰς
902 803 1031 891 Χριστόν
1050 805 1342 888 80προφητεααριένη
1358 806 1404 866 πλ-

251 929 327 984 στις,
349 909 437 992 χωρὶς
451 900 487 972 οῦ
504 905 540 972 οῦ
554 907 783 990 δικαιωθήσεται
798 905 906 986 οόδελς,
929 911 979 973 καὶ
995 899 1064 996 ένῷ
1081 905 1240 983 πιστεύσας
1254 905 1339 988 παρὰ
1354 903 1405 986 τήν

251 1017 304 1075 τοῦ
326 1008 420 1092 νόμον
441 1012 704 1094 προφητεασμένην
720 1015 882 1096 μαρτυρίαν
903 1007 940 1076 οῦ
957 1008 1081 1074 δόναται
1103 1007 1193 1074 πόλιν
1209 1013 1404 1074 δικαιοῦσθιο

255 1115 425 1192 81δέκατος,
457 1109 497 1188 τός
519 1111 713 1198 πληρώματος
735 1111 820 1188 όντος
841 1119 895 1177 τοῦ
920 1118 1051 1196 Χριστοῦ
1073 1119 1128 1178 τοῦ
1149 1109 1248 1194 νόμον
1270 1107 1349 1176 κατά
1367 1107 1404 1174 τό

133 1239 183 1286 ιιι·
196 1227 239 1272 ³6³.
255 1212 336 1300 παρά
352 1221 392 1303 τῷ
408 1212 559 1304 ἀποστόλφ
578 1217 729 1300 εἰρημένον
742 1213 798 1293 ότι,
823 1213 974 1298 Πλήρωμα
986 1213 1078 1296 νόμον
1096 1213 1224 1298 Χριστός
1238 1217 1281 1290 εές
1294 1217 1407 1278 δικαιο-

253 1315 359 1400 σόνην,
391 1315 534 1382 δεικνύντι
559 1316 604 1382 ότι
629 1315 700 1382 ἀνευ
725 1317 819 1400 νόμον
842 1319 891 1382 καλ
917 1321 1049 1402 Χριστοῦ
1070 1314 1126 1382 οῦκ
1150 1319 1195 1382 ένι
1218 1313 1406 1396 δικαιοσόπμ

256 1418 331 1485 Οότε
352 1417 408 1505 μδρ
431 1416 568 1486 Ἰουδαῖοι
591 1417 662 1484 ἀνευ
685 1425 813 1505 Χριστοῦ
835 1418 1085 1502 δικαιωθήσονται
1109 1419 1150 1502 μή
1170 1417 1312 1502 λαβόντες
1334 1423 1406 1503 Χρι-

254 1520 337 1600 στδν,
361 1520 428 1587 οὔτε
449 1521 501 1601 σῦ,
525 1527 688 1606 Μαρκίων,
711 1521 899 1612 δικαιωθήσῃ
921 1520 1148 1606 ἀπαρνοῦμενος
1166 1520 1219 1587 τόν
1240 1521 1343 1606 νόμον.

338 1725 364 1809 β
379 1730 430 1792 καλ
446 1727 496 1793 κθ’
513 1727 596 1810 Σχόλ.
633 1729 782 1810 Περιτομή
801 1728 852 1810 μὲν
868 1727 922 1813 μάρ
939 1726 1058 1808 ἀφελεῖ,
1085 1728 1137 1794 ἒάν
1154 1726 1243 1809 νόμον
1256 1724 1406 1818 πράασης,

256 1827 308 1894 έάν
325 1831 357 1894 δέ
375 1829 547 1916 παραβάτης
567 1829 662 1912 νόμον
684 1822 735 1919 ής,
757 1828 777 1912 ή
798 1828 940 1915 περιτομή
962 1853 1017 1895 σου
1039 1827 1217 1914 ἀκροβυστία
1238 1831 1369 1915 γέγονεν.

339 1931 365 2015 β
382 1935 433 1999 καλ
447 1932 498 1998 κθ’
509 1931 618 2019 Ἔλεμχ.
650 1935 693 1997 Εἰ
708 1930 903 2014 ἀποφαίνεται
916 1929 934 1996 ό
948 1931 1031 2017 ἅγιος
1044 1929 1207 2006 ἀπόστολος
1219 1929 1273 2014 τήν
1284 1957 1408 2015 περιτο-

255 2033 317 2117 μήν
341 2033 516 2117 ω’φελήσειν,
547 2039 590 2110 τίς
611 2037 641 2100 έν
663 2044 725 2110 τοῖς
747 2033 890 2116 ω’φελοῦσι
913 2041 1017 2117 μῶμον
1040 2033 1174 2116 θήσειεν,
1204 2032 1274 2098 ἀλλά
1294 2037 1327 2097 εἰ
1348 2033 1407 2119 ἔρα

256 2135 360 2218 ὅμοιος
374 2144 415 2226 τῷ
432 2135 499 2218 όφει
513 2136 662 2222 γενήσεται
668 2165 677 2216 ,·
703 2135 824 2213 Ἔοικας
841 2136 896 2222 γάρ
915 2135 1026 2225 τοότρι,
1052 2129 1245 2222 οἷΜαριιλων.
1288 2133 1405 2202 Κάκεῖ-

255 2265 306 2315 νος
325 2239 381 2324 γὰρ
399 2237 598 2323 ἀντιστρόφων
617 2237 654 2304 τά
669 2239 751 2324 παρά
768 2246 845 2305 θεοῦ
860 2241 997 2325 εἰρημένα
1011 2241 1173 2324 παρέπειθε
1188 2236 1241 2320 τήν
1257 2237 1350 2304 Εῦαν
1363 2241 1407 2302 δέ·

254 2367 330 2426 μων,
362 2338 407 2406 Ου’
427 2341 548 2430 θανάτφ
569 2339 780 2408 ἀποθανεῖσθε.
827 2341 933 2424 Νόμον
953 2339 1009 2428 γάρ
1031 2349 1068 2431 τῇ
1089 2347 1228 2430 περιτομή
1246 2341 1405 2424 σννέδησε,

254 2445 305 2508 καὶ
327 2441 380 2526 τήν
397 2441 556 2529 περιτομήν
576 2451 617 2532 τῷ
637 2443 719 2532 νόμῳ
737 2446 967 2530 συμπρέποοσαν
988 2446 1129 2523 ἐπέδειξε,
1158 2445 1208 2510 καλ
1230 2448 1283 2508 τοῦ
1304 2441 1406 2508 αι’ποδ

255 2552 330 2610 θεοῦ
347 2543 379 2610 τό
396 2544 567 2632 πρόςταμμα
581 2543 720 2630 ῦπόρχειν
735 2544 867 2629 όπέφηνε
881 2554 934 2612 τοῦ
949 2543 1003 2628 τήν
1017 2548 1180 2633 περιτομήν
1189 2569 1258 2611 ποτε
1273 2544 1405 2612 δεδιακό-

255 2672 320 2726 τος,
342 2648 393 2712 καὶ
409 2646 501 2730 νόμον
517 2651 558 2724 εἷς
571 2647 717 2731 βοήθειαν
734 2647 898 2724 δεδωκότος
913 2646 965 2729 ἀφ’
980 2641 1073 2734 οῦπερ
1091 2645 1216 2734 Χριστός
1231 2646 1405 2730 πιστευόμε-

256 2775 306 2825 νος
327 2747 362 2814 τά
383 2751 474 2816 τέλεια
494 2759 556 2826 τοῖς
577 2748 746 2816 πιστεύουσι
765 2757 859 2816 λαλεῖν
879 2775 909 2815 τε
929 2753 980 2815 καλ
1002 2761 1096 2816 ποιεῖν
1116 2752 1276 2836 παρέχεται.

338 2952 362 3039 γ’
379 2955 428 3020 καλ
444 2953 467 3018 λ’
484 2954 569 3039 Σηόλ.
594 2954 719 3039 ”Eam
736 2953 789 3039 τήν
807 2954 963 3042 μόρφωσιν
980 2954 1180 3042 τῆςμνοόσεως
1196 2957 1314 3036 καὶτῆς
1333 2951 1403 3037 α’λη·

254 3059 339 3132 θείας
361 3059 453 3146 ἐντῷ
475 3055 565 3147 νόμῳ.

183 3161 185 3166 ’
338 3159 363 3242 γ’
378 3162 428 3224 καὶ
445 3158 468 3223 λ’
478 3158 587 3245 Ἔλεγχ.
620 3157 697 3243 Εέή
712 3165 817 3245 γνῶσις
833 3159 986 3248 μόρφωσιν
1000 3163 1070 3244 ἔχει,
1093 3157 1153 3225 ἀπό
1169 3161 1203 3226 δέ
1215 3167 1267 3244 τῆς
1278 3157 1401 3246 μαρφό·

255 3281 327 3336 σεως
347 3259 379 3325 τό
402 3259 481 3338 εἶδος
502 3267 650 3344 φαίνεται,
681 3265 712 3328 ολ
731 3263 762 3327 δὲ
785 3262 837 3346 τήν
859 3270 966 3349 γνῶσιν
985 3265 1036 3329 καὶ
1057 3259 1109 3345 τήν
1129 3259 1270 3345 ἀλήθειαν
1290 3265 1401 3346 ἔχοντες

256 3361 415 3430 ἀπόστολοι
430 3367 482 3430 καὶ
498 3367 530 3430 οἱ
542 3363 653 3430 τοῦτων
669 3368 801 3448 μαθηταὶ
817 3369 930 3431 οέδασιν
944 3363 1002 3432 ἀπδ
1018 3372 1070 3447 τῆς
1086 3364 1267 3449 μορφοόσεως
1281 3371 1339 3430 τοῦ
1354 3361 1400 3429 νό-

255 3493 312 3546 μον
327 3464 360 3530 τό
378 3463 457 3542 εἶδος
472 3474 648 3550 κεκτῆσθαι,
678 3469 808 3533 τουτέστι
825 3465 878 3550 τήν
895 3476 1003 3554 γνοῦσιν
1019 3469 1069 3532 καὶ
1088 3465 1141 3549 τήν
1158 3463 1316 3550 ἀλήθειαν,
1347 3464 1399 3532 σῦκ

255 3565 313 3652 ἀρα
329 3566 477 3655 ἀλλότριος
491 3567 509 3635 ό
524 3569 615 3651 νόμος
632 3579 667 3616 ⁸²
676 3579 728 3653 τῆς
744 3569 878 3656 μνιόσεως
890 3572 941 3635 καὶ
954 3578 1006 3653 τῆς
1020 3567 1167 3651 ἀληθεέας.
1189 3567 1265 3634 ’Διά
1278 3565 1335 3654 γόρ
1349 3575 1400 3648 τής

255 3670 287 3733 έν
308 3667 388 3758 αὐτῷ
410 3674 591 3756 μορφοέσεως
610 3673 780 3758 ἐπέγνωσαν
802 3675 832 3737 οἱ
847 3671 974 3758 κήρυκες
994 3679 1047 3755 τῆς
1062 3669 1204 3754 ἀληθελας
1224 3671 1278 3754 τήν
1291 3677 1399 3756 γνῶσιν

255 3774 305 3836 καλ
327 3771 379 3854 τήν
400 3771 551 3856 ἀλήθειαν.

340 3873 365 3938 δ’
378 3878 429 3940 καλ
441 3876 484 3940 λα’
498 3877 582 3960 Σχόλ.
605 3874 670 3941 ”Eu
683 3874 738 3963 γάρ
756 3875 882 3963 Χριστός
896 3875 991 3942 όντων
1004 3875 1089 3960 ήμῶν
1101 3873 1247 3956 ἀσθενεῖν,
1269 3878 1311 3942 ἔτι
1326 3871 1398 3941 κατδ

256 3975 359 4061 καιρόν
380 3975 454 4062 ῦπέρ
477 3977 590 4062 ἀσεβῶν
611 3977 770 4044 ἀπέθανεν.

340 4079 365 4144 δ’
382 4083 431 4146 καλ
447 4079 490 4144 λα’
501 4079 611 4166 Ἕλεμχ.
643 4081 683 4147 Τδ
696 4079 763 4147 Ἔτι
777 4083 828 4147 καλ
839 4079 1003 4146 Ἀπέθανεν
1017 4079 1054 4146 οό
1070 4080 1229 4165 δινήσεως,
1251 4078 1319 4146 ἀλλά
1333 4077 1397 4162 ἀλη

255 4185 342 4258 θείας
362 4185 421 4247 δστλ
440 4182 629 4267 σημαντικόν.
674 4186 716 4248 Εἰ
731 4182 786 4270 γδρ
802 4182 924 4267 δόκησις
940 4175 995 4266 ἦν,
1025 4189 1068 4262 τές
1085 4187 1165 4271 χρελα
1182 4183 1309 4252 τοῦἜτι
1326 4185 1396 4270 λέγι-

288 4373 329 4424 80.
347 4377 386 4424 Sic
401 4375 437 4425 εδ.
451 4379 531 4458 ξιιορ.
545 4391 574 4426 ιτ
587 4377 638 4427 cod.
654 4379 725 4426 νσλίο.
751 4393 809 4442 τρο-
844 4369 1016 4458 δκαλ,.ηοοδ
1032 4380 1084 4458 libr}
1101 4378 1199 4440 λιαδειιλ,
1224 4379 1328 4441 quodque
1343 4390 1395 4438 σιν·

256 4441 566 4575 φ”δῗῗδλλλδέλήλέῖὶ
586 4519 681 4565 ...απ
699 4527 751 4564 ...ι
767 4529 811 4576 ι..
835 4447 1159 4577 Δ.ἶ“.ήέι...”’ῦῖλᾶῦδῖ’.τόδ’
1168 4447 1393 4566 έλῗῖἰῦῦιῗ.
