3036 4998
288 357 350 420 326
711 365 831 417 ειαατι
850 365 1019 417 υνιειιιαιι

290 512 358 568 φειν
379 485 555 567 εἰθισμένοι,
584 480 655 568 μήτε
679 479 774 570 λόγων
800 482 946 566 Μτέχνην
965 479 1144 567 ήσκηκότες,
1173 482 1293 572 άγάπης
1312 486 1346 552 δέ
1365 483 1431 569 ήμές

289 588 527 675 προτρεπομένης
541 591 588 654 σοέ
601 587 694 651 τεκαὶ
710 592 783 650 πάσι
799 593 861 662 τοῖς
877 583 948 668 μετά
964 609 1019 652 σου
1035 585 1164 671 μηνύσαι
1177 587 1216 654 τά
1230 589 1313 675 μέχρι
1326 589 1378 672 μέν
1389 594 1431 654 νύν

290 691 491 777 κεκρυμμένα,
521 687 580 774 ήδη
598 688 630 754 δέ
648 686 722 753 κατά
740 685 795 770 τήν
811 685 896 774 χάριν
913 694 967 752 τοῦ
985 695 1060 754 θεοῦ
1077 692 1119 767 εἰς
1135 687 1266 776 φανερόν
1282 689 1431 774 ἐληλυθότα

290 791 462 878 διδάγματα.
510 788 606 857 Ούδέν
622 789 677 877 γάρ
697 792 757 856 ἐστι
773 791 1008 874 κεκαλυμμένον,
1037 790 1056 857 δ
1076 789 1132 858 ούκ
1149 791 1429 877 ἀποκαλυφθήσεται,

291 900 343 962 καλ
364 892 512 981 κρυπτάν,
535 893 553 959 δ
574 892 611 959 ού
633 891 845 979 γνωσθήσεται.

251 994 270 1054 '-
379 994 442 1062 Ούτι
464 994 645 1080 ἐπιζητήσας
665 996 697 1060 δέ
718 992 786 1081 παρ’
806 993 905 1078 ήμῶν,
935 1001 996 1060 τῶν
1016 997 1049 1062 ἐν
1073 1001 1212 1074 1Κελτοῖς
1231 997 1432 1086 διατριβόντων

291 1103 342 1166 καλ
357 1101 425 1186 περὶ
439 1097 592 1184 βάρβαρον
606 1095 757 1163 διάλεκτον
773 1095 806 1162 τό
822 1105 955 1163 πλεῖστον
971 1095 1201 1181 άσχολουμθοιν,
1222 1099 1319 1187 λόγων
1333 1103 1431 1186 τέχνην,

289 1201 327 1286 ἣν
343 1200 398 1268 ούκ
416 1201 577 1285 ἐμάθομεν,
601 1198 668 1266 ούτε
683 1199 810 1281 δύναμιν
824 1203 1028 1286 συγγραφέως,
1049 1199 1088 1284 ήν
1103 1198 1159 1266 ούκ
1177 1198 1354 1287 ἠσκήσαμεν,
1376 1201 1431 1270 ούτι

289 1301 495 1387 καλλωπισμόν
509 1305 627 1382 λέξεων,
649 1300 718 1368 ούτε
731 1299 933 1384 πιθανότητα,
961 1301 1000 1384 δήν
1017 1300 1073 1368 ούκ
1090 1305 1225 1387 οέδαμεν·
1255 1302 1326 1371 άλλά
1345 1303 1432 1381 άπλάς

289 1409 340 1473 καλ
361 1404 482 1490 άληθῶς
500 1406 550 1470 καλ
571 1407 727 1482 ἰδιωτικῶς
746 1401 783 1470 τά
801 1402 873 1486 μετά
897 1400 1039 1490 Ιάγάπης
1055 1427 1102 1471 σοι
1117 1407 1266 1492 γραφέντα
1283 1406 1354 1492 μετά
1371 1405 1429 1494 άγά·

290 1535 348 1594 πής
370 1506 432 1574 8σά
448 1507 609 1596 προςδέξη,
640 1507 689 1572 καὶ
709 1504 798 1584 αύτός
814 1503 949 1589 αὐξήσεις
966 1504 1041 1572 αύτδ
1056 1506 1137 1594 παρά
1153 1517 1280 1600 σεαυτῷ,
1312 1509 1360 1576 άτε
1379 1515 1431 1576 ι’τα-

289 1611 416 1698 νιότερος
432 1607 518 1694 ήμῶν
531 1607 691 1695 τυγχάνων,
714 1611 804 1675 οέονελ
819 1609 971 1693 σπέρματα
983 1611 1033 1675 καλ
1048 1607 1138 1696 άρχάς
1152 1609 1251 1695 λοβόν
1264 1611 1334 1699 παρ’
1349 1610 1430 1696 ήμῶν,

291 1715 342 1780 καὶ
365 1717 397 1779 ἐν
421 1719 461 1800 τῷ
482 1709 581 1777 πλάτει
600 1732 654 1778 σου
674 1717 726 1778 τοῦ
747 1718 801 1777 νοῦ
819 1713 868 1777 ἐπὶ
883 1709 958 1776 πολύ
976 1712 1216 1800 καρποφορήσεις
1231 1711 1269 1778 τό
1285 1713 1323 1780 δι’
1340 1713 1432 1802 όλέγυν

291 1812 343 1896 ύφ’
358 1812 442 1898 ήμῶν
458 1815 610 1900 εἰρημένα,
640 1816 691 1880 καλ
707 1818 842 1890 δυνατῶς
857 1811 1054 1899 παραστήσας
1070 1824 1133 1892 τοῖς
1147 1813 1219 1899 μετά
1234 1823 1291 1882 σοῦ
1303 1814 1340 1882 τά
1355 1815 1430 1882 άσθε-

291 1925 351 1993 νοδς
371 1914 424 1998 ύφ’
445 1913 531 2000 ήμῶν
552 1915 761 2003 άπηγγελμάα,
807 1917 867 1980 Kal
890 1913 931 1992 ύς
951 1913 1036 2000 ήμεῖς
1056 1915 1327 2002 έφιλοτιμήθημεν,
1354 1917 1431 1984 πάλαι

291 2017 448 2103 ζητοῦντός
464 2041 517 2085 σου
532 2028 641 2101 μαθεῖν
656 2018 711 2102 τήν
726 2016 846 2104 γνύμην
861 2015 969 2100 αύτοδν,
992 2018 1033 2103 μή
1048 2018 1139 2102 μόνον
1156 2041 1204 2086 σοι
1217 2029 1341 2104 ποιήσαι
1354 2045 1432 2104 φατε·

168 2151 218 2196 μς.
233 2139 278 2184 ιιι.
292 2120 359 2208 ράυ,
381 2118 452 2187 άλλά
466 2123 519 2186 καλ
536 2120 643 2203 ἐφόδια
656 2125 761 2188 δοῦναι
775 2118 852 2208 πρός
865 2118 898 2187 τό
913 2119 1108 2188 ἐπιδεικνύειν
1122 2119 1216 2206 αύτήυ
1230 2128 1341 2208 ψευδῆ,
1362 2121 1431 2190 οάτα
1491 2181 1492 2200 ,

292 2224 350 2289 4δέ
372 2225 422 2289 καλ
443 2220 480 2288 σύ
502 2228 663 2307 φιλοτίμοις
683 2233 746 2300 τοῖς
763 2232 880 2300 λοιποῖς
897 2223 1100 2308 διακονήσεις,
1129 2223 1204 2291 κατά
1219 2222 1274 2309 τήν
1290 2225 1373 2313 χάριν
1385 2223 1433 2308 τήν
1491 2207 1492 2246 ¹

291 2324 350 2392 ύπό
369 2333 421 2392 τοῦ
441 2330 546 2412 κυρίου
565 2329 613 2393 σολ
632 2328 806 2410 δεδομένην,
837 2328 879 2403 εἰς
897 2325 929 2391 τό
945 2329 1047 2411 μηκέτι
1063 2326 1289 2414 παρασύρεσθαι
1305 2327 1373 2406 τούς
1387 2325 1429 2393 άν·

184 2484 191 2500 .
292 2427 436 2514 θρύποας
456 2425 517 2494 ύπό
539 2434 592 2514 τῆς
613 2429 733 2496 ἐκείνων
754 2433 979 2516 πιθανολογλας,
1003 2428 1095 2513 οὔσης
1114 2429 1265 2514 τοιαύτης·

151 2739 218 2808 Κεφ.
236 2738 277 2794 ια’.
361 2736 504 2820 ’Λέγουσι
522 2733 578 2821 γάρ
596 2760 660 2800 τινα
675 2730 751 2800 ελνιιι
767 2737 799 2801 ἐν
814 2731 953 2823 άοράτοις
968 2739 1018 2801 καλ
1035 2734 1286 2821 άκατονομάστοις
1300 2735 1430 2822 όψόμασι

288 2839 396 2904 τέλειον
412 2840 518 2902 Λέῶνα
533 2835 664 2924 προόντα
680 2844 795 2916 (τοῦτον
810 2837 842 2902 δέ
858 2838 908 2903 καλ
930 2839 1109 2925 ιΠροαρχήν
1123 2843 1175 2906 καὶ
1191 2839 1373 2929 Προπάτορα
1386 2837 1430 2904 καὶ

290 2938 395 3006 Βυθόν
409 2947 575 3018 καλοῦσιν)·
605 2936 772 3023 ύπάρχοντα
790 2935 816 3003 δ’
835 2936 926 3005 αύτόν
939 2937 1090 3027 άχύρητον
1106 2945 1157 3009 καὶ
1172 2939 1315 3030 άόρατον,
1344 2939 1431 3010 όΐδιόν

289 3068 320 3108 τε
340 3043 392 3108 καὶ
413 3040 587 3129 όγέννητον,
614 3043 646 3107 ἐν
665 3038 771 3130 ήσνχέμ
793 3043 845 3106 καὶ
860 3039 966 3130 ήρεμέγι
980 3051 1072 3134 πολλῇ
1087 3046 1238 3131 γεγονέναι
1259 3048 1292 3111 ἐν
1312 3043 1432 3128 άπεέροις

288 3147 387 3210 Αέὥσι
403 3143 557 3230 ’χρόναν,
579 3141 776 3231 συνυπάρχειν
793 3139 819 3208 δ’
834 3140 913 3232 αύτῷ
930 3144 1145 3226 καλἝννοιαν,
1166 3147 1204 3232 ἣν
1219 3145 1256 3231 δή
1275 3150 1327 3214 καλ
1345 3144 1430 3229 Χάριν
1490 3125 1491 3188 λ

288 3249 340 3312 καλ
354 3243 448 3333 Σιγήν
461 3244 651 3329 ὀνομάζουσι·
674 3249 725 3311 καλ
743 3248 945 3329 ’ἐννοηθήναέ
959 3273 1028 3313 ποτε
1045 3247 1097 3330 άφ’
1113 3252 1222 3315 ἐαυτοῦ
1237 3251 1429 3336 προβαλέσθαι

287 3347 346 3415 τόν·
359 3346 464 3414 Βυθόν
480 3356 586 3414 τοῦτον
602 3346 694 3435 άρχήν
712 3356 772 3413 τῶν
788 3345 922 3428 πάντων,
943 3351 995 3415 καλ
1010 3349 1149 3437 καθάπερ
1164 3355 1281 3439 σπέρμα
1297 3351 1351 3437 τήν
1363 3374 1426 3434 προ-

288 3448 381 3535 βολήν
401 3448 526 3533 ταύτην,
555 3449 593 3532 ἣν
612 3451 813 3537 προβαλέσθαι
833 3449 994 3535 ἐνενοήθη,
1024 3457 1099 3520 4καλ
1116 3457 1320 3537 καταθέσθαι,
1350 3449 1385 3528 ός
1400 3453 1429 3515 ἐν

287 3551 401 3642 μήτρᾳ,
432 3560 468 3642 τή
490 3551 719 3642 συνυπαρχούση
740 3554 834 3642 ἐαυτῷ
853 3559 946 3644 Σιγῇ·
977 3554 1087 3640 ταύτην
1108 3558 1141 3623 δέ
1159 3555 1376 3641 ύποδεξαμέυην
1396 3547 1426 3616 τό

287 3657 401 3742 σπέρμα
417 3661 503 3720 τοῦτο
520 3656 572 3720 καέ
585 3654 733 3742 ἐγκύμονα
748 3655 906 3740 γενομένην
925 3653 1095 3743 άποκυήσαι
1113 3665 1198 3726 Νοῦν
1216 3658 1323 3744 ὅμοιόν
1339 3681 1366 3723 τε
1381 3657 1427 3720 καλ

286 3762 352 3824 ἴσον
371 3765 413 3846 τῷ
435 3756 629 3843 προβαλόντι,
663 3759 714 3823 καὶ
737 3755 829 3840 μόνον
851 3765 1003 3844 χωροῦντα
1031 3760 1063 3828 τό
1090 3765 1218 3848 μέγεθος
1241 3769 1296 3828 τοῦ
1316 3756 1425 3846 πατρός·

291 3857 351 3926 Τόν
365 3860 397 3925 δέ
415 3867 503 3926 Νοῦν
519 3868 624 3926 τοῦτον
638 3863 689 3927 καλ
703 3867 865 3945 Μονογενή
880 3869 1017 3944 καλοῦσι,
1039 3865 1090 3930 κοιλ
1110 3867 1247 3952 Πατέρα,
1269 3867 1320 3932 καλ
1332 3857 1427 3946 Ἀρχήν

286 3969 345 4028 τοόν
356 3960 485 4029 πάντων.
529 3968 820 4049 Συμπροβεβλῆσθαι
837 3963 870 4028 δέ
884 3961 964 4054 αύτῷ
979 3963 1151 4049 Ἀλήθειαν,
1172 3970 1224 4034 καλ
1240 3965 1314 4034 εἶναι
1328 3963 1427 4042 ταύτην

288 4062 433 4150 οπριότην
450 4066 501 4130 καὶ
519 4063 675 4152 άρχέγονον
695 4062 908 4152 Πυθαγορικὴν
928 4069 1132 4154 θΤετρακτύν,
1154 4069 1194 4154 ἣν
1209 4071 1260 4136 καλ
1274 4067 1360 4150 Ῥέζαν
1372 4069 1427 4130 τόν
1489 4073 1490 4078 ’

320 4251 358 4306 ¹6.
374 4271 402 4307 τε
419 4255 467 4308 νιόν
482 4259 533 4308 ανδ.
550 4259 603 4308 Vm.
908 4254 931 4308 4.
950 4260 1043 4312 nauem
1061 4258 1107 4328 δή.

319 4321 377 4371 (λιν.
415 4351 467 4372 .-
483 4318 763 4392 Ι.άδελφοῖςτοιλ7τυ.
785 4327 840 4379 δελ·
910 4325 968 4376 Gu-
985 4327 1031 4378 ΧΙ.
1050 4355 1080 4368 -
1102 4329 1124 4381 1.
1144 4326 1280 4399 Πρσαρχήν
1298 4327 1340 4383 καὶ
1355 4323 1425 4376 ulit&

283 4395 340 4456 φοῐς
352 4393 388 4439 τό.
397 4395 473 4452 μελισ.
496 4394 524 4444 λιι
537 4396 642 4456 amplo
651 4397 784 4444 διδολιλαιιο
797 4409 841 4444 στι-
874 4395 903 4444 δι
917 4395 985 4445 codd.
1002 4399 1056 4448 λέτι.
1072 4402 1093 4446 ελ
1110 4398 1200 4460 γονέα,
1217 4413 1269 4449 τιαα
1282 4399 1362 4462 ηαδστ
1372 4405 1424 4442 ⁰⁰¹·

284 4463 389 4509 κσλσλατο
401 4464 433 4508 τοι
441 4459 495 4523 ,,Μ.
505 4463 610 4520 κολεοῖς,
622 4454 700 4528 ήγουν
711 4463 839 4522 κελταῐς.“
873 4465 948 4524 φέναι
967 4465 1012 4514 λέν.
1031 4467 1120 4516 trema
1132 4468 1230 4529 Ιτατρτ.

316 4525 340 4576 2.
358 4519 460 4610 ἀγάπης
476 4527 650 4596 συγγραφέντα
666 4532 717 4581 τσδ
733 4532 788 4580 Vm.
907 4533 932 4580 ’Δ
949 4526 1047 4598 χρόνοις
1063 4533 1114 4584 σεδ.
1133 4535 1188 4585 Vm

318 4592 342 4644 3.
361 4607 393 4644 συ
408 4607 453 4643 οιικ
469 4599 521 4646 τιό.
539 4599 593 4648 οἰκ.
907 4595 932 4649 ³·
949 4613 1009 4651 ποτε
1025 4597 1172 4670 έννοηθῆναι
1190 4603 1243 4654 οοδ,
1260 4601 1312 4653 Uen.
