2986 4996
297 307 431 359 ιιιιιιιιι
448 307 525 359 nun.
540 307 708 360 amasses
730 309 793 359 mu.
807 309 828 361 1.
843 309 922 360 uum.
941 311 958 360 ι.
1158 299 1194 362 61

78 434 150 508 atquc
170 425 301 490 uniuersa
323 425 531 511 scripturarum
549 426 667 490 oracula
685 425 905 512 praedicabant,
937 427 974 492 ab
991 427 1200 513 agricolatione

78 526 171 611 depulsi
189 538 271 605 suot,
302 548 459 612 eorumque
482 528 547 592 loco
566 541 669 611 gentes
688 528 887 608 introductae3
916 531 990 594 adeo
1012 542 1043 594 ut
1064 532 1141 594 nulla
1162 533 1202 594 sit

77 629 123 691 illis
147 631 363 713 consequendae
384 629 485 693 salutis
514 629 569 694 alia
592 629 693 693 relicta
722 630 797 694 ratio
822 652 906 715 quam
934 643 967 696 ut
995 633 1029 696 ad
1057 633 1199 716 evangelii

77 733 180 812 gratiam
200 731 374 817 postliminio
396 729 577 814 confugiant.
621 729 738 795 Etenim
761 733 833 817 apud
856 732 935 818 ipsos
958 735 1052 798 omnia
1074 734 1199 798 iustitiae

78 834 198 916 praesidia
220 855 305 898 cassa
327 835 480 918 inaniaque
501 832 613 896 reddita
635 844 719 910 sunt,
751 835 791 896 uti
814 835 921 918 passim
944 835 1059 898 divinae
1084 836 1199 914 literae,

77 945 101 996 ιι
118 935 213 1019 ubique
241 939 302 1000 lere
323 946 480 1000 testantur.
530 932 580 997 Ex
606 933 708 1018 quibus
734 955 821 998 unum
844 937 984 999 duntaxat
1006 939 1200 1002 testimonium

76 1037 239 1118 adieramus,
262 1060 318 1122 quo
340 1059 423 1122 quam
441 1036 628 1102 immutabilis
650 1037 789 1119 firmaque
808 1037 949 1100 adversus
971 1038 1035 1100 illos
1057 1039 1115 1102 lata
1132 1061 1200 1103 scn-

77 1139 148 1201 tcntia
172 1141 210 1202 sit
230 1139 330 1224 paucis
351 1140 525 1202 ostenditur.
576 1135 652 1220 Quid
676 1138 751 1200 enim
778 1139 807 1202 iu
831 1138 910 1223 ipsus
934 1159 951 1202 a
975 1140 1030 1201 deo
1052 1141 1198 1206 decretum

76 1241 118 1318 sit,
138 1242 223 1304 narba
244 1241 292 1303 illa
309 1241 474 1304 declarant:
504 1235 625 1312 Ansina,
649 1240 758 1324 inquit,
782 1263 853 1322 qaue
863 1244 1025 1321 prophetam
1046 1243 1124 1304 allum
1141 1265 1197 1304 noa
1210 1247 1323 1346 vulpem

76 1347 192 1417 nutrit,
223 1344 454 1404 exterminabitur
475 1363 493 1404 u
515 1343 590 1403 tribu
611 1363 679 1415 suu,
707 1353 737 1404 et
755 1343 791 1403 ub
810 1343 931 1416 israele,
955 1353 983 1404 et
1002 1344 1038 1404 ub
1059 1347 1136 1404 omni
1153 1367 1198 1405 re-

73 1450 141 1522 gione
154 1467 225 1527 qnae
239 1448 314 1506 coelo
331 1445 489 1505 subiam'tnr.
536 1440 622 1525 Quod
637 1444 771 1508 nimirum
787 1464 861 1527 quae
876 1444 926 1506 lex
942 1445 1062 1528 mystice
1078 1444 1201 1508 tradide-

76 1557 122 1624 rat,
148 1548 218 1633 baec
236 1568 253 1609 a
268 1543 388 1610 Christo
404 1545 521 1608 donnino
537 1545 730 1608 consummari
750 1545 910 1628 munirique
928 1549 1056 1630 perlecta
1074 1567 1107 1608 ac
1123 1547 1202 1610 salu-

74 1647 149 1712 briter
164 1649 336 1734 oportebat,
360 1668 394 1710 ac
410 1646 539 1731 quisquis
560 1645 638 1710 illum
659 1647 759 1710 audire
779 1657 935 1724 rennueret,
959 1658 1009 1710 aut
1027 1647 1203 1712 detrectaret

75 1749 219 1832 inperium,
244 1771 309 1813 cum
325 1749 438 1812 tametsi
455 1749 545 1832 legem
562 1767 766 1832 usquequaque
781 1759 914 1811 servaret
929 1749 1006 1811 omiti
1022 1769 1073 1833 spe
1089 1751 1202 1835 potiun-

75 1853 116 1913 dae
131 1851 229 1916 salutis
247 1850 375 1914 excludi.
421 1847 527 1932 Neque
550 1849 626 1912 enim
648 1850 698 1914 lex
714 1859 864 1933 praestare
882 1853 1040 1935 perlectam
1059 1851 1201 1915 bominem

75 1963 164 2034 potest,
182 1975 236 2038 pro
255 1974 290 2015 eu
309 1952 382 2036 quud
398 1971 499 2014 crassa
516 1952 613 2014 omnia
627 1971 823 2036 corporeaque
840 1954 1060 2036 consequendae
1075 1953 1202 2018 iustitiae

74 2055 201 2134 praesidia
216 2055 428 2138 complectitur,
447 2073 520 2137 quae
535 2053 565 2116 in
578 2049 697 2117 Christo
712 2053 828 2117 domiuo
843 2053 939 2138 reipsa
954 2066 1200 2118 consummantur.

143 2155 292 2220 Hactenus
309 2156 344 2218 de
357 2153 530 2220 Iudaeorum
548 2165 639 2218 secta.
683 2151 730 2218 De
745 2175 800 2239 qua
817 2174 909 2240 pauca
923 2156 1061 2238 quaedam
1077 2175 1202 2220 comme-

76 2277 173 2321 nurare
189 2260 285 2320 visum
302 2266 366 2334 est,
391 2277 427 2320 ιιι
443 2257 561 2320 omniuo
580 2257 894 2341 praetermitteremus,
918 2267 1004 2339 atque
1018 2267 1049 2320 ut
1065 2277 1106 2322 ex
1122 2267 1204 2342 parte

74 2359 158 2422 saltem
178 2379 253 2444 quae
270 2358 384 2422 illorum
400 2358 513 2442 propria
533 2367 600 2420 suut
617 2360 750 2420 oratione
765 2377 1019 2442 prosequeremur.
1062 2355 1205 2423 Praeser-

75 2461 113 2522 tim
130 2483 190 2524 ιιι
211 2459 347 2524 omnibus
366 2461 427 2523 lere
447 2469 504 2522 ιιιιι
523 2460 636 2522 illorum
656 2461 694 2524 sit
708 2459 889 2539 institutum,
919 2481 1002 2543 quant
1022 2460 1085 2523 eius
1103 2463 1203 2524 redar-

73 2563 163 2642 guendi
184 2561 438 2645 convincendique
461 2562 535 2624 ratio
559 2571 721 2646 perspecta.
765 2561 836 2652 Nos·
855 2581 926 2624 nero
948 2561 1203 2653 primordiaillius

73 2664 238 2728 ostendimus
256 2672 285 2725 ιι
298 2664 442 2726 undenam
457 2663 614 2726 excitatum
631 2663 720 2726 luerit
734 2663 894 2740 docuimus,
917 2683 953 2724 ao
965 2664 1202 2746 quemadmodum

73 2761 103 2824 ab
116 2765 249 2829 Abraami
272 2764 453 2850 patriarchae
473 2763 615 2846 religione
635 2786 651 2828 a
673 2786 729 2849 quo
749 2765 891 2848 procreati
914 2767 1029 2828 luserant
1059 2763 1203 2850 Religioni

73 2865 198 2952 principio
221 2865 363 2930 nominati
387 2867 463 2943 siut,
493 2863 644 2930 lsraelitae
669 2887 740 2930 vero
764 2865 799 2929 ab
821 2865 898 2929 illius
921 2866 978 2928 lilio
999 2864 1124 2946 Incubo,
1155 2868 1202 2951 qui

74 2962 152 3030 lsrael
170 2979 292 3032 vocatus
310 2978 368 3030 est.
414 2963 473 3031 Sed
490 2989 507 3030 a
523 2964 645 3032 Doridis
665 2979 812 3053 tempore,
842 2966 891 3052 qui
913 2966 1032 3030 eladae
1050 2968 1140 3052 stirpe
1157 2987 1204 3030 re·

74 3089 148 3149 gnum
167 3069 311 3147 obtinuit,
341 3065 402 3132 Xll
422 3089 524 3132 oannes
541 3069 634 3133 tribus
651 3067 750 3132 ludaei
768 3080 854 3152 atque
872 3068 1022 3134 israelitae
1039 3069 1203 3153 promiscue

74 3169 248 3251 dicebantur,
273 3170 413 3253 usquead
434 3167 621 3236 Salomonem
637 3167 772 3250 Doridis,
796 3181 826 3234 ιι
840 3169 1020 3234 Roboamum
1039 3169 1204 3235 Salomonis

73 3271 164 3354 ilium,
196 3272 322 3338 Doridis
339 3282 485 3356 nepotem.
531 3270 579 3334 Ex
598 3293 655 3356 quo
673 3271 786 3354 quidem
804 3293 856 3356 per
873 3271 1059 3336 iustissimam
1077 3273 1123 3336 dei
1141 3273 1204 3335 oni-

73 3375 310 3452 msdrersionem,
333 3373 465 3457 quodque
484 3372 556 3436 male
572 3373 692 3436 meritus
706 3384 770 3436 erat
783 3371 969 3452 lloboamus,
992 3371 1053 3438 Xll
1070 3375 1138 3438 illae
1154 3373 1204 3436 tri·

73 3469 118 3535 bus
133 3477 243 3540 divisae
262 3485 349 3553 suant,
379 3475 451 3538 adeo
468 3485 501 3536 ut
519 3475 628 3538 duabus
648 3496 712 3537 oum
728 3475 845 3539 dimidia
863 3472 952 3539 lubae
970 3475 1033 3540 sive
1052 3473 1204 3538 Robcamo

73 3575 181 3657 relictis,
202 3597 310 3640 norom
327 3598 391 3639 cum
409 3575 525 3639 dimidia
540 3573 711 3639 leroboamc
726 3576 833 3640 luerint
848 3597 1017 3642 concessae.
1052 3575 1117 3640 llae
1132 3595 1203 3638 nero

75 3695 165 3740 novem
182 3677 402 3756 israelitarum,
426 3689 476 3741 aut
494 3675 613 3742 lsraelis
630 3680 745 3742 nomine
764 3678 975 3758 censebantur,
1006 3677 1108 3762 quibus
1123 3675 1204 3740 lero·

74 3775 181 3844 loamm
200 3777 311 3844 Nabati
328 3779 404 3843 lilius
420 3791 571 3864 praeerat,
595 3779 714 3863 eiusque
733 3780 816 3863 regni
833 3781 919 3844 sedes
939 3781 968 3844 in
987 3777 1120 3844 Samaria
1135 3799 1204 3840 con-

74 3880 171 3944 stituta.
218 3879 361 3966 Reliquae
379 3882 452 3944 duae
472 3879 683 3967 Hierosolymis
702 3882 883 3946 contributae
902 3903 992 3966 penes
1011 3901 1083 3965 quaes
1102 3879 1205 3942 ludae-

74 3999 145 4044 orum
167 4003 276 4046 nomeu
299 3983 419 4046 resedit.
469 3981 581 4046 Harum
604 3983 737 4068 princeps
760 3981 929 4046 ltoboamus
952 3995 1017 4047 erat
1039 3978 1205 4046 Salomonis

73 4079 154 4164 ilios,
186 4095 273 4167 atque
291 4083 326 4146 ab
345 4105 381 4148 eo
402 4084 537 4168 deinceps
557 4105 656 4168 regum
679 4096 725 4148 est
742 4086 864 4148 deducta
882 4083 1043 4148 successio.
1088 4080 1205 4145 Etenim

72 4177 232 4249 llobuamus
250 4185 353 4248 Aliam
376 4183 492 4268 genuit,
517 4183 608 4250 Abias
626 4185 736 4263 Asam,
762 4186 825 4250 Asa
845 4186 1044 4272 losapbatum,
1068 4182 1206 4269 losapba-

73 4291 112 4347 ιιι
129 4284 293 4365 loramum,
323 4285 454 4350 locamus
472 4283 650 4366 Ooboziam,
674 4284 823 4351 0cbozios
840 4288 936 4368 luam,
961 4287 1027 4350 loas
1041 4285 1204 4363 Amasiam,

73 4387 201 4452 timasius
221 4389 376 4466 Azanium,
408 4389 456 4472 qni
479 4397 510 4450 ιι
531 4385 623 4452 Ozias
643 4399 764 4452 vocatus
789 4401 851 4468 est,
882 4391 1007 4454 Azarias
1028 4389 1091 4454 sive
1114 4382 1206 4452 Ozias

74 4479 255 4571 loutbamum,
280 4488 446 4554 loutbamus
464 4489 623 4570 Achaeum,
646 4491 781 4556 Aclrasus
799 4491 969 4574 Ezechiam,
993 4489 1121 4556 Bzecbia
1139 4507 1206 4574 pur·
