3018 4994
334 334 469 386 rsuanu
487 333 550 386 rra.
566 335 583 386 r.
601 335 680 388 rou.
695 333 726 386 u.
743 333 841 385 unna.
856 333 957 384 xxxa.
1158 317 1218 386 385

70 453 150 517 tbeta
165 453 229 517 sive
247 450 392 516 Debnitor
407 452 527 534 dicitur,
552 465 581 518 et
595 455 630 518 ad
647 475 712 518 eum
726 452 790 518 laot
804 454 962 518 inclamans
982 453 1129 517 bacillum
1145 475 1219 518 voce

69 554 205 618 liemavit.
239 551 345 640 Neque
361 577 432 620 sacro
447 555 647 621 duodecimum
662 557 718 620 iarn
731 579 837 620 annum
852 555 994 640 sangnine
1009 557 1101 620 dracus
1116 556 1220 621 mulier

68 659 103 722 ad
121 659 245 721 istorum
261 658 385 722 fabulam
403 659 552 736 convenit,
577 679 650 744 quac
666 669 800 724 vertente
814 659 927 723 demum
943 681 1019 723 anno
1035 659 1217 739 duodecimo,

70 770 222 845 postquam
246 771 306 823 toto
329 761 379 823 illo
402 770 533 845 ternpore
556 759 698 846 prolluvio
718 761 868 844 sauguinis
887 762 1065 840 laborasset,
1098 772 1219 848 repente

69 863 235 926 consonuit.
280 860 350 926 Non
375 863 451 926 eninr
474 864 607 926 undecim
628 865 842 948 annispexpers
868 862 969 926 morbi·
982 863 1151 928 duodecimo
1170 847 1240 928 de·⁴

68 985 146 1028 mum
166 965 320 1029 sanitatem
341 963 475 1028 obtinuit.
522 965 567 1028 Ac
586 986 681 1050 ucqao
697 966 800 1029 mulier
818 965 885 1046 illa,
917 987 990 1050 qnae
1009 966 1100 1030 denas
1118 968 1220 1032 draeb-

68 1087 130 1130 mas
153 1066 293 1146 babebat,
317 1089 404 1130 unam
422 1088 462 1130 ox
479 1067 516 1132 iis
534 1068 631 1132 amisit
646 1069 780 1149 omnino,
813 1090 869 1154 qno
887 1068 1101 1132 commentitios
1119 1069 1168 1132 ille
1187 1092 1220 1133 ac

69 1171 212 1234 materiae
229 1181 384 1234 concretus
401 1169 487 1234 neon
506 1182 643 1234 constare
661 1173 763 1256 possit.
811 1171 954 1235 Accendit
968 1171 1044 1234 enim
1059 1171 1219 1252 lucernam,
1295 1255 1298 1262 Ι

70 1285 99 1336 et
123 1272 290 1337 drachmam
313 1271 434 1358 reperit.
903 1349 909 1362 ι

144 1372 341 1458 Quamobrem
357 1375 469 1438 dnobus
481 1375 560 1440 bisce
576 1375 707 1440 tribusve
722 1375 820 1440 verbis
834 1376 946 1440 illorum
963 1376 1093 1441 discussa
1107 1377 1218 1440 somnia
1265 1379 1324 1446 cap.

69 1499 155 1562 quam
174 1479 273 1563 putida
289 1488 319 1541 et
334 1477 478 1542 imbecilla
494 1478 553 1542 siut
568 1477 652 1542 laoile
669 1469 796 1563 prudens
810 1478 930 1564 quilibet
944 1490 974 1543 et
988 1490 1106 1543 sacoma
1121 1500 1154 1542 ao
1171 1447 1325 1543 cmxxxv
1341 1447 1362 1498 Π

71 1580 198 1644 tbolicae
213 1581 260 1644 dei
276 1580 418 1644 ccclesiae
436 1579 510 1644 lilius
525 1579 747 1645 animadvertet.
794 1579 854 1645 lam
872 1582 948 1645 enim
965 1582 1076 1647 veritus
1091 1603 1158 1666 ego,
1184 1603 1220 1646 ne

70 1684 94 1745 si
113 1681 246 1767 pluribus
262 1683 291 1746 ia
308 1703 373 1746 eam
390 1693 500 1748 sectam
518 1682 651 1747 invectus
670 1685 770 1763 luero,
803 1684 831 1746 in
851 1683 993 1749 inlinitum
1012 1683 1097 1749 abeat
1115 1685 1220 1765 oratio,

70 1785 103 1846 ad
121 1785 200 1848 bunc
216 1806 308 1869 usquo
326 1785 421 1850 lacurn
438 1806 612 1872 progressus
627 1787 740 1850 niodum
756 1786 898 1851 adhibebo
916 1787 1092 1850 refellendae
1107 1787 1222 1851 illorum

71 1888 235 1972 nequitiae,
270 1907 372 1972 meque
392 1888 427 1952 ad
447 1900 560 1952 ceteras
578 1888 796 1972 redarguendas
814 1890 974 1954 conferam.
1021 1886 1079 1953 Sed
1099 1890 1244 1976 primunr.

71 1991 136 2054 viae
154 1991 220 2054 mibi
238 1991 341 2054 ducem
361 2002 391 2054 et
406 1990 609 2054 imbecillitatis
626 1991 786 2055 adiutorem
805 2012 885 2055 meae
902 1992 984 2056 deurn
1003 1990 1157 2070 invocabo,
1181 1991 1223 2055 uti

71 2115 115 2157 rue
131 2103 162 2155 et
177 2093 213 2156 ab
227 2091 312 2156 buius
327 2103 428 2157 sectae
442 2093 683 2178 superiorumque
696 2095 823 2158 omnium
836 2104 865 2158 et
879 2094 915 2156 ab
928 2094 1141 2179 insequentium
1155 2114 1225 2158 ooa-

73 2196 191 2280 logione
203 2183 334 2276 liberer,
365 2217 438 2279 quas
455 2195 484 2258 ia
504 2196 681 2260 eruditorum
700 2197 846 2260 bominum
864 2197 1005 2280 gratiam,
1036 2196 1084 2281 qui
1100 2195 1224 2260 absurda

72 2298 117 2362 illa
145 2309 175 2362 et
198 2297 296 2362 inania
315 2300 468 2383 dogmata,
501 2298 621 2382 quaein
641 2299 716 2362 bunc
735 2297 835 2363 orbem
855 2311 1029 2384 eruperunt,
1062 2299 1225 2363 accuratius

73 2402 227 2487 explorare
243 2401 372 2479 student,
398 2400 535 2484 deinceps
551 2421 770 2486 persequemur.
814 2399 964 2486 Siquidem
980 2398 1154 2466 Valentinos
1169 2401 1225 2465 iste

73 2506 132 2568 suis
154 2505 184 2567 in
210 2503 438 2589 quamplurimos
461 2503 574 2568 diffusis
598 2504 876 2588 communicatisque
896 2502 1035 2582 somniis,
1071 2525 1134 2568 oum
1158 2525 1225 2568 sese

76 2605 249 2670 Gnosticum
268 2605 407 2692 appellari
425 2605 591 2684 maluisset,
624 2605 747 2686 multos,
772 2616 804 2670 ut
821 2606 861 2668 ita
880 2606 1023 2684 dixerim,
1047 2607 1179 2691 scorpios
1196 2607 1224 2669 io

76 2731 163 2772 arram
178 2721 311 2774 catenam
329 2708 523 2786 constrinxit,
548 2707 575 2771 id
592 2708 666 2792 quod
682 2719 768 2772 vetus
784 2729 818 2772 ac
834 2719 938 2772 testata
958 2707 1114 2772 similitudo
1131 2709 1225 2771 decla·

76 2823 130 2875 rat.
178 2809 325 2876 Nimirum
350 2811 483 2898 scorpios
506 2811 663 2874 addenem
687 2812 821 2896 pluresve
844 2822 964 2874 catenae
986 2811 1080 2874 instar
1097 2810 1170 2874 alios
1190 2808 1225 2873 ab

79 2914 141 2978 aliis
160 2935 318 3001 snspensas
334 2935 401 2980 sese
418 2936 458 2978 cx
475 2924 552 2977 tecto
567 2935 601 2976 aa
616 2914 724 3010 solario
742 2913 914 2994 demittere,
937 2913 1039 2998 sicque
1058 2933 1097 2976 ex
1114 2913 1227 2976 insidiis

78 3017 209 3081 bomioes
233 3017 409 3103 opprimere.
456 3013 508 3081 Sic
529 3016 578 3080 ille
603 3016 769 3101 posterique
795 3016 858 3079 eius
880 3036 981 3080 omnes
1004 3013 1140 3079 Gnostici
1163 3014 1226 3079 lalsi

79 3119 221 3204 dogmatis
237 3131 374 3184 auctores
390 3120 530 3199 extitere,
554 3129 584 3182 et
598 3119 633 3182 ab
649 3119 698 3183 illo
713 3119 823 3182 erroris
838 3129 1007 3204 argumenta
1022 3117 1098 3181 nacti
1113 3139 1146 3182 ac
1162 3137 1228 3182 snc-

79 3224 212 3287 cessiooe
234 3223 357 3307 quadam
379 3223 505 3286 invicem
527 3223 622 3286 edocti
645 3222 679 3285 ad
697 3242 761 3284 eam
781 3241 865 3307 quam
885 3242 902 3283 a
919 3221 1058 3306 magistro
1076 3232 1229 3305 acceperat

81 3345 159 3388 suam
182 3325 304 3410 quilibet
326 3324 492 3410 opinionem
514 3324 636 3403 adiecit,
668 3345 832 3408 novamque
851 3334 960 3387 sectam
980 3345 1043 3387 cum
1065 3323 1161 3406 priore
1179 3345 1229 3386 co·

82 3427 245 3496 haerentem
263 3427 390 3493 invexit.
436 3424 502 3510 Qua
525 3448 558 3491 re
579 3429 684 3490 lactum
702 3437 748 3490 est
766 3436 797 3489 nt
813 3424 947 3512 Gnostici
968 3426 1048 3489 varia
1067 3426 1227 3489 haereseon

84 3528 202 3594 divortia
223 3529 361 3616 paulatim
381 3529 521 3609 leceriot3
553 3529 729 3616 quiquidem
747 3549 849 3592 omnes
866 3549 883 3591 a
899 3526 1075 3608 Valentino,
1106 3535 1137 3592 ut
1154 3527 1228 3592 dini·

84 3653 160 3711 mus,
184 3633 277 3718 iisque
294 3633 414 3720 insuper
429 3633 477 3717 qui
495 3654 531 3696 ea
550 3632 717 3718 superiores
733 3630 895 3695 extiterant
912 3629 1024 3694 initiunt
1041 3639 1227 3714 acceperuut.

84 3728 170 3797 Nuac
191 3735 347 3799 universae
370 3735 481 3820 pariter
502 3735 634 3800 veritatis
655 3735 787 3798 doctrina
813 3743 974 3818 prostratae
994 3753 1028 3796 ao
1046 3731 1229 3817 proculcatae

87 3838 312 3916 praetereundae
327 3848 413 3919 suast,
437 3858 494 3922 qno
511 3838 611 3902 eadem
631 3837 677 3900 dei
693 3857 747 3921 ope
763 3857 797 3900 ac
813 3835 921 3901 virtute
939 3835 1004 3899 lreti
1022 3834 1148 3918 reliquas
1164 3855 1230 3920 pcr-

88 3949 256 4004 scrutemur.

148 4647 232 4704 carpas
244 4649 376 4694 Rureseal.
389 4649 418 4694 ll.
