3008 4996
255 275 316 338 224
679 281 798 334 ειειοτι
817 279 987 334 nummu

248 425 296 470 σιν
317 401 363 468 ότι
387 402 419 466 οί
438 401 586 480 μέλλοντες
608 405 758 477 τελευτάν,
787 395 840 464 ἐάν
860 389 914 462 τίσι
930 395 1157 480 κατηχούμενοι,
1186 399 1237 464 ἐπί
1252 395 1345 488 ταύτῃ
1363 405 1402 488 τῇ

250 508 347 570 ἐλπίδι
364 499 422 586 πρό
438 509 491 583 τῆς
504 505 637 582 τελευτῆς
650 506 776 583 λουτροῦ
791 504 1010 578 καταξιούνται,
1039 497 1202 575 δεικνύντες
1218 499 1263 567 δτι
1277 496 1295 565 ό
1308 509 1402 566 τελευ-

249 604 341 688 τήσας
359 605 412 668 καλ
429 599 634 684 όναστήσεται,
665 604 716 667 καλ
734 600 785 666 διδ
803 608 889 666 τοῦτο
910 603 1055 666 ἐπιδέεται
1071 607 1123 684 τῆς
1139 598 1190 666 διά
1206 609 1259 666 τοῦ
1274 609 1403 687 λουτροῦ

250 704 383 786 άφέσεως
402 701 625 789 ἁμαρτημάτων.
673 701 792 768 Τούτων
810 703 842 768 δέ
860 706 890 768 οἱ
908 703 962 785 μέν
978 700 1030 767 τόν
1050 701 1179 789 Χριστόν
1195 706 1317 786 μηδέπω
1336 706 1404 788 ἐγη-

250 809 355 894 γέρθαι
377 803 585 890 κεκηρύχασιν,
616 802 791 870 άνίστασθαι
814 805 846 870 δέ
870 802 940 886 μετά
965 802 1100 882 πάντων,
1131 809 1162 870 οί
1181 806 1229 885 δὲ,
1258 805 1304 871 δτι
1325 803 1404 881 ὅλως

250 911 350 993 νεκροί
367 905 422 973 ούιι
439 904 659 990 ἀναστήσονται
703 905 760 972 Διό
777 907 866 988 μέσος
882 904 1017 990 χωρήσας
1034 903 1053 971 ό
1070 904 1234 983 άπόστολος
1251 906 1327 992 πρός
1345 905 1404 990 άμ-

249 1012 396 1091 φοτέρους
415 1007 540 1084 τούτους
560 1010 610 1072 καλ
627 1005 680 1083 τάς
694 1005 799 1084 λοιπάς
815 1009 939 1091 αίρέσεις
955 1011 987 1073 ἐν
1004 1015 1042 1098 τῇ
1059 1015 1112 1095 μιᾷ
1127 1011 1247 1096 ἐργασίιχι
1262 1007 1317 1091 τήν
1332 1007 1405 1074 όνα-

249 1111 363 1195 τροπήν
378 1115 532 1194 πεποίηται
548 1112 579 1176 ἐν
594 1117 630 1198 τῇ
646 1111 714 1193 περὶ
725 1114 837 1194 νεκράν
853 1105 1018 1186 άναστάσει,
1039 1111 1090 1173 καὶ
1106 1112 1145 1175 ἐν·
1151 1119 1216 1186 ταῖς
1229 1113 1404 1195 μαρτυρίαις

250 1211 299 1290 τίς
322 1211 395 1278 κατά
417 1212 579 1294 λεπτότητα
600 1208 715 1287 διεξιοίν
732 1209 786 1293 τήν
803 1214 926 1293 βεβαίαν
944 1208 1081 1276 σύστασιν
1100 1209 1257 1294 ἐποιήσατο
1275 1217 1329 1294 τῆς
1344 1217 1405 1278 τεόν

249 1319 361 1400 νεκράν
375 1311 561 1389 άναστάσεως
575 1314 626 1378 καλ
641 1317 784 1397 σωτηρίας
799 1313 850 1376 καί
866 1313 997 1391 ἐλπίδος,
1019 1311 1159 1392 φάσκων,
1181 1321 1238 1378 Δεῖ
1251 1312 1283 1379 τό
1300 1323 1403 1400 φθαρ-

248 1415 301 1482 τόν
320 1420 407 1480 τοῦτο
430 1412 611 1481 ἐνδύσασθαι
633 1411 820 1499 άφθαρσίαν,
849 1415 901 1478 καί
921 1411 954 1479 τδ
975 1411 1089 1496 θνητόν
1109 1419 1195 1480 τοῦτο
1218 1413 1404 1481 ἐνδύσασθαι

250 1515 431 1582 άθανασίαν·
461 1518 513 1580 καὶ
533 1515 636 1595 πάλιν,
657 1515 727 1580 Ὅτι
746 1513 874 1599 Χριστός
891 1515 1040 1601 ἐγήγερται
1058 1512 1174 1600 άπαρχή
1191 1521 1249 1580 τῶν
1266 1541 1403 1599 κεκοιμη-

250 1620 361 1701 μένων·
387 1621 438 1682 ίνα
458 1615 512 1692 τάς
534 1615 727 1701 ’άμφοτέρας
742 1620 848 1700 σχίσεις
868 1621 926 1682 τῶν
942 1618 1081 1700 αἱρέσεων
1098 1620 1212 1702 ἐλέγξας
1226 1615 1260 1682 τό
1276 1615 1404 1700 άμόλυν-

249 1745 302 1786 τον
320 1723 372 1803 τῆς
395 1722 584 1794 διδασκαλίας
604 1717 741 1803 κήρυγμα
765 1720 794 1795 ἐξ
820 1715 960 1802 άληθείας
984 1717 1087 1807 διδάξχ
1111 1716 1182 1794 τούς
1204 1721 1404 1803 βουλομένους

252 1824 360 1888 εέδέναι
380 1818 435 1904 τήν
454 1825 509 1885 τοῦ
530 1828 607 1886 θεοῦ
628 1818 770 1903 ύλήθειαν
790 1821 840 1884 καί
862 1818 1034 1907 σωτηριάδη
1056 1823 1252 1886 διδασκαλίαν.

118 2034 186 2102 Κεφ.
207 2030 235 2097 ς’.
339 2022 533 2107 Πανταχόθεν
547 2027 647 2088 τοίνυν
665 2021 802 2108 φωρατδς
818 2021 857 2087 δν
871 2025 916 2105 τίη
933 2022 1101 2106 Κήρινθος,
1130 2026 1182 2088 κοιλ
1199 2027 1231 2088 οί
1242 2019 1292 2088 εἶπ’
1308 2023 1405 2091 αύτοῦ

126 2115 234 2172 ''⁸⁸‘¹¹⁵·
252 2125 465 2209 άπυτηθέντες,
496 2129 527 2190 οί
542 2124 676 2204 τάλανες,
705 2127 754 2190 καλ
773 2123 869 2199 άλλοις
886 2128 973 2189 αἴτιοι
989 2123 1139 2209 γεγονότες
1155 2123 1315 2204 ἀπωλείας,
1345 2133 1404 2192 τιδν

252 2233 344 2294 θείων
357 2231 483 2312 ’γραφῶν
498 2231 601 2307 σαφῶς
615 2224 686 2309 ήμίν
701 2223 774 2291 κατά
790 2223 949 2306 λεπτότητα
966 2227 1034 2310 περὶ
1053 2225 1173 2292 πάντων
1189 2229 1401 2312 διηγουμένων.

256 2328 331 2394 Ούτε
344 2327 399 2414 γάρ
416 2330 449 2394 ἐκ
462 2329 626 2410 σπέρματος
639 2326 748 2410 Ἰωσήφ
763 2325 781 2393 ό
798 2324 940 2411 Χριστός,
963 2329 1025 2392 ἐπεὶ
1040 2333 1103 2403 πῶς
1119 2331 1161 2392 ἔτι
1175 2339 1295 2410 σημεῖον
1309 2333 1355 2412 ε’ίη
1369 2329 1403 2394 τδ

253 2432 380 2516 γένημα,·
401 2431 452 2494 καί
466 2427 498 2494 τό
515 2428 595 2514 παρά
611 2434 651 2517 τῷ
667 2429 770 2516 Ἠσαΐιχι
785 2430 950 2511 εἰρημένον,
973 2436 1037 2505 πῶς
1049 2431 1091 2494 ἐτι
1108 2428 1339 2511 συσταθήσεται,
1362 2429 1405 2508 ιάς

253 2529 333 2596 εέπεν
348 2528 436 2607 αύτδς
449 2531 466 2596 ό
481 2529 593 2613 κύριος,
616 2531 713 2596 Δάσει
728 2529 799 2614 ύμῖν
816 2539 946 2612 σημεῖον,
968 2529 1035 2595 ίδού
1051 2529 1071 2612 ή
1085 2532 1236 2616 παρθένος
1250 2533 1282 2596 ἐν
1298 2534 1402 2617 γαστρί

252 2636 324 2711 fea,
354 2634 405 2696 καὶ
427 2634 534 2709 τέξεται
554 2631 634 2712 υίδν,
663 2634 714 2697 καί
735 2631 771 2695 τά
792 2633 867 2714 ἑξῆς.
912 2637 985 2708 Ποίς
1006 2633 1038 2696 δέ
1060 2635 1101 2697 ἔτι
1118 2631 1345 2718 πληρωθήσεται
1367 2632 1402 2698 τό

254 2736 408 2820 είρημένον
426 2731 507 2820 παρά
528 2741 581 2818 τῆς
601 2731 686 2819 άγίας
706 2733 861 2819 παρθένου
881 2731 957 2817 πρός
980 2731 1034 2816 τήν
1052 2733 1194 2819 Γαβριήλ,
1227 2738 1299 2808 Παῖς
1311 2736 1404 2799 ’ἐσται

253 2842 351 2916 τοῦτο,
373 2834 418 2901 ὅτι
434 2834 527 2921 άνδρα
542 2833 577 2902 ού
590 2834 738 2921 γινιόσκω;
760 2836 811 2900 καλ
828 2832 920 2900 αύτοῦ
934 2837 1074 2920 λέγοντος,
1098 2839 1221 2917 Πνεῦμα
1235 2834 1320 2920 ἅγιον
1336 2838 1404 2902 ἐττε-

253 2935 382 3003 λεύσεται
395 2940 443 3003 ἐπί
457 2938 498 3014 σέ,
514 2939 563 3002 καλ
579 2938 705 3018 δύναμις
717 2933 844 3018 ύψίστου
858 2935 1018 3002 ἐπισκιάσει
1032 2957 1088 3014 σοι,
1104 2938 1154 3002 καί
1169 2935 1204 3000 τά
1220 2937 1292 3019 ἐξής.
1328 2942 1404 3013 Πῶς

255 3039 288 3104 δέ
302 3038 390 3105 πάλιν
404 3037 459 3104 ούκ
475 3036 676 3122 ἐλεγχθήσεται
689 3034 786 3102 αύτῶν
801 3034 821 3119 ή
836 3036 922 3103 ι’ίνοια
937 3043 990 3104 τοῦ
1007 3035 1172 3123 εύαγγελίου
1186 3045 1289 3115 σαφῶς
1301 3041 1402 3124 λέγον-

254 3165 306 3216 τος
322 3139 383 3216 ὅτι,
406 3137 530 3223 Εύρέθη
550 3142 582 3204 ἐν
596 3140 698 3225 γαστρί
715 3141 829 3221 ἐχουσα,
852 3142 922 3224 πρὶν
938 3138 959 3221 ἢ
974 3149 1126 3207 συνελθεῖν
1144 3137 1268 3213 αύτούς·
1290 3143 1351 3205 ἐστι
1370 3142 1404 3206 δέ

254 3249 364 3326 γνῶναι
380 3248 484 3320 σοφοῖς
496 3239 541 3306 δτι
557 3237 626 3306 ούδέ
641 3240 716 3315 ὅλως
729 3245 887 3322 συνῆλθον.
931 3239 987 3323 Μή
1001 3243 1112 3327 γένοιτο
1123 3238 1180 3326 γάρ
1196 3245 1280 3308 τούτο
1297 3243 1401 3322 εἰπεῖν,

256 3344 320 3408 ἐπεί
335 3340 390 3407 ούκ
404 3340 442 3407 άν
455 3340 526 3424 μετά
540 3340 668 3426 στυυρδν
679 3341 815 3426 προενόει
827 3344 1020 3423 παραθέσθαι
1033 3339 1125 3424 αύτήν
1135 3340 1256 3430 ’ίωάννη
1271 3347 1312 3432 τῷ
1327 3341 1402 3433 άγίιμ

256 3444 414 3532 παρθένῳ,
443 3441 483 3519 ιδς
496 3445 584 3528 λέγει,
603 3441 667 3508 Ἴδε
682 3441 703 3525 ή
717 3443 811 3527 μήτηρ
828 3464 897 3523 σου,
926 3447 975 3508 καί
988 3451 1024 3534 τῇ
1040 3443 1128 3535 αὐτῇ,
1148 3443 1209 3508 Ἴδε
1223 3442 1242 3509 ό
1256 3443 1321 3519 υίός
1337 3465 1401 3510 σου.

246 3543 331 3609 Ἔδει
349 3541 404 3630 γάρ
422 3542 513 3611 αύτδν
528 3549 714 3630 παραδοῦναι
731 3543 826 3628 αύτήν
842 3554 905 3621 τοῖς
923 3543 1014 3630 αύτῆς
1031 3547 1210 3636 συγγενέσιν,
1239 3544 1260 3627 ή
1277 3553 1340 3620 τοῖς
1358 3546 1404 3610 τέ-

256 3671 338 3721 κνοις
355 3653 408 3710 τοῦ
422 3644 547 3729 Ἰωσήφ,
575 3651 654 3730 είπερ
672 3638 747 3730 ήσαν
764 3649 793 3724 ἐξ
809 3645 915 3728 αύτής,
942 3645 1071 3736 Ἰακάβιμ
1088 3647 1164 3730 φημλ
1181 3648 1232 3711 καί
1247 3643 1333 3734 Ἰωσῇ
1352 3648 1403 3711 καί

255 3744 352 3812 Ἰούδα
371 3749 421 3812 καί
444 3756 594 3830 Συμεῶνι,
623 3752 700 3824 υίοῖς
721 3741 786 3814 ούσι
807 3757 861 3814 τοῦ
875 3745 982 3828 Ἰωσήφ
1001 3746 1059 3812 άπδ
1078 3754 1130 3831 τῆς
1146 3747 1232 3830 άλλης
1250 3748 1403 3833 γυναικός.

261 3845 338 3914 Ούδὲ
354 3847 410 3934 γάρ
425 3848 470 3914 ὅτι
484 3851 616 3933 κέχρηται
628 3856 664 3938 τῇ
677 3849 819 3937 παρθένῳ
834 3850 908 3926 ’όλως
924 3847 1086 3933 εύρίσιιεται
1102 3848 1172 3933 μετά
1185 3848 1218 3916 τό
1236 3851 1404 3937 γεγεννηκέ-

260 3975 309 4014 ναι
330 3947 350 4032 ή
371 3953 521 4035 παρθένος
536 3950 684 4035 άχραντος.
725 3947 809 4014 Ἀλλά
828 3953 894 4036 περὶ
912 3949 1025 4015 τούτων
1042 3950 1099 4035 ήδη
1117 3953 1148 4016 ἐν
1165 3948 1240 4038 ἄλλοι
1257 3977 1307 4032 μοι
1323 3949 1403 4040 λόγῳ

258 4058 362 4132 σαφῶς
383 4052 652 4138 πεπραγμάτευται,
683 4054 734 4117 καί
755 4050 1054 4138 πραγματευθήσεται.
1091 4046 1175 4118 Ὦιδε
1198 4052 1232 4116 δέ
1253 4055 1285 4117 ἐν
1309 4054 1402 4136 μέρει,

259 4149 300 4228 τίς
314 4154 346 4218 ἐν
361 4157 566 4243 παρεκδρομή,
596 4155 663 4240 περί
678 4161 731 4236 τῆς
747 4153 859 4220 τούτων
877 4151 1047 4230 ύποθέσεως
1064 4157 1190 4239 εἴρηται,
1218 4157 1269 4219 ἵνα
1285 4153 1328 4236 μή
1343 4155 1401 4218 έτέ-

259 4279 320 4340 ρων
333 4254 489 4339 δηγμάτων
504 4255 682 4338 βουλόμενος
693 4263 816 4339 ποιήσαι
832 4259 920 4337 ἴασιν,
941 4259 992 4323 καί
1010 4259 1116 4344 ἐτέρων
1131 4259 1314 4342 δηλητηρίων
1328 4253 1403 4330 ἄκος

203 4525 206 4531 ,
292 4473 316 4525 2.
335 4477 399 4526 λίθοι’
414 4479 496 4528 nabent
512 4472 668 4548 άμφοτέρους
686 4479 792 4548 σχίσεις.
