2986 4996
366 335 410 383 an
429 332 614 385 nursuounu
632 331 742 383 nonen
760 333 804 384 ur
822 333 930 385 ruunt.
1177 319 1217 380 25

90 449 290 536 discrepatum,
315 452 390 534 quod
406 452 549 514 nenrinern
563 460 699 514 aeternae
718 450 796 515 vitae
814 463 975 536 compotem
991 469 1058 514 esse
1075 469 1162 535 posse
1176 449 1219 512 di·

90 563 185 615 oeront
203 552 256 615 nisi
279 553 408 635 quotidie
429 553 551 616 iuuaret.

165 649 280 716 XViM.
313 650 433 732 Osseoi,
457 675 579 737 qnorum
594 673 699 716 nomen
716 653 941 739 procacissimus
959 653 1113 737 significat.
1160 650 1218 736 Qui

89 773 127 816 ex
141 756 313 840 praescripto
332 755 405 838 legis
423 756 518 817 omnin
537 753 697 832 faciehant,
720 756 771 817 seri
789 765 940 838 praeterea
960 754 1119 839 scripturas
1140 753 1220 817 adhi·
1344 783 1349 798 ¹

89 855 206 932 habant,
230 867 260 919 et
282 878 321 918 ex
342 855 552 940 posterioribus
575 855 722 940 prophetis
744 854 897 938 plerusque
919 854 1101 919 reiiciehant.

166 954 255 1022 XIX.
286 955 475 1022 Nassaracos
492 955 683 1020 Extinctores
704 955 888 1040 interpretari
912 956 1025 1042 possis,
1055 956 1103 1041 qui
1123 956 1220 1020 caruis

88 1077 140 1120 nso
157 1079 274 1142 prorsus
291 1058 478 1122 interdicunt.
524 1057 571 1121 Ah
589 1057 722 1120 animatis
740 1057 901 1136 abstinent,
926 1057 1104 1140 patriarchas
1119 1078 1221 1120 ornnes

89 1161 132 1242 qui
149 1160 176 1222 in
189 1157 390 1224 Pentateucho
404 1159 438 1222 ad
456 1157 573 1244 Moysis
591 1169 621 1222 et
639 1155 707 1221 lesu
722 1157 772 1220 tilii
787 1155 873 1220 Nare
891 1168 1019 1243 tempora
1035 1160 1223 1223 continentur

87 1261 263 1340 adsciscunt,
287 1261 369 1324 otiis
386 1261 469 1322 fidem
486 1261 640 1338 adhihent,
665 1259 824 1322 cuiusmodi
840 1273 909 1322 sunt
924 1261 1066 1338 Abram,
1091 1256 1175 1323 Isaac
1193 1270 1223 1323 et

87 1358 182 1440 iarah,
203 1363 298 1446 iisque
315 1361 482 1446 superiores
499 1382 620 1440 ornnes,
644 1382 699 1424 uco
716 1381 774 1423 uon
790 1357 912 1445 Moyses
929 1362 991 1446 ipsc
1007 1381 1072 1425 oum
1087 1360 1220 1440 charone,

86 1473 169 1546 atquc
190 1461 271 1528 lesu.
317 1458 474 1527 Caeterum
498 1464 623 1547 quinque
640 1463 688 1525 itha
702 1463 847 1527 volumina
861 1459 977 1548 Moysis
1000 1483 1066 1526 esse
1090 1484 1148 1526 non
1171 1484 1223 1548 pu·

86 1574 160 1644 taut,
184 1577 212 1626 ct
233 1563 289 1628 ahia
312 1565 347 1626 ah
370 1565 406 1626 iis
428 1565 544 1626 diversa
567 1583 711 1647 petresse
734 1584 801 1626 esso
819 1565 967 1648 jactitant.

162 1663 242 1729 XX.
267 1665 441 1744 Herodiauh
459 1687 522 1728 cunr
536 1663 661 1727 Iudaeos
677 1666 706 1727 in
724 1665 856 1729 ominibus
872 1686 938 1728 sese
954 1675 1148 1750 praestarent,
1162 1663 1223 1729 He-

86 1768 180 1830 rodem
198 1763 346 1831 Christum
364 1787 429 1830 esse
450 1765 677 1850 profitebantur,
701 1766 786 1849 eique
807 1765 916 1831 Christi
933 1769 1101 1851 dignitatern
1120 1789 1155 1830 ae
1171 1788 1223 1829 uo·

86 1890 147 1933 rnen
169 1870 356 1952 affingebant.

162 1968 280 2034 Primus
296 1970 353 2033 iste
373 1982 467 2032 tomus
484 1979 546 2048 est,
570 1968 618 2052 qui
639 1968 777 2032 haereses
797 1965 863 2032 XX
885 1971 1026 2032 continet.
1068 1966 1102 2033 lu
1121 1969 1223 2032 eodem

85 2073 117 2136 de
132 2073 336 2136 incarnatione
357 2068 467 2134 Christi
493 2091 527 2136 aa
544 2070 677 2133 veritatis
701 2069 883 2154 professione
907 2081 1054 2155 postremo
1078 2072 1144 2134 loco
1165 2069 1224 2134 tis·

86 2175 200 2238 seritur.

115 2377 156 2429 85.
175 2379 248 2440 rupo
266 2375 296 2428 οἱ.
706 2371 748 2426 86.
766 2377 861 2439 Gorrtno
877 2373 1000 2443 marcipor
1016 2371 1048 2428 τὰ
1065 2372 1130 2430 κατὰ
1145 2381 1196 2430 ortt.
