2994 5024
367 351 501 405 rinnau
517 353 580 405 nro.
592 353 611 406 r.
628 353 709 406 som.
720 354 765 405 ru.
783 353 882 404 uasa.
893 353 975 404 xcii.
1182 344 1244 408 569

79 469 242 536 mentitias
260 471 388 551 tabulas,
412 481 443 536 et
459 473 629 538 inanissima
646 474 781 557 dogmata
799 484 1000 560 perscrutatos
1017 494 1131 554 esseni,
1155 495 1242 558 quos-

80 595 147 658 que
166 575 216 637 ille
234 574 324 638 libros
341 596 394 664 pro
413 575 561 640 canonicis
580 576 762 662 comprobat,
796 587 864 660 puta
884 574 1075 659 Evangelium
1095 578 1170 660 quod
1188 576 1243 661 ipsi

81 689 217 754 vocant,
250 687 280 739 et
300 678 499 762 Apostolicum
519 678 555 740 nb
574 677 676 742 iisdem
698 679 893 756 nominatum,
927 678 1068 743 evolvens
1089 679 1244 743 selectiora

81 780 160 842 inde
181 780 334 857 nonnulla,
360 801 432 863 quae
450 782 484 843 ad
500 781 578 844 illum
596 782 779 844 refutandum
796 780 959 866 pertinent,
984 780 1149 843 continuata
1166 783 1244 846 serie

83 881 324 964 decerpsissent,
354 867 498 946 uberioris
516 883 662 948 cuiusdam
682 883 779 968 operis
796 883 981 946 fundamenta
999 882 1100 967 posui,
1133 903 1166 946 ac
1184 884 1243 946 siu·

83 983 226 1066 gulosum
247 984 371 1068 capitum
388 986 518 1047 ordinem
536 985 574 1048 ita
594 985 745 1064 distribui,
769 995 800 1048 ut
817 985 969 1068 unicuique
987 984 1162 1062 sententiae,
1188 988 1244 1070 pri-

84 1107 156 1164 ma,
181 1087 325 1163 secunda,
350 1087 451 1165 tertia,
476 1108 511 1149 ac
530 1088 572 1150 sio
591 1087 746 1172 deinceps,
778 1085 1026 1171 praescriberem,
1057 1096 1087 1149 et
1104 1087 1139 1148 ad
1157 1087 1243 1150 linem

84 1209 187 1272 usque
201 1187 314 1271 singula
330 1199 473 1267 notarem,
497 1188 527 1251 in
545 1188 648 1273 quibus
665 1190 735 1252 istas
750 1189 905 1252 salvatoris
920 1199 971 1252 aut
986 1187 1107 1273 apostoli
1126 1199 1244 1251 seuten-

85 1292 150 1354 tias
166 1301 267 1353 eontra
284 1311 317 1352 se
335 1291 451 1354 videtur
466 1290 635 1355 stultissime
653 1291 822 1354 retinuisse.
869 1288 1018 1372 Quaedam
1038 1289 1114 1353 euim
1131 1311 1170 1354 ea
1187 1290 1243 1353 illis

86 1393 127 1456 ab
151 1413 188 1455 eo
207 1403 400 1456 commutatae
420 1393 653 1478 depravataeqoc
673 1404 758 1471 snut,
795 1414 852 1456 oon
877 1413 911 1456 ea
933 1393 988 1456 tide
1007 1403 1243 1478 repraesentatae

85 1517 150 1581 qua
173 1507 223 1558 aut
245 1496 272 1557 iu
296 1493 441 1578 evangelii
464 1497 621 1560 secuudum
640 1494 750 1560 Lucam
774 1494 989 1580 exemplaribus
1011 1495 1164 1578 leguntur,
1195 1507 1244 1558 aut

85 1597 269 1683 apostolicos
287 1596 349 1682 ipso
367 1597 460 1684 stylus
477 1618 546 1683 prae
564 1619 597 1660 se
615 1599 692 1662 terre
710 1599 854 1662 videatur.
903 1597 983 1660 Alias
999 1597 1130 1682 integras
1151 1609 1180 1662 et
1198 1599 1241 1661 iu-

86 1711 246 1785 eorroptas
267 1700 399 1784 reliquit3
430 1701 590 1764 cuiusmodi
610 1701 727 1764 sincero
745 1699 774 1762 in
792 1700 945 1784 evangelio
966 1711 997 1762 et
1011 1700 1143 1784 apostolo
1161 1721 1244 1785 repe-

89 1805 226 1880 riuntur3
260 1823 299 1865 ex
323 1802 427 1886 quibus
451 1802 527 1866 illius
550 1803 683 1866 convinci
706 1803 856 1867 mendacia
879 1813 1017 1887 possunt,
1050 1811 1148 1886 utpote
1171 1823 1243 1886 quae

87 1903 205 1968 veteris
223 1905 389 1968 testamenti
407 1925 471 1968 com
491 1926 579 1983 uovo,
605 1905 689 1968 buius
707 1905 835 1968 vicissim
853 1904 996 1983 camillo,
1021 1904 1243 1967 consensionem
1284 1925 1289 1928 ·

90 2029 128 2070 ac
147 2007 331 2072 concordiam
349 2007 509 2070 declarant.
558 2005 659 2070 lusuut
674 2007 703 2068 in
723 2005 767 2068 bis
783 2007 864 2070 libris
882 2019 910 2070 et
927 2006 982 2070 alia
999 2007 1061 2069 loca
1078 2005 1181 2090 quibus
1197 2027 1245 2069 as·

88 2119 208 2192 sumpta
231 2131 319 2173 carne
337 2111 454 2174 venisse
474 2105 623 2174 Christum
643 2110 828 2187 ostendatur,
861 2129 896 2170 ac
916 2111 1075 2191 perlectum
1091 2108 1169 2172 iuter
1189 2129 1244 2173 nos

88 2213 240 2276 bominem
265 2213 353 2276 luisse
375 2223 535 2275 versatum.
583 2211 736 2275 Accedunt
755 2231 790 2274 ea
810 2231 924 2295 quoque
943 2209 1045 2294 quibus
1065 2222 1244 2274 mortuorum

89 2313 278 2400 praedicatur
296 2313 453 2393 excitatio,
488 2314 621 2399 idemque
639 2316 711 2378 deos
729 2326 758 2378 et
778 2314 980 2377 universorum
1001 2314 1134 2377 domiuus
1151 2314 1243 2376 omni·

89 2427 217 2503 potens,
248 2417 372 2479 coeliae
392 2429 489 2480 terrae
507 2417 691 2502 omniumque
708 2437 781 2501 quae
800 2427 868 2480 suut
883 2416 912 2480 in
931 2425 1008 2478 terra
1028 2417 1161 2479 conditor
1178 2437 1243 2500 per-

92 2520 221 2582 hibetur.
268 2517 352 2602 Quao
374 2539 428 2581 nec
448 2520 644 2604 evangelicam
666 2520 847 2582 vocationem
867 2518 1047 2595 adulterant,
1080 2537 1134 2582 nee
1155 2519 1243 2582 totius

93 2621 296 2686 universitatis
308 2630 456 2684 auctorem
474 2641 509 2684 ac
523 2621 685 2685 molitorem
700 2621 857 2705 abnegant,
883 2620 933 2683 sed
948 2621 1069 2683 eundern
1086 2621 1179 2706 ipsour
1197 2641 1244 2684 re-

94 2725 210 2800 lernnt,
241 2723 353 2807 qutalem
378 2733 407 2785 et
424 2723 600 2808 apostolicus
620 2724 714 2808 stylus
738 2735 766 2787 et
790 2723 958 2807 evangeliea
979 2723 1156 2806 praedicatio
1178 2745 1244 2809 pro·

92 2827 205 2890 litetur.
250 2823 335 2910 Quae
357 2823 446 2908 igitur
467 2825 542 2888 huno
563 2825 593 2888 in
615 2827 729 2890 modum
749 2823 962 2889 elaboravimus
985 2825 1046 2888 suis
1064 2827 1244 2908 argumentis

93 2927 225 3012 digesta,
251 2928 387 3012 deinceps
409 2928 595 3012 proponenda
620 2939 698 2990 sont.

95 3218 142 3268 DE
159 3216 339 3268 etauctottts
357 3217 462 3268 tranis
481 3217 658 3282 crescunt,
685 3218 757 3268 SlVE
774 3217 1020 3270 ueteranorum
1037 3217 1243 3268 encoentuut.

181 3333 213 3399 Si
229 3335 292 3420 quis
306 3336 468 3400 adulterina
482 3334 643 3401 Marcionis
660 3335 776 3400 inventa
793 3336 1039 3422 comprehendero
1055 3336 1169 3420 penitus
1183 3347 1243 3400 stu-

96 3442 164 3516 det,
196 3459 229 3501 ae
248 3439 366 3523 pecudis
384 3437 461 3503 illics
482 3439 625 3503 versutias
646 3459 748 3502 omues
770 3449 800 3501 et
817 3440 937 3503 artiiicia
956 3457 1155 3522 cognoscere,
1190 3438 1243 3502 boc

95 3541 173 3626 quod
194 3560 210 3602 a
228 3563 273 3605 me
291 3527 494 3606 cort-cinnatom
515 3562 586 3625 opos
603 3551 649 3604 est
667 3552 828 3625 percurrat.
874 3539 950 3604 Naro
969 3559 1008 3602 ex
1026 3541 1089 3603 eius
1107 3538 1244 3624 Evange-

95 3645 136 3709 lio
157 3663 229 3726 quae
251 3655 351 3708 eorrtra
372 3644 556 3707 calliditatem
579 3644 669 3728 ipsius
689 3644 801 3708 scelere
819 3643 992 3727 implicatam
1013 3642 1119 3728 opponi
1137 3653 1245 3727 queant

95 3745 225 3809 studiose
245 3747 417 3831 selegimus,
450 3757 480 3809 ot
496 3747 542 3830 qui
561 3757 689 3809 nostram
709 3747 782 3809 bauo
801 3745 1077 3809 lucubratiunculam
1094 3745 1123 3807 iu
1142 3766 1244 3808 manns

97 3867 212 3912 sumere
234 3849 395 3928 voluerint,
427 3850 455 3912 iu
474 3869 507 3911 ea
527 3850 669 3932 quandam
688 3849 828 3912 acuminis
848 3847 1087 3911 exereitatiouem
1107 3848 1243 3926 babeant,

97 3973 154 4037 quo
169 3951 387 4036 peregrinarum
406 3973 510 4014 vocum
527 3951 562 4014 ab
579 3951 627 4015 illo
647 3961 826 4035 repertarum
842 3951 999 4014 novitatem
1016 3949 1127 4013 facilius
1143 3951 1244 4012 redar-

97 4064 197 4140 guant.
243 4051 283 4116 Et
297 4053 412 4137 quidem
427 4051 587 4118 Marcionis
603 4051 651 4116 ille
667 4053 740 4116 liber
757 4053 939 4136 evangelium
956 4052 1114 4115 secundnm
1132 4049 1243 4114 Lucam

98 4157 175 4242 stylo
190 4155 255 4241 ipso
270 4157 382 4219 relerre
399 4157 529 4233 videtur,
554 4166 586 4218 ut
600 4165 694 4217 autem
712 4155 748 4218 ab
765 4176 800 4217 eo
817 4155 964 4219 mutilatus
978 4165 1039 4232 est,
1065 4154 1159 4232 initio,
1185 4175 1244 4216 me·

98 4261 146 4322 dio
162 4278 195 4320 ao
211 4257 267 4321 line
285 4259 459 4335 decurtatis,
490 4258 601 4322 corrosi
620 4279 635 4318 a
652 4257 738 4320 tineis
756 4257 881 4342 undique
900 4257 1065 4320 vestimenti
1082 4256 1244 4320 simillimus

98 4399 173 4456 cerltt,
190 4405 216 4444 et
232 4413 281 4444 non
298 4395 361 4445 sieut
372 4394 458 4444 babuit
468 4395 595 4460 Evangelii
609 4411 652 4444 se·
685 4398 765 4445 remo.
801 4389 962 4462 ἀντίγραμμα
978 4397 1032 4446 edit.
1047 4399 1121 4458 princ.

100 4463 203 4515 condem
218 4463 310 4512 Lucam
321 4461 446 4530 exemplar
458 4469 508 4513 cett.
534 4465 599 4512 Libri
610 4465 652 4512 bc·
718 4459 743 4513 6.
761 4465 850 4525 Scripsi
873 4458 1021 4529 ὁμολογοῦσι
1042 4479 1085 4527 pro
1109 4457 1244 4531 ὅμολογοῦ·

100 4538 150 4584 tent
164 4535 234 4595 culpo
249 4531 287 4599 τῷ
305 4529 369 4584 κατὰ
386 4531 485 4584 dccxiv
503 4525 651 4596 εὐαγγελίῳ.
687 4545 744 4594 σοι,
762 4533 824 4593 qnod
840 4533 894 4581 libri
909 4533 999 4581 babeant.

132 4601 155 4650 5.
172 4594 320 4667 ἀντίγραφον
337 4601 388 4650 cod.
401 4603 483 4662 Vetto,
498 4604 519 4648 et
533 4601 586 4648 tude
599 4601 652 4649 edtt.
