2984 4996
260 287 321 351 692
681 247 801 349 είαστι
816 279 983 348 κειτκιαιι
1057 316 1061 327 1

260 412 310 481 διά
332 412 386 498 τὴν
408 409 462 478 ούκ
484 415 550 478 είσω
573 420 681 478 παθῶν
697 415 900 498 περιεχομένην
922 409 1015 478 αύτού
1036 411 1191 496 θεότητα),
1214 410 1281 478 ἀλλά
1305 410 1348 478 δι’
1368 411 1406 496 ἣν

259 519 381 593 ἕκαστος
398 522 456 582 τῶν
473 517 518 580 ἐπλ
540 513 636 604 βλάβη
656 517 762 580 ἐαυτοῦ
784 543 811 580 τι
828 514 1017 601 ἐργαζόμενος
1038 516 1132 603 ἐαυτῷ
1151 519 1305 599 παραίτιος
1327 517 1405 601 γεγέ-

258 645 358 701 νηται,
380 625 434 683 τοῦ
458 625 532 682 θεοῦ
556 613 689 684 ἀναιτίου
707 615 792 694 ὄντος
813 621 865 699 τῆς
883 614 954 682 καθ’
973 614 1051 700 ἡμᾶς
1072 624 1279 702 παρεκτροπῆς
1300 643 1335 683 τε
1357 622 1406 684 ταὶ

258 727 311 804 τῆς
332 723 363 786 ἐκ
385 719 494 803 ταύτης
514 717 584 786 καθ’
605 717 690 804 ἡμῶν
711 717 868 802 μελλούσης
889 721 1008 785 ἐσεσθαι
1027 724 1194 804 καταδίκης.

343 923 397 991 Ἐν
411 923 519 991 ἀπασιν
536 915 590 990 οὖν
605 925 655 990 καλ
673 917 759 1000 οὗτος
774 923 995 1010 φωραθήσεται,
1017 933 1081 1001 ταῖς
1094 923 1239 1010 πρότερον
1258 928 1310 992 καλ
1327 928 1406 1008 μετί-

260 1054 344 1093 πειτα
360 1030 581 1115 ἐγκαταμιχθελς
595 1028 752 1111 αίρίσεσιν,
776 1029 808 1092 ἐκ
824 1034 877 1093 τοῦ
894 1025 1026 1113 ἀριθμοῦ
1042 1035 1101 1094 τῶν
1122 1034 1174 1110 τῆς
1196 1025 1346 1106 ἀπωλείας
1366 1031 1407 1094 τί-

260 1157 340 1196 κνων
354 1127 507 1216 ύπάρχων,
529 1128 673 1213 δηλούσης
688 1133 741 1212 τῆς
752 1117 902 1212 ἀληθείας,
924 1132 1040 1196 καὶτοῦ
1055 1128 1154 1211 φωτός
1169 1137 1223 1196 τοῦ
1236 1129 1406 1218 εύαγγελίου

235 1241 411 1318 ,φωτεινῶς
427 1231 481 1316 τὴν
506 1239 603 1300 πᾶσαν
626 1233 803 1315 οἰκουμένην
825 1231 1072 1317 καταυγάζοντος,
1094 1235 1144 1296 καλ
1168 1232 1314 1312 σύζοντος
1335 1233 1407 1310 τούς

259 1333 349 1412 υίούς-
362 1342 413 1420 τῆς
428 1333 573 1419 ἀληθινῆς
587 1339 709 1410 πίστεως
726 1336 757 1400 ἐν
774 1333 906 1423 ἀληθείᾳ.
938 1331 990 1410 Ὡς
1004 1326 1061 1399 ούν
1076 1337 1109 1400 ἐκ
1124 1336 1273 1420 συντόμου
1288 1343 1407 1404 σκοποῦ

259 1435 332 1520 ύφιν
352 1437 570 1524 παρακύψαντα
586 1437 634 1504 διά
651 1443 758 1524 μικροῦ
777 1463 855 1514 τινος
870 1435 994 1512 σκεύους
1010 1435 1159 1515 ἀνελόντες
1174 1448 1407 1506 θαυατωδεῑσαν

201 1591 205 1604 „
259 1539 370 1622 ταύτην
387 1538 624 1617 καταλελοιπύτες
640 1542 689 1606 ίπλ
706 1538 758 1616 τάς
779 1543 845 1624 ἑξῆς
867 1543 971 1622 ίωμεν,
993 1540 1068 1606 κατά
1085 1538 1139 1624 τὴν
1160 1543 1333 1628 ἐπαγγελίαν
1353 1539 1408 1624 τήν

258 1651 312 1709 τοῦ
330 1651 406 1709 θεοῦ
425 1641 701 1730 συμπαραλαβόντες
721 1641 884 1726 βοήθειαν,
913 1645 954 1718 είς
974 1639 1007 1709 τό
1030 1650 1212 1728 παραστῆσαι
1234 1643 1289 1727 τὴν
1310 1641 1406 1710 αὐτοῦ

258 1743 409 1828 ἀλήθειαν.

579 2099 695 2168 τιτι
723 2091 1087 2186 *mmmmm

378 2211 508 2307 εἰκοστή
534 2211 694 2312 τετάρτη,
720 2211 742 2308 ἡ
768 2217 828 2316 κρλ
852 2211 1101 2312 τεσσαρακοστή
1127 2211 1279 2310 τετάρτη.

186 2413 192 2427 .
226 2371 242 2428 ’.
349 2367 462 2427 Τοῦτον
477 2360 528 2426 τόν
545 2363 755 2448 προειρημένον
774 2361 947 2428 Λουκιανόν
963 2362 1119 2444 διαδέχεται
1135 2356 1285 2442 Ἀπελλῆς,
1306 2358 1369 2444 σύγ
1390 2358 1408 2426 ό

259 2461 344 2549 ἀγιος
362 2465 472 2539 ἐκεῖνος
489 2461 507 2528 o‘
525 2460 584 2529 ύπδ
605 2470 658 2529 τοῦ
680 2462 766 2551 ἀγίου
785 2462 950 2531 ἀποστόλου
966 2462 1188 2544 συνιστάμενος,
1214 2459 1271 2526 ἀλλ’
1289 2464 1406 2549 ἕτερος,

260 2567 289 2643 ἐξ
305 2557 396 2651 οὗπερ
414 2562 621 2648 Ἀπελληϊανολ,
648 2565 712 2633 ιἀύν
729 2569 779 2633 καί
793 2563 883 2643 αύτδς
898 2565 1091 2650 συσχολαστής
1107 2563 1199 2631 αύτού
1213 2571 1407 2646 Λουκιανοῦ,

258 2671 310 2734 καλ
329 2667 466 2752 μαθητὴς
482 2675 534 2734 τοῦ
550 2671 763 2755 προειρημένου
779 2674 976 2756 Μαρκίωνος,
999 2665 1040 2744 οἱς
1056 2670 1089 2734 ἐκ
1105 2673 1175 2750 μιᾶς
1187 2671 1267 2751 ῥίζης
1283 2675 1410 2734 πολλῶν

260 2768 402 2836 ἀκανθῶν
422 2767 639 2854 ύλομανήσασαι
659 2769 860 2856 παραφυάδες.
891 2770 1000 2857 Ἕτερα
1015 2771 1048 2836 δέ
1062 2762 1150 2847 οὗτος
1164 2767 1243 2854 παροδ
1259 2768 1332 2846 τούς
1355 2770 1406 2836 ἅλ-

259 2880 329 2948 λους
344 2871 481 2960 βούλεται
496 2877 688 2960 δογματίζειν,
710 2876 761 2940 καλ
773 2873 848 2939 κατά
863 2873 920 2958 μλν
932 2881 986 2939 τοῦ
1002 2875 1108 2938 ἑαυτοῦ
1126 2870 1299 2938 διδασκάλου
1315 2869 1405 2940 ύπλι·

259 2974 385 3057 σάμενος
403 2972 517 3055 ἔαυτόν,
540 2978 590 3040 καλ
608 2974 681 3042 κατά
698 2985 751 3060 τῆς
767 2973 916 3060 ἀληθείας,
938 2979 979 3052 είς
996 2973 1029 3041 τό
1048 2978 1225 3062 συναγείρων
1238 2975 1335 3063 ἑαυτῷ
1351 2979 1404 3042 καλ

259 3073 348 3152 αύτδς
371 3075 474 3161 σχολὴν
490 3079 716 3162 πεπλανημένων
734 3077 919 3164 ἀνθρώπων,
940 3075 976 3144 τά
995 3085 1114 3144 τοιαῦτα
1135 3076 1269 3160 βούλεται
1289 3080 1406 3162 δογμα-

259 3183 358 3258 τίζειν,
381 3177 504 3259 φάσκων
527 3181 580 3262 μὲν
600 3180 661 3260 ὅτι,
686 3178 748 3264 Ούχ
771 3180 878 3258 οὕτως,
901 3183 989 3263 φησλ,
1011 3181 1175 3265 γεγένηται,
1197 3177 1269 3244 ἀλλά
1288 3181 1404 3246 πεπλά-

257 3309 341 3364 νηται
357 3286 519 3368 Μαρκίων·
541 3286 591 3348 ίνα
617 3283 801 3366 πανταχόθεν
824 3281 954 3366 θέαυτὴν
976 3281 1129 3368 ίλέγχουσά
1152 3306 1182 3346 τε
1200 3277 1220 3364 ἡ
1240 3278 1327 3346 ύνοια
1348 3285 1405 3348 ul

259 3381 280 3467 η
296 3382 401 3466 ἀνομία
415 3387 446 3450 ἐν
462 3386 551 3475 ἑαυτῇ
565 3387 773 3471 συντριβομένη
789 3384 963 3468 φανήσεται,
986 3387 1035 3450 καλ
1051 3380 1121 3448 καθ’
1139 3385 1244 3466 ἑαυτῆς
1258 3383 1311 3468 τὴν
1328 3384 1404 3452 ἀνα·

258 3484 371 3571 τροπήν
387 3489 589 3573 ἐπεγείρουσα,
611 3495 664 3570 τῆς
682 3485 823 3571 ἀληθείας
838 3485 883 3554 ἀεὶ
903 3489 1020 3574 ἐδραίας
1040 3485 1145 3570 ούσης,
1166 3487 1218 3551 καλ
1238 3484 1279 3570 μή
1298 3493 1405 3572 χρείαν

259 3587 379 3672 ἐχούσης
398 3592 555 3673 βοηθείας,
578 3587 647 3655 ἀλλά
671 3587 888 3656 αύτοσυστάτου
905 3584 1010 3672 ούσης,
1031 3592 1082 3655 καί
1100 3587 1181 3675 παρά
1201 3595 1265 3678 θεῷ
1286 3597 1327 3678 τῷ
1351 3590 1402 3656 όν-

132 3713 182 3762 1²¹⁸·
193 3705 238 3752 σοι.
259 3716 318 3767 τως
333 3687 378 3756 ἀελ
395 3693 608 3774 συνισταμένης.
654 3689 765 3758 Φύσκει
787 3699 861 3778 γοῦν
884 3685 972 3769 ούτος
997 3691 1015 3758 δ
1036 3693 1246 3778 προειρημίνος
1260 3689 1404 3778 Ἀπελλῆς

256 3794 307 3858 καλ
327 3796 358 3858 οί
370 3789 420 3858 ἀπ’
435 3791 542 3872 αύτοῦ,
564 3792 609 3860 δ’τι
631 3793 686 3860 ούνι
708 3798 763 3861 είσι
785 3804 862 3881 τρεῖς
883 3793 984 3880 ἀρχαλ,
1006 3793 1074 3860 υύτε
1093 3793 1163 3873 δύο,
1185 3791 1227 3870 ἀς
1247 3802 1309 3870 τοῖς
1327 3798 1401 3880 περί

258 3895 428 3963 Λουκιανδν
451 3899 501 3962 καὶ
523 3901 690 3982 Μαρκίωνα
711 3899 825 3978 ἔδοξεν,
856 3895 940 3978 ἀλλά,
969 3899 1076 3980 φησίν,
1103 3893 1160 3974 Είς
1184 3899 1261 3963 ἐστιν
1281 3893 1402 3982 ἀγαθός

257 3999 345 4077 θεός,
372 4001 423 4064 καί
443 4003 494 4082 μία
518 3995 607 4084 ἀρχὴ,
636 4001 686 4064 καλ
709 4004 760 4082 μία
777 3997 907 4082 ’δύναμις
931 3996 1181 4082 ἀκατονόμαστος,
1211 3991 1300 4088 ᾇένλ
1318 4007 1399 4088 θεῷ,

256 4098 349 4186 ἤγουν
366 4107 417 4189 μιᾷ
439 4097 527 4191 ἀρχῇ,
549 4098 635 4166 ούδέν
654 4103 808 4186 μεμίληται
829 4109 888 4168 τοῖν
909 4103 1040 4168 ἐνταῦθα
1058 4103 1090 4166 ἐν
1111 4107 1153 4190 τρῖ
1178 4102 1280 4191 κόσμρι
1299 4099 1399 4193 ταύτην

258 4205 463 4289 γεγενημένων.
504 4199 587 4267 Ἀλλά
603 4200 620 4269 ό
637 4200 757 4303 αύτδςῇ
768 4203 850 4290 ἅγιος
866 4201 984 4270 ἀνωθεν
1005 4201 1077 4282 θεός
1094 4205 1145 4270 καλ
1162 4200 1276 4289 ἀγαθός
1294 4204 1399 4288 ἐποίη-

297 4341 311 4372 *
334 4339 585 4396 ΑΠΕΛΔΗΔΝΩΝ
610 4345 662 4396 cod.
678 4345 774 4409 ίλίιιιλίρ.
791 4349 812 4396 τί
877 4343 901 4395 2.
920 4341 1011 4412 λαυτήν
1027 4345 1136 4408 σεσαίμσί
1153 4357 1199 4407 μεν
1213 4341 1309 4412 λαντῷ,
1331 4347 1397 4408 Μ

258 4411 313 4460 edin·
329 4413 389 4460 libri.
795 4467 799 4475 ,
842 4415 894 4464 libri
908 4416 1025 4476 praebent

296 4475 355 4528 Gn.
372 4479 441 4529 1.-
476 4479 498 4529 1.
516 4475 551 4539 ιδς
567 4481 621 4529 edit.
635 4483 725 4542 μυλτα,
748 4483 810 4544 quod
875 4481 899 4536 3.
930 4475 1001 4548 ἅγιος
1021 4473 1116 4535 ἄνωθεν
1142 4477 1204 4541 θεὸς
1226 4478 1267 4534 καλ
1289 4473 1393 4546 α’γύδς

256 4548 340 4596 vitium
353 4561 394 4608 υμο
409 4549 459 4598 ωδ.
478 4551 550 4598 Vatis.
563 4552 662 4600 correxit
675 4551 791 4601 Pacuvius.
919 4561 924 4571 ·
1289 4553 1292 4561 “
