3008 4996
275 278 336 340 200
699 284 820 338 SANGTI
838 285 1005 336 ΒΡΙΡΗΔΝΙΙ

278 401 350 478 όίςτε
367 397 437 484 μετά
455 397 487 465 τό
506 397 674 484 ἀναγνῶναι
696 398 775 483 ἡμᾶς
796 398 896 466 αάτοῑν
915 399 969 476 τάς
990 403 1111 482 βίβλους
1132 401 1184 466 καλ
1205 401 1355 482 ἐπιστῆσαι
1372 396 1414 462 τόν
1465 414 1466 468 ¹

278 509 351 568 νοῦν
367 509 403 591 τῇ
420 500 562 590 ἀληθεία,
583 503 636 567 καί
650 499 691 583 μὴ
708 509 952 585 συναπαχθῆναι,
975 499 1144 588 ἀποδράσαι
1161 527 1190 566 τε
1209 504 1261 567 καί
1277 499 1318 583 μή
1335 505 1416 565 δελεα-
1466 518 1467 562 ¹

278 611 406 685 σθῆναι,
428 600 461 668 τό
478 611 637 684 τηνικαῦτα
655 601 882 686 ίοπουδάσαμεν
902 605 953 668 καί
975 612 1037 678 τοῖς
1056 601 1231 679 ἐπισκόποις
1251 612 1315 678 τοῖς
1335 606 1364 668 ἐν
1381 607 1414 688 τῷ
1467 620 1468 660 ¹

279 703 362 794 τόπῳ
386 706 487 792 λκείνηο
507 701 617 779 αότοός
638 700 809 782 ἀποδεῖξαι,
831 707 879 770 καλ
903 703 938 771 τά
960 703 1091 787 ὀνόματα
1114 707 1146 770 ἐν
1167 711 1204 794 τῇ
1226 707 1360 793 ἐκκλησία
1378 727 1416 768 τε·
1468 722 1469 770 ¹

278 808 431 892 κρυμμίνα
453 805 606 891 φωράοαι,
627 807 679 870 καί
693 805 764 882 τοδς
784 803 893 884 αότοός
910 805 1123 888 οἀπελαθῆναι
1140 813 1194 888 τῆς
1211 804 1341 886 πόλεως,
1360 802 1416 872 όνό·
1469 828 1470 862 ¹

279 935 356 991 ματα
369 910 436 992 περί
449 933 510 972 που
525 904 719 991 ἀγδοήκοντα,
741 908 792 972 καλ
805 906 859 990 τήν
874 906 961 974 πόλιν
976 916 1029 992 τῆς
1042 906 1141 973 αότιόν
1156 906 1344 985 ζιζανιάδους
1358 906 1419 986 ὕλης
1470 930 1471 960 ¹

279 1011 330 1075 καλ
351 1005 553 1084 ἀκανθώδους
572 1015 778 1094 καθαρθῆναι.

136 1115 202 1182 Κῑθ
220 1109 263 1181 ¹¹¹⁹·
364 1108 584 1192 Μνημονεόσας
602 1111 635 1175 δί
649 1136 694 1186 τις
708 1117 761 1192 τῆς
776 1109 839 1176 ἀνω
855 1107 942 1194 ἡμῶν
961 1109 1144 1193 ὑποσχέσεως
1158 1109 1232 1193 τάγα
1248 1112 1300 1175 καλ
1317 1108 1420 1175 ἐπταί-

279 1235 370 1290 σειεν,
393 1209 434 1288 ἀς
454 1209 541 1295 ἡμῶν
560 1210 814 1296 προαγγειλάντων
837 1211 884 1278 ὅτι
910 1215 985 1278 τισὶν
1008 1211 1107 1278 αότῶν
1130 1210 1345 1296 παρετόηομεν,
1364 1203 1420 1274 τινί

279 1314 312 1379 δὲ
326 1311 376 1379 διό
391 1311 625 1399 συγγραμμάτων
641 1310 823 1398 ἐγνώκαμεν,
844 1311 910 1378 τινά
927 1315 959 1380 δλ
974 1313 1010 1380 δι’
1027 1311 1192 1396 ίνηγήσεάν
1210 1314 1306 1378 τεκαὶ
1323 1335 1420 1394 μαρτυ

280 1419 352 1501 ρίων
376 1413 555 1492 ἀξιοπίστων
579 1411 711 1499 ἀνδρῶν,
733 1416 906 1497 δυναμένων
922 1412 996 1497 ἡμῖν
1018 1415 1072 1497 τήν
1095 1412 1239 1498 ἀλήθειαν
1256 1409 1422 1480 ἀποδεικνύ-

278 1543 336 1582 ναι.
367 1513 419 1592 Ὡς
435 1518 485 1582 καί
502 1518 635 1582 ίνταῦθα
650 1513 825 1598 φιλαλήθως
842 1513 896 1598 οδγ
910 1513 1154 1599 όπερβεβήκαμεν
1170 1514 1223 1580 τόν
1237 1515 1340 1594 τόπον,
1360 1509 1422 1578 ἀλλά

281 1620 430 1699 ἐδείξαμεν
447 1613 488 1692 ἀς
505 1620 558 1698 μία
576 1619 653 1682 ἐστίν
672 1615 748 1699 αὕτη
768 1623 828 1684 τοῖν
845 1614 917 1699 ἡμῖν
935 1624 1154 1703 περιτυχουσῶν
1176 1619 1326 1702 αίρίσεων.
1370 1614 1424 1678 Καὶ

283 1725 387 1800 σαφεῖς
402 1719 470 1803 περί
484 1717 594 1801 ταύτης
613 1715 808 1801 ἠδυνήθημεν
828 1721 920 1804 λέγειν
944 1713 1071 1798 1ἐξόν,
1093 1717 1134 1802 μή
1150 1720 1280 1805 γίνοιτο,
1304 1715 1343 1784 οδ
1357 1713 1424 1798 πρά·

281 1825 396 1898 ξαντες,
419 1816 489 1886 ἀλλά
509 1819 713 1902 μεμαθηκότες
732 1818 864 1904 ἀκριβοῦς
877 1818 959 1906 παρά
975 1829 1034 1886 τῶν
1049 1819 1127 1904 ἡμᾶς
1148 1823 1189 1896 είς
1205 1827 1292 1885 τοῦτο
1310 1815 1427 1884 πειθόν-

280 1949 356 2000 των,
378 1923 429 1986 καλ
446 1919 487 2004 μή
507 1919 757 2004 κατισχυοάντων,
785 1918 856 1986 ἀλλά
877 1921 932 2004 τὴν
956 1924 1070 1988 ἑαυτῶν
1094 1925 1197 1988 ἐλπίδα
1216 1927 1270 2002 τῆς
1291 1921 1334 1996 είς
1354 1915 1428 2001 ἡμᾶς

280 2021 427 2099 ἀπωλείας
445 2020 651 2088 ἀπολεσάντων
672 2024 724 2086 καλ
745 2020 786 2105 μή
809 2021 1005 2106 ἐπιτυχόντων
1028 2030 1082 2089 τοῦ
1103 2030 1218 2088 σκοποῦ
1240 2029 1293 2103 τῆς
1315 2025 1358 2097 είς
1379 2016 1429 2099 τόν

281 2124 421 2189 τάλαιναν
439 2120 524 2206 ἡμῶν
539 2121 640 2206 ψυχὴν
657 2126 897 2208 ίπιχειρουμίνης
911 2121 961 2188 ἀπ’
978 2121 1078 2191 αὐτῶν
1092 2149 1123 2190 τε
1137 2126 1189 2190 καλ
1204 2131 1257 2191 τοῦ
1279 2126 1312 2190 ίν
1333 2119 1431 2193 αὐτοῖς

281 2224 423 2308 διαβόλου
447 2232 604 2308 συσκευῆς·
628 2222 669 2302 οός
684 2227 733 2291 καί
756 2225 875 2315 συνωδά
891 2223 971 2308 ἡμᾶς
992 2228 1084 2312 λίγειν
1105 2233 1148 2314 τῷ
1164 2223 1315 2314 ἀγιωτάτρο
1334 2225 1430 2304 Δαβλδ

281 2327 345 2405 ότι,
368 2328 443 2408 Βὲλη
459 2331 573 2408 νηπίων
586 2325 769 2412 ἐγενήθησαν
783 2330 818 2391 αί
829 2330 938 2412 πληγαί
955 2327 1067 2407 αὐτῶν,
1091 2329 1142 2392 καί
1156 2325 1192 2392 τά
1209 2329 1287 2408 ἑξῆς·
1309 2328 1363 2392 καί
1377 2323 1430 2398 δτι,

160 2457 212 2503 pq.
226 2446 269 2488 1¹¹.
282 2425 468 2512 Ἐπιστρλψει
484 2425 502 2494 ό
519 2426 614 2504 πόνος
637 2425 736 2494 αάτων
759 2431 801 2504 είς
819 2427 950 2512 κεφαλήν
973 2428 1088 2510 αὐτῶν,
1108 2430 1161 2494 καί
1176 2425 1198 2511 ἡ
1215 2427 1314 2494 ἀδικία
1337 2424 1433 2492 αὐτῶν

121 4141 203 4240 ΙΚεφ.
221 4169 263 4226 ι”.·’.

281 2531 331 2594 ἐπὶ
347 2527 484 2615 κορυφήν
499 2525 598 2595 αότῶν
613 2527 816 2612 καταβήσεται.
858 2528 910 2607 Ὡς
926 2524 982 2597 οὖν
996 2529 1199 2616 περιτυχόντες
1215 2533 1266 2596 καλ
1281 2527 1432 2613 ἀποδράν-

281 2655 343 2711 τες,
363 2633 414 2696 καί
431 2628 606 2716 ἀναγνόντες
622 2633 673 2696 καί
693 2629 810 2717 γνόντες
826 2634 876 2697 καί
896 2631 1103 2718 καταγνόντες,
1124 2634 1269 2708 σωθέντες
1290 2633 1325 2698 δὲ
1346 2629 1433 2713 ἀπερ-

281 2730 466 2816 βεβὴκαμεν,
488 2730 566 2798 οὕτω
581 2735 632 2798 καί
652 2752 685 2798 σε
700 2732 753 2799 τόν
770 2729 1010 2818 ἀναγινώσκοντα
1025 2744 1250 2820 παρακαλοῦμεν
1267 2731 1436 2818 ἀναγνόντα

280 2837 331 2900 καί
348 2834 529 2920 καταγνόντα
547 2839 660 2898 ’τοῦτο
677 2830 861 2919 όπερβῆναι,
883 2839 926 2912 είς
944 2833 979 2902 τό
1001 2833 1043 2919 μή
1060 2839 1195 2918 ἐμπεσεῖν
1212 2838 1244 2901 ἐν
1260 2841 1302 2923 τηῑ
1324 2837 1364 2922 ίῷ
1387 2841 1437 2914 τῆς

281 2943 341 3002 τοῖν
358 2938 485 3022 ἑρπετῶν
499 2935 613 3001 τούτων
628 2940 801 3021 μοχθηρίας.
837 2933 908 3002 Ἀλλ’
923 2940 950 3002 εί
965 2941 1015 3004 καί
1033 2963 1103 3004 ποτε
1117 2936 1284 3020 περιτόχοις
1298 2939 1364 3002 τισί
1379 2941 1438 3000 τοῖν

280 3034 340 3103 ἀπδ
357 3044 411 3118 τῆς
428 3034 581 3118 ἀφιάδους
597 3035 705 3118 ταύτης
727 3045 846 3120 σχολῆς,
869 3036 964 3116 εάθδς
982 3036 1015 3105 τό
1038 3037 1125 3116 ξόλον
1147 3037 1305 3121 ἀναλαβολν
1327 3036 1365 3103 τό
1388 3033 1438 3100 διά

279 3146 334 3204 τοῦ
352 3143 458 3224 κυρίου
474 3135 546 3221 ἡμῖν
562 3139 747 3222 ίτοιμασθλν,
769 3141 802 3204 ίν
817 3131 841 3227 β
857 3137 992 3227 όκόριος
1005 3137 1090 3222 ἡμῶν
1105 3138 1275 3226 προςιπάγη
1291 3136 1439 3226 Χριστός,

278 3237 354 3306 κατιί
368 3246 421 3322 τῆς
438 3247 567 3322 κεφαλῆς
578 3247 633 3306 τοῦ
649 3238 748 3322 ὄφεως
762 3237 856 3316 εόθδς
870 3239 968 3324 λαβάν
984 3242 1080 3318 εἴποις
1097 3241 1159 3321 ότι,
1184 3239 1314 3323 Χριστός
1331 3238 1439 3323 ἑσταό-

279 3366 371 3425 ρωται
383 3338 459 3423 ὑπὲρ
474 3338 576 3423 ἡμῶν,
597 3339 795 3426 δπογραμμόν
811 3339 883 3425 ἡμῖν
897 3340 1109 3426 όπολιμπάνων
1124 3348 1284 3427 σωτηρίας,
1308 3341 1362 3409 ὅτι
1379 3339 1439 3410 οάκ

279 3439 318 3506 ἀν
341 3444 535 3527 λσταυροῦτο,
558 3447 585 3508 εί
606 3441 647 3526 μή
669 3440 764 3529 σάρκα
784 3440 855 3526 είχε·
876 3443 972 3528 σάρκα
997 3447 1030 3510 ¹¹
1052 3447 1141 3528 ἔχων,
1162 3446 1214 3510 καί
1232 3445 1439 3529 σταυρωθελς,

280 3541 462 3628 ίστιιόρωσεν
483 3540 569 3626 ἡμῶν
590 3541 644 3620 τάς
669 3540 822 3629 ἀμαρτίας.
868 3551 969 3612 Πίστει
993 3549 1095 3630 ἔχομαι
1118 3553 1171 3628 τῆς
1194 3543 1358 3627 ἀληθείας,
1390 3545 1443 3612 καί

279 3641 333 3727 οάγ
347 3641 498 3730 όπάγομαι
519 3652 674 3736 ’πλανητῇ
692 3649 803 3734 νοθείᾳ
819 3653 872 3713 τοῦ
888 3645 1004 3728 ὄφεως,
1025 3651 1076 3714 καί
1094 3655 1364 3736 παραψιθορωμρῖ
1388 3654 1444 3729 τῆς

279 3743 372 3812 αότοῦ
393 3749 589 3824 διδασκαλίας.

365 4153 485 4221 Λοιπδν
501 4153 610 4238 ταύτην
625 4155 799 4240 παρελθόν,
821 4155 984 4243 ἀγαπητοί,
1007 4161 1113 4240 ἐφεξῆς
1132 4160 1294 4240 βαδιοῦμαι
1311 4159 1373 4224 ἕπλ
1393 4158 1451 4236 κάς

326 4358 350 4408 5Ι
367 4353 509 4425 ἀπελδῆιαι
526 4364 562 4412 αλ.
577 4365 653 4424 ηππο.
667 4365 782 4414 mendose.
873 4363 1035 4430 μήηίνοιτο,
1051 4358 1115 4416 ἀλλὰ
1133 4369 1183 4416 ται.

327 4425 384 4474 cn.
403 4427 547 4480 XVHL-
586 4431 607 4480 1.
625 4433 695 4480 Solve
711 4431 791 4484 ταῦτα
808 4431 836 4494 ἐξ
919 4433 942 4481 ¹.
961 4431 1034 4484 τοῦτο
1058 4446 1099 4494 ιρο
1114 4434 1230 4510 κασίγνητ’.
1268 4432 1338 4481 Libri
1355 4436 1452 4485 λοοεια

274 4483 310 4547 τίκ
336 4487 501 4560 ηδυνηὲημεκ
527 4495 606 4562 λίγεκ
632 4493 662 4550 τό
687 4493 833 4564 πράξαντες,
867 4501 921 4551 τοῦ.
954 4501 1051 4550 Ριίαυὶο
1066 4499 1157 4562 μλοαιλι
1171 4493 1274 4551 τούτων
