3006 4990
276 253 316 316 94
696 261 817 316 omer}
834 259 1004 315 nmmo
1078 255 1083 268 '

275 381 427 464 παρετίθη
448 375 467 445 o‘
486 357 607 462 μάσχυς·
636 377 714 445 ὅπου
736 380 769 445 δί
786 377 920 463 Ἀβραάμ
941 377 1072 465 άγγίλοις
1091 380 1239 464 παρίθετο
1258 386 1354 466 κρεῶν
1374 380 1428 464 τὴν

277 485 462 566 ίτοιμασίαν,
483 479 621 548 άπσδίων
642 479 697 546 οῦκ
719 474 759 564 ἦν
779 480 869 558 αάτάς
890 489 944 564 τῆς
964 479 1078 548 τσάτων
1095 488 1226 565 μετοχῆς.

141 585 207 653 Κῑφ·
225 580 257 652 λ’·
358 582 442 648 Ἀλλά
458 585 510 649 καλ
524 590 577 648 τοῦ
593 581 745 668 προβάτου
762 586 904 660 τυθίντος
920 587 953 649 ἐν
970 591 1006 674 τῇ
1023 591 1082 650 τῶν
1099 587 1271 670 Αἰγυπτίων
1286 583 1368 674 χάρρι
1387 588 1427 651 ἔτι

275 685 345 771 παρ’
362 687 538 771 Αἰγυπτίοις
555 683 687 770 τυγχάνει
704 683 833 773 ᾆδομίιη
854 683 874 768 ἡ
891 684 1069 771 παράδοσις,
1098 687 1150 751 καί
1167 685 1248 772 παρά
1264 696 1328 763 τοῖς
1344 691 1426 754 είδω-

274 787 434 872 λολάτραις.
475 785 526 851 Ἐν
545 785 600 872 γάρ
625 794 667 876 τῷ
683 794 794 875 καιρῷ,
824 787 872 852 ὅτε
888 785 920 852 τδ
939 786 1035 870 πάσχα
1052 787 1164 873 ίγίνετο
1182 790 1275 853 ίκεῖσε
1293 786 1380 873 (άρχὴ
1396 791 1427 856 δὲ

277 891 352 974 αῦτη
371 894 481 974 γίνεται
499 896 553 953 τοῦ
577 890 679 973 ἔαρος,
709 887 758 953 ὅτε
780 885 799 970 ἦ
818 887 921 973 προίιη
938 891 1100 973 ίσημερία),
1130 893 1163 954 ίκ
1180 894 1300 972 μίλτεως
1315 887 1426 974 λαμβά-

275 1015 359 1060 νουσι
378 989 483 1065 πάντες
499 985 658 1074 Αἰγύπτιοι
673 989 747 1054 κατά
764 986 926 1074 άγνωσίαν,
955 993 1007 1056 καί
1023 995 1139 1074 χρίουσι
1155 992 1208 1073 μίν
1228 989 1264 1056 τά
1280 991 1425 1077 πρόβατα,

275 1099 388 1180 χρίουσι
410 1093 442 1158 δὲ
463 1093 514 1156 καί
534 1088 571 1155 τά
592 1093 712 1174 δένδρα,
741 1090 793 1167 τάς
814 1099 922 1170 συκᾶς,
949 1095 1000 1156 καί
1018 1091 1054 1156 τά
1071 1091 1158 1170 άλλα,
1186 1097 1361 1174 φημίζοντες
1377 1095 1428 1159 καί

275 1199 406 1282 λέγοντες
425 1193 488 1273 ὅτι,
522 1194 632 1273 ιφασί,
660 1191 694 1259 vo*
711 1199 771 1277 πῦρ
794 1195 825 1258 ἐν
841 1193 933 1282 ταύτῃ
950 1201 986 1282 τῇ
1003 1190 1099 1281 ἡμέρᾳ
1116 1196 1270 1275 κατίωλεξί
1287 1220 1358 1260 ποτε
1372 1195 1428 1279 τὴν

278 1299 464 1380 οἰκουμένην·
495 1290 530 1359 τδ
553 1295 585 1358 δὲ
604 1301 699 1376 σχῆμα
719 1302 774 1359 τοῦ
791 1297 915 1378 αἵματος
933 1294 966 1361 ιδ
989 1293 1135 1380 πυρωπδν
1157 1293 1344 1381 άλεξητήριόν
1366 1299 1427 1362 ἐστι

276 1408 330 1484 τῆς
343 1397 487 1480 τοσαύτης
499 1403 611 1481 πληγῆς
623 1397 675 1460 καί
690 1395 834 1478 τοιαύτης.
868 1395 1000 1462 ’Πόθεν
1017 1398 1048 1462 δί
1064 1395 1118 1463 οῦκ
1132 1400 1235 1480 ἔχομεν
1249 1401 1342 1474 δείξαι
1357 1401 1425 1484 περί

275 1509 329 1584 τῆς
345 1499 541 1577 ἀκολουθίας,
571 1495 612 1574 άς
628 1499 670 1562 ίτι
688 1499 739 1562 καί
755 1502 842 1583 δεῦρο
861 1495 898 1562 τά
911 1503 1036 1579 λείψανα
1050 1506 1104 1581 τῆς
1120 1507 1176 1564 τοῦ
1194 1505 1265 1564 Νῶε
1278 1499 1428 1584 λάρνακος

276 1607 425 1669 δείκνυται
438 1603 470 1666 ἒν
483 1607 519 1690 τῇ
534 1606 593 1665 τῶν
609 1601 771 1684 Καρδυίων
785 1598 881 1688 χώρας
901 1602 953 1664 καί
969 1597 1086 1675 πάντως
1101 1602 1133 1665 δί
1146 1603 1174 1665 εί
1187 1599 1369 1684 ἐπιζητήσειί
1383 1628 1427 1678 τις

275 1707 328 1771 καί
340 1701 541 1788 άνιρευνήσειε
555 1703 604 1766 καλ
619 1699 655 1766 τά
668 1705 792 1792 λείηγανα
806 1709 861 1766 τοῦ
875 1706 1099 1786 θυσιαστηρίου,
1122 1704 1240 1786 ἐπείπερ
1253 1700 1428 1769 άκόλουθάν

276 1807 370 1883 ίστιν,
399 1803 480 1888 εῦροι
500 1801 538 1867 άν
559 1805 591 1868 ἐν
611 1809 647 1892 τῇ
664 1799 782 1891 άπωρίμ
799 1809 853 1867 τοῦ
871 1801 974 1887 ὅρους,
1004 1805 1082 1869 ὅπου
1100 1805 1194 1886 ἔμεινε
1212 1811 1282 1869 Νῦε
1298 1804 1427 1882 ίξελθοδν

277 1904 338 1972 άπιί
360 1913 414 1988 τῆς
434 1907 563 1988 κιβωτοῦ
584 1905 635 1971 καί
652 1906 845 1990 προςενὲγκας
866 1903 924 1970 άπδ
945 1913 1004 1970 τῶν
1025 1903 1107 1984 ζώων
1126 1913 1187 1970 τῶν
1207 1913 1353 1992 καθαρῶν
1374 1909 1428 1972 καί

275 2015 334 2073 τείν
350 2005 584 2096 στεάτωνπυρίρι
605 2013 646 2094 τῷ
666 2012 745 2094 θεῷ,
776 2005 823 2072 ὅτε
837 2004 980 2090 ἤκουσεν,
1007 2005 1101 2088 Ἰδαί,
1130 2005 1245 2072 δίδωκά
1261 2025 1310 2072 σοι
1326 2006 1428 2073 πάντα

277 2107 320 2185 οἱς
332 2106 442 2190 λάχανα
455 2105 571 2193 χόρτου,
592 2113 691 2174 θῦσον
704 2107 753 2172 καί
770 2105 853 2193 φάγε.
899 2108 1120 2193 Παρελεῦσομαι
1132 2109 1164 2174 δὲ
1178 2111 1229 2174 καί
1243 2107 1352 2192 ταύτης
1366 2109 1427 2174 πά-

276 2220 321 2276 λιν
335 2209 368 2275 τδ
386 2211 554 2284 ίπείςακτυν
567 2211 617 2273 καί
632 2207 750 2292 ἠλίθων
763 2215 816 2292 τῆς
832 2211 978 2294 αίρίσεας,
1000 2210 1156 2295 άρκεσθείς
1170 2219 1236 2286 ταῖς
1248 2213 1426 2296 προειρημί-

275 2337 340 2388 ναις
356 2307 467 2396 δλίγαις
479 2313 594 2390 λέξεσιν,
616 2312 819 2396 ἐνσπαρείσαις
833 2306 893 2376 διεδ
907 2320 960 2394 τῆς
975 2309 1061 2396 ἡμῶν
1073 2311 1268 2398 βραχύτητος,
1290 2315 1427 2379 ἐνταῦθα

276 2411 353 2499 πρδς
373 2411 525 2478 ἀντίθεσιν
543 2419 597 2496 τῆς
617 2411 730 2496 πλάνης
749 2416 801 2496 τῆς
821 2416 1036 2500 προειρημένης
1057 2415 1203 2500 αἰρίσεως.

613 2761 760 2831 ΚΑΤΑ
795 2761 1085 2832 ΟΣΣΗΝΩΝ.

267 2877 381 2972 Ἔκτη
394 2876 515 2974 οιίρεσις
531 2873 597 2950 ἀπὸ
608 2873 825 2971 Ἰουδοιῖσμοῦ,
840 2877 1114 2972 ἑπτακαιδεκάτη
1128 2880 1166 2952 δὲ
1178 2885 1223 2974 τῇ
1237 2877 1427 2978 ἀκολουθίᾳ.

143 3033 209 3098 Κεφ.
227 3023 260 3080 α’·
362 3021 449 3088 Μετά
465 3021 575 3105 ταῦτην
589 3020 678 3088 πάλιν
692 3021 762 3104 άλλη
778 3049 822 3099 τις
838 3027 949 3108 αἵρεσις
962 3023 1082 3102 ταῦταις
1096 3027 1375 3112 παραπεπλεγμίνη,
1407 3024 1430 3109 η’

169 3157 219 3205 μς.
231 3143 264 3186 ια
277 3130 337 3191 τῶν
351 3121 499 3207 Ὀσοηνῦν
514 3127 687 3208 καλουμένη.
729 3122 870 3190 Ἰουδαῖοι
890 3126 944 3192 ιδὲ
961 3119 1059 3206 οῦτοι,
1080 3123 1122 3203 τίς
1137 3130 1187 3192 καί
1204 3131 1238 3192 αί
1250 3130 1430 3213 πραειρημί

278 3253 345 3305 ναι,
366 3223 523 3312 ῦποκριταί
536 3225 589 3292 τδν
604 3225 729 3309 τρόπον,
751 3228 843 3292 δεινοί
857 3225 911 3308 την
928 3229 1067 3293 ίπίνυιαν.
1101 3227 1268 3311 Ὥρμηνται
1281 3229 1314 3294 δί
1328 3223 1430 3308 οὗτοι,

281 3326 322 3404 τίς
335 3325 357 3409 ἦ
372 3329 413 3403 εἰς
428 3325 506 3410 ἡμᾶς
520 3330 648 3393 ἐλθοῦσα
664 3329 788 3412 περιίχει
801 3326 974 3413 παράδοσις,
996 3326 1056 3394 οίπδ
1071 3336 1123 3412 τῆς
1139 3335 1312 3414 Ναβαιικῆς
1326 3329 1432 3418 χώρας

279 3431 330 3495 καί
342 3426 524 3514 Ἰτουραίας,
546 3428 741 3512 Μωαβίτιδάς
753 3455 784 3495 τε
796 3431 847 3494 καλ
856 3427 1056 3515 Ἀρηϊλίτιδος,
1078 3437 1134 3496 τῦν
1148 3434 1282 3498 ίπίκεινα
1294 3436 1349 3515 τῆς
1363 3457 1430 3498 κοι-

278 3528 369 3606 λάδας
385 3535 439 3613 τῆς
456 3527 580 3614 Ἅλυκῆς
599 3531 693 3608 οῦτος
713 3533 745 3596 ἐν
763 3535 799 3620 τῇ
814 3536 884 3620 osso
899 3537 1000 3621 γραφῇ
1017 3533 1197 3616 καλουμένης
1213 3531 1431 3619 ῦπερτειμίνης

279 3630 391 3716 χώρας·
421 3634 479 3697 ἰστι
497 3631 529 3697 δί
544 3631 619 3714 αῦτη
637 3631 739 3716 Νεκρά
754 3634 918 3715 καλουμένη
933 3632 1076 3700 θάλασσα.
1123 3641 1217 3701 Τοῦτο
1237 3637 1271 3700 δί
1289 3633 1322 3700 τά
1339 3637 1433 3722 γίνος

279 3738 338 3798 τοῖν
350 3731 499 3816 Ὀσσηνῶν
514 3732 699 3820 ίρμηνεῦεται
718 3733 831 3816 διαίτης
845 3732 987 3810 ίκδάσεως
998 3740 1052 3800 τοῦ
1067 3733 1213 3818 α’νόματος
1225 3733 1366 3822 στιβαρδν
1380 3739 1432 3822 γέ-

278 3859 342 3910 νος.
384 3833 538 3917 Συνὴφθη
552 3835 585 3901 δὲ
600 3833 716 3911 τούτοις
728 3836 876 3917 μετέπειτα
891 3833 909 3901 δ
924 3835 1102 3919 καλούμενος
1115 3835 1227 3918 Ήλξαῒ,
1256 3841 1288 3904 ἐν
1303 3836 1435 3924 χρόνοις

283 3941 430 4021 Τραϊανοῦ
443 3939 594 4020 βασιλέως,
616 3936 686 4019 μετά
701 3934 756 4019 τὴν
768 3943 821 4002 τοῦ
832 3942 963 4023 σωτῆρος
976 3944 1152 4024 παρουσίαν,
1173 3940 1208 4017 δς
1223 3941 1335 4027 ίγίνετα
1350 3957 1432 4020 ψευ-

280 4037 480 4122 δοπροφήτης.
523 4037 737 4124 Συνεγράψατυ
755 4039 788 4102 δί
801 4031 889 4114 οὗτος
906 4045 1019 4124 βιβλίον
1033 4045 1127 4124 δῆθεν
1140 4041 1215 4108 κατά
1230 4047 1434 4128 προφητείαν,

278 4135 301 4221 ἢ
320 4135 361 4216 είς
381 4138 456 4204 κατά
477 4141 583 4206 ίνθειιν
598 4143 714 4221 σοφίαν.
760 4142 839 4206 Φασλ
855 4141 887 4206 δί
903 4142 954 4207 καί
968 4137 1053 4207 άλλον
1068 4141 1132 4208 τινά
1151 4141 1281 4221 ’Ἲεξίυν
1295 4140 1438 4225 άδελφδν

313 4325 372 4378 cn.
383 4329 427 4378 111.
444 4357 477 4368 -
496 4328 519 4380 1.
533 4328 599 4392 φασί
609 4333 769 4395 mosivum
783 4347 833 4400 φη-
867 4335 900 4382 od
913 4333 1031 4382 Ριίουίυι.
1065 4333 1191 4384 coruom
1205 4333 1340 4384 ααιααελκκ
1352 4347 1438 4397 m

280 4392 322 4454 σλ,
339 4399 401 4457 qood
418 4399 471 4446 λε’διτ·
487 4401 590 4448 retinent.
868 4401 1010 4462 ιλιςοιιλὶατε
1028 4400 1178 4462 „Quomodo
1194 4416 1254 4450 vero
1268 4417 1319 4451 nou
1335 4417 1437 4468 posso—

312 4461 337 4514 2.
351 4465 429 4528 lupo
440 4466 510 4526 olom
523 4467 581 4518 λιστα
591 4469 664 4520 verbo
675 4469 837 4532 ίιιλτιχιττλσλιιι
868 4481 922 4518 nuo
942 4465 1074 4519 ostendere
1097 4466 1130 4520 δο
1151 4468 1328 4536 υααοεηαοωιίο
1335 4505 1344 4532 ,
1373 4485 1437 4520 eom
