3008 4996
360 315 493 366 deldlill
510 315 573 366 tte.
582 317 602 365 1.
618 315 699 367 Tott.
716 315 748 366 n.
765 314 862 366 HAER.
876 313 966 366 XXX.
1174 303 1232 364 251

93 433 193 498 borum
213 433 301 518 igitur
317 444 395 497 metu
413 433 536 496 alterum
553 453 586 498 se
605 431 818 496 matrimonium
837 434 939 498 ioiiasc
959 431 1091 512 dicebat,
1123 455 1180 517 qno
1202 453 1237 496 aa

94 536 125 598 ab
149 535 199 598 illa
222 555 357 598 manuum
378 535 563 620 impositione
586 535 735 600 liberaret.

175 635 236 701 Sed
254 637 289 700 ad
307 637 489 721 patriarchae
505 637 666 715 historiam,
690 647 719 699 et
733 635 822 720 ipsius
839 637 912 700 adeo
931 633 1045 722 losephi
1062 636 1235 700 redeamusc
1256 643 1315 711 cap.
1330 643 1371 694 Vt.

92 759 176 822 quam
198 737 228 800 io
250 738 389 801 lectorum
410 739 531 820 gratiam
551 739 652 802 iisdem
671 738 775 821 quibus
795 737 843 802 ille
862 738 1008 802 referebat
1030 738 1128 802 verbis
1151 759 1238 802 accu-

93 849 156 902 rata
179 840 234 901 hdc
255 840 549 923 repraesentabimus.
596 835 671 903 Cum
693 840 790 923 itaque
812 839 974 925 patriarcba
996 840 1139 925 baptismo
1161 840 1238 902 boae

92 940 118 1004 in
138 940 256 1004 modam
274 940 448 1019 initiaretur,
472 961 539 1024 ego,
563 941 723 1025 inquiebat,
747 962 799 1025 per
816 941 1158 1004 ianuae-commissuram
1178 943 1239 1004 lur-

93 1043 142 1104 tiur
162 1042 377 1127 introspectans
397 1043 494 1106 omuiu
513 1065 587 1126 quae
608 1042 644 1105 ab
663 1044 802 1128 episcopo
818 1043 997 1127 patriarchae
1016 1043 1119 1106 tierent
1135 1043 1238 1105 ohser-

92 1143 217 1219 vabam,
247 1163 282 1206 ac
297 1145 452 1225 diligenter
466 1143 563 1206 animo
577 1143 752 1208 retinebam.
796 1143 851 1209 Ubi
868 1145 945 1208 inter
960 1154 1058 1208 cetera
1074 1143 1237 1229 patriarcha

92 1245 150 1308 uim
166 1245 308 1328 quandam
323 1245 385 1308 auri
402 1265 460 1308 non
476 1245 652 1311 mediocrem
667 1256 770 1308 teucos
786 1245 860 1308 haoo
874 1245 1012 1331 episcopo
1026 1248 1169 1329 porrexit,
1193 1256 1235 1322 at,

93 1351 148 1408 Pro
165 1369 225 1419 aare,
248 1345 357 1429 iuquit,
381 1347 493 1429 offerto.
539 1350 680 1426 Scriptum
699 1359 742 1408 est
758 1353 845 1422 maia,
869 1350 1092 1410 cscccrdotr'bus
1109 1351 1157 1408 dcr'
1170 1350 1239 1408 olli-

91 1451 164 1528 gora'
173 1451 298 1528 soletque
309 1451 339 1508 in
354 1452 438 1508 tma'a
452 1452 554 1522 omniu,
579 1452 714 1512 eteoclem
730 1454 759 1510 ia
774 1452 851 1510 ecclc
865 1453 958 1511 solutu
963 1452 1034 1531 sore
1046 1451 1092 1509 ccl
1102 1451 1235 1528 ellr'gotc.

94 1546 166 1613 Post
183 1549 256 1611 baec
269 1547 377 1632 apertis
394 1548 503 1612 loribus
521 1549 793 1634 sciscitantibusque
810 1551 845 1614 de
860 1550 1023 1635 patriarcha
1040 1550 1086 1632 qui
1102 1550 1237 1625 aderant,

94 1650 334 1734 quemadmodum
348 1670 388 1712 cx
401 1669 436 1714 eo
451 1651 579 1714 remedio
594 1652 716 1730 valeret,
733 1652 935 1736 percommode
948 1671 981 1714 se
997 1651 1103 1713 babere
1117 1671 1238 1734 respou-

94 1753 151 1830 dit;
175 1751 245 1834 qnid
263 1750 337 1813 coim
357 1751 466 1814 diceret
483 1753 633 1836 praeclara
652 1763 786 1816 noverat.
830 1751 925 1816 Biduo
942 1753 1046 1816 debinc
1063 1753 1110 1816 vel
1130 1752 1237 1827 tridaao,

93 1855 221 1917 adeunte
236 1850 351 1936 saepius
367 1873 419 1936 per
433 1853 535 1916 medici
550 1853 677 1937 speciem
692 1855 839 1940 episcopo,
864 1855 940 1918 lelici
955 1875 994 1917 ex
1010 1855 1065 1917 hac
1080 1854 1141 1916 vita
1156 1854 1239 1918 exitu

94 1952 259 2039 patriarcba
274 1953 418 2033 decessit,
441 1975 506 2018 cum
523 1956 602 2036 prius
618 1952 741 2038 losepho
757 1966 787 2018 et
802 1954 888 2018 alteri
904 1957 1015 2019 cuidam
1033 1955 1240 2019 honestissimo

93 2056 160 2119 viro
179 2055 356 2120 tenerrimae
378 2055 472 2119 adhuc
492 2057 598 2120 aetatis
620 2057 706 2120 hlium
726 2057 932 2122 commisisset.
978 2054 1124 2138 Quocirca
1143 2057 1240 2120 omnia

94 2157 205 2220 abillis
222 2154 362 2220 ambobus
378 2157 664 2236 administrabantur,
689 2159 764 2240 quod
779 2171 859 2222 essct
874 2157 1035 2244 patriarcba
1052 2159 1145 2220 adhuc
1158 2169 1240 2220 acta-

94 2267 122 2321 te
141 2278 216 2342 puer
232 2279 267 2320 ac
286 2259 489 2343 propemodum
510 2259 624 2337 iulans,
656 2269 686 2321 et
702 2259 781 2323 inter
797 2261 910 2324 illorum
930 2281 1032 2324 manos
1052 2261 1238 2322 educaretur.

93 2356 154 2424 Per
175 2358 252 2422 idem
270 2369 382 2445 tempus
398 2356 513 2444 losephi
530 2360 654 2424 animum
674 2360 827 2425 sollicitum
844 2361 967 2425 babebat
985 2382 1085 2424 eornm
1103 2361 1240 2424 accorda-

94 2462 153 2540 tio,
185 2461 310 2544 quaein
331 2460 472 2545 baptismo
497 2461 557 2524 lieri
577 2465 699 2546 mystica
718 2483 879 2546 arcanaque
897 2463 1025 2542 viderat,
1056 2473 1087 2524 et
1105 2463 1239 2545 quidnam

93 2573 200 2647 ageret
213 2561 302 2626 anxie
316 2562 473 2644 cogitabat.
519 2559 709 2626 Commodum
725 2565 784 2627 illic
798 2563 999 2648 gazophylacii
1015 2563 1087 2626 cella
1101 2565 1241 2645 quaradam

94 2675 161 2728 erat
178 2665 331 2746 obsignata
348 2667 434 2746 (gaso
454 2685 540 2749 porro
558 2663 702 2728 Hebraico
721 2665 887 2728 thesaurum
903 2665 1079 2748 significat);
1103 2665 1185 2728 caios
1200 2666 1241 2728 si·

94 2767 157 2850 gilli
180 2767 276 2848 gratia
299 2765 443 2850 plerisque
462 2767 543 2830 varia
566 2767 601 2828 de
619 2787 656 2829 co
672 2766 883 2852 gazophylacio
900 2765 1131 2851 suspicantibus,
1161 2763 1240 2830 lose-

95 2867 170 2951 phas
188 2867 263 2928 ctam
281 2887 368 2930 ausus
384 2867 501 2951 aperire
516 2867 586 2930 nibil
602 2868 787 2952 pecuniarum
807 2868 933 2953 reperit,
963 2868 1014 2931 scd
1033 2868 1121 2931 libros
1138 2867 1241 2930 ducta·

93 2981 151 3032 xat
171 2967 305 3052 pecuniis
325 2969 458 3032 omuibus
476 2968 717 3052 praestantiores.
763 2965 846 3050 Quos
868 2970 933 3032 duur
957 2969 1082 3045 evolvit,
1115 2970 1189 3030 torte
1211 2970 1241 3030 iu

94 3071 165 3134 illud
184 3069 287 3133 incidit
302 3071 337 3131 de
353 3091 409 3152 quo
424 3069 530 3134 dictum
548 3080 610 3148 cat,
636 3068 752 3134 loannis
767 3071 949 3154 evangelium
965 3093 983 3134 c
999 3067 1115 3134 Graeco
1133 3070 1162 3132 iu
1181 3068 1242 3132 lle·

95 3173 227 3236 braicum
243 3171 431 3247 translatum,
454 3192 510 3234 una
527 3192 591 3234 eum
608 3172 815 3256 Apostolorum
831 3171 966 3234 Actibus.
1012 3173 1058 3234 Ad
1076 3170 1147 3233 bace
1162 3168 1241 3233 Mat-

94 3273 176 3338 thaei
193 3291 308 3356 qnoque
325 3269 501 3340 Hebraicam
515 3273 714 3356 genealogiam
729 3272 855 3337 invenit.
897 3269 1011 3353 Quibus
1027 3272 1161 3357 perlectis
1177 3292 1242 3334 rnr-

93 3396 150 3440 sus
166 3374 231 3440 cias
249 3371 363 3436 ecimus
379 3372 502 3436 cruciaci
519 3375 626 3458 coepit,
649 3385 680 3436 et
696 3371 892 3438 Christianam
909 3373 1023 3458 quidem
1041 3375 1122 3468 idem
1141 3393 1243 3457 capos·

94 3496 166 3540 aere
183 3475 336 3538 molestam
353 3475 381 3540 ci
400 3475 569 3553 videbatur,
597 3475 648 3539 sed
665 3477 737 3538 haec
752 3476 809 3539 duo
828 3475 1029 3554 nihilomiuus,
1059 3487 1089 3540 et
1103 3477 1241 3540 librorum

93 3577 187 3642 lectio
207 3586 236 3640 et
260 3576 441 3660 patriarchae
462 3575 585 3640 initiatio
607 3577 797 3642 vehementer
817 3575 962 3640 bominem
981 3577 1137 3662 angebant.
1183 3573 1242 3659 Qui

94 3678 240 3744 obdurato
261 3685 377 3756 muco,
400 3689 432 3742 ot
450 3679 576 3756 assolet,
599 3679 697 3742 animo
718 3682 888 3764 permansit.

185 3979 267 4046 luter
292 3981 365 4046 baec
384 3983 569 4050 adolescente
592 3985 649 4049 iam
672 3983 776 4050 Ellotis
798 3986 855 4050 tilio
875 3984 1000 4070 pupillo,
1033 3985 1081 4067 qui
1103 3983 1139 4045 ad
1160 4004 1241 4067 spem
1260 3993 1384 4060 ecpvtt.

95 4084 314 4168 patriarchatus
331 4085 508 4150 educabatur
521 4091 629 4170 (oeque
645 4087 722 4150 enim
738 4088 925 4170 magistratus
939 4088 1012 4173 apud
1032 4085 1154 4150 ludaeos
1170 4085 1244 4150 ullus

96 4185 258 4269 praeripit,
290 4185 340 4247 sad
359 4187 526 4270 parentibus
543 4187 592 4250 hlii
611 4191 801 4268 succedunt),
833 4211 905 4252 mox
922 4199 954 4252 ut
970 4188 1073 4252 aetatis
1092 4187 1191 4250 florem
1209 4209 1243 4250 ac

96 4287 231 4370 vigorem
251 4287 362 4369 attigit,
391 4289 425 4350 ad
449 4290 511 4352 cius
535 4290 758 4354 familiaritatem
783 4293 920 4374 aequales
943 4291 1057 4374 qnidam
1080 4290 1244 4375 perniciose

94 4390 246 4471 obrepunt
271 4388 357 4450 otiosi
380 4391 580 4454 adolescentes
609 4413 643 4454 ac
668 4392 798 4456 moribus
821 4392 948 4476 corrupti
973 4389 1093 4472 (ludas,
1127 4391 1242 4476 opinor,

131 4521 194 4574 cm.
206 4523 262 4572 Vll.
279 4549 312 4562 -·
332 4523 353 4575 l.
372 4526 511 4578 comarum
530 4527 590 4578 Com
608 4537 691 4578 actem
707 4526 733 4578 iu
750 4527 789 4578 hir
805 4537 954 4578 attereretur
971 4529 1016 4594 (rc.
1030 4528 1157 4594 deceptam).
