<?xml version="1.0" encoding="UTF-8"?>
<!DOCTYPE html PUBLIC "-//W3C//DTD XHTML 1.0 Transitional//EN"
    "http://www.w3.org/TR/xhtml1/DTD/xhtml1-transitional.dtd">
<html xmlns="http://www.w3.org/1999/xhtml" xml:lang="en" lang="en">
 <head>
  <title>
</title>
<meta http-equiv="Content-Type" content="text/html;charset=utf-8" />
  <meta name='ocr-system' content='tesseract 3.04.00' />
  <meta name='ocr-capabilities' content='ocr_page ocr_carea ocr_par ocr_line ocrx_word'/>
</head>
<body>
  <div class='ocr_page' id='page_1' title='image "./corporishaerese03oehlgoog_0172.png"; bbox 0 0 3006 4990; ppageno 0'>
   <div class='ocr_carea' id='block_1_1' title="bbox 5 3 13 305">
    <p class='ocr_par' dir='ltr' id='par_1_1' title="bbox 5 3 13 305">
     <span class='ocr_line' id='line_1_1' title="bbox 5 3 13 305; baseline 0 0"><span class='ocrx_word' id='word_1_1' title='bbox 5 3 13 305; x_wconf 89' lang='lat' dir='ltr'>l</span> 
     </span>
    </p>
   </div>
   <div class='ocr_carea' id='block_1_2' title="bbox 106 299 1257 504">
    <p class='ocr_par' dir='ltr' id='par_1_2' title="bbox 106 299 1257 504">
     <span class='ocr_line' id='line_1_2' title="bbox 374 299 1254 360; baseline 0.005 -4"><span class='ocrx_word' id='word_1_2' title='bbox 374 305 508 356; x_wconf 77' lang='lat' dir='ltr'>Pdellll</span> <span class='ocrx_word' id='word_1_3' title='bbox 526 305 589 358; x_wconf 80' lang='lat' dir='ltr'>Lib.</span> <span class='ocrx_word' id='word_1_4' title='bbox 604 307 623 358; x_wconf 84' lang='lat' dir='ltr'>l.</span> <span class='ocrx_word' id='word_1_5' title='bbox 640 305 722 360; x_wconf 76' lang='lat' dir='ltr'>&#39;I‘Obl-</span> <span class='ocrx_word' id='word_1_6' title='bbox 735 307 767 358; x_wconf 85' lang='lat' dir='ltr'>ll.</span> <span class='ocrx_word' id='word_1_7' title='bbox 785 307 884 359; x_wconf 65' lang='lat' dir='ltr'>HAEC.</span> <span class='ocrx_word' id='word_1_8' title='bbox 900 307 1000 360; x_wconf 74' lang='lat' dir='ltr'>xxiv.</span> <span class='ocrx_word' id='word_1_9' title='bbox 1196 299 1254 360; x_wconf 77' lang='lat'>155</span> 
     </span>
     <span class='ocr_line' id='line_1_3' title="bbox 106 395 1257 504; baseline 0.005 -18"><span class='ocrx_word' id='word_1_10' title='bbox 106 395 248 488; x_wconf 82' lang='lat' dir='ltr'>roborare</span> <span class='ocrx_word' id='word_1_11' title='bbox 263 434 417 488; x_wconf 84' lang='lat' dir='ltr'>eourutur.</span> <span class='ocrx_word' id='word_1_12' title='bbox 462 421 541 488; x_wconf 82' lang='lat' dir='ltr'>Nam</span> <span class='ocrx_word' id='word_1_13' title='bbox 556 425 713 504; x_wconf 76' lang='lat' dir='ltr'>Abram,</span> <span class='ocrx_word' id='word_1_14' title='bbox 738 433 770 490; x_wconf 94' lang='lat' dir='ltr'>ut</span> <span class='ocrx_word' id='word_1_15' title='bbox 783 435 850 488; x_wconf 87' lang='lat' dir='ltr'>aute</span> <span class='ocrx_word' id='word_1_16' title='bbox 865 425 939 504; x_wconf 81' lang='lat' dir='ltr'>dixi,</span> <span class='ocrx_word' id='word_1_17' title='bbox 964 420 1138 492; x_wconf 81' lang='lat' dir='ltr'>CCCLXV</span> <span class='ocrx_word' id='word_1_18' title='bbox 1155 447 1257 492; x_wconf 88' lang='lat' dir='ltr'>uume-</span> 
     </span>
    </p>
   </div>
   <div class='ocr_carea' id='block_1_3' title="bbox 5 521 1257 913">
    <p class='ocr_par' dir='ltr' id='par_1_3' title="bbox 5 521 1256 714">
     <span class='ocr_line' id='line_1_4' title="bbox 5 521 1256 609; baseline 0.004 -21"><span class='ocrx_word' id='word_1_19' title='bbox 5 521 6 554; x_wconf 54' lang='lat' dir='ltr'>o</span> <span class='ocrx_word' id='word_1_20' title='bbox 105 547 168 590; x_wconf 88' lang='lat' dir='ltr'>ruru</span> <span class='ocrx_word' id='word_1_21' title='bbox 185 525 330 588; x_wconf 89' lang='lat' dir='ltr'>eontinet.</span> <span class='ocrx_word' id='word_1_22' title='bbox 376 523 453 589; x_wconf 84' lang='lat' dir='ltr'>ilino</span> <span class='ocrx_word' id='word_1_23' title='bbox 471 526 560 609; x_wconf 82' lang='lat' dir='ltr'>igitur</span> <span class='ocrx_word' id='word_1_24' title='bbox 575 527 623 590; x_wconf 90' lang='lat' dir='ltr'>isti</span> <span class='ocrx_word' id='word_1_25' title='bbox 643 527 761 590; x_wconf 90' lang='lat' dir='ltr'>totidem</span> <span class='ocrx_word' id='word_1_26' title='bbox 780 525 883 592; x_wconf 85' lang='lat' dir='ltr'>diebus</span> <span class='ocrx_word' id='word_1_27' title='bbox 897 527 1000 591; x_wconf 74' lang='lat' dir='ltr'>mullei</span> <span class='ocrx_word' id='word_1_28' title='bbox 1017 527 1085 592; x_wconf 89' lang='lat' dir='ltr'>auoi</span> <span class='ocrx_word' id='word_1_29' title='bbox 1102 528 1256 593; x_wconf 88' lang='lat' dir='ltr'>eireuitum</span> 
     </span>
     <span class='ocr_line' id='line_1_5' title="bbox 5 559 1254 714; baseline 0.007 -30"><span class='ocrx_word' id='word_1_30' title='bbox 5 559 7 684; x_wconf 90' lang='lat' dir='ltr'>l</span> <span class='ocrx_word' id='word_1_31' title='bbox 105 636 257 690; x_wconf 74' lang='lat' dir='ltr'>asserum.</span> <span class='ocrx_word' id='word_1_32' title='bbox 302 623 362 692; x_wconf 86' lang='lat' dir='ltr'>Sed</span> <span class='ocrx_word' id='word_1_33' title='bbox 377 627 473 691; x_wconf 86' lang='lat' dir='ltr'>iuauis</span> <span class='ocrx_word' id='word_1_34' title='bbox 489 627 561 690; x_wconf 85' lang='lat' dir='ltr'>baee</span> <span class='ocrx_word' id='word_1_35' title='bbox 575 629 670 692; x_wconf 88' lang='lat' dir='ltr'>oratio</span> <span class='ocrx_word' id='word_1_36' title='bbox 688 649 739 714; x_wconf 80' lang='lat' dir='ltr'>per</span> <span class='ocrx_word' id='word_1_37' title='bbox 757 629 883 712; x_wconf 81' lang='lat' dir='ltr'>seipsam</span> <span class='ocrx_word' id='word_1_38' title='bbox 901 627 1034 692; x_wconf 89' lang='lat' dir='ltr'>eoueidat</span> <span class='ocrx_word' id='word_1_39' title='bbox 1056 649 1178 694; x_wconf 81' lang='lat' dir='ltr'>neeesse</span> <span class='ocrx_word' id='word_1_40' title='bbox 1197 641 1254 694; x_wconf 84' lang='lat' dir='ltr'>est.</span> 
     </span>
    </p>

    <p class='ocr_par' dir='ltr' id='par_1_4' title="bbox 5 725 1257 913">
     <span class='ocr_line' id='line_1_6' title="bbox 106 725 1256 815; baseline 0.002 -21"><span class='ocrx_word' id='word_1_41' title='bbox 106 725 260 812; x_wconf 77' lang='lat' dir='ltr'>Siquidem</span> <span class='ocrx_word' id='word_1_42' title='bbox 277 747 370 792; x_wconf 84' lang='lat' dir='ltr'>eunus</span> <span class='ocrx_word' id='word_1_43' title='bbox 386 739 505 812; x_wconf 81' lang='lat' dir='ltr'>praeter</span> <span class='ocrx_word' id='word_1_44' title='bbox 517 725 690 795; x_wconf 83' lang='lat' dir='ltr'>CCCLXV</span> <span class='ocrx_word' id='word_1_45' title='bbox 701 729 763 794; x_wconf 84' lang='lat' dir='ltr'>dies</span> <span class='ocrx_word' id='word_1_46' title='bbox 777 730 869 794; x_wconf 86' lang='lat' dir='ltr'>tribus</span> <span class='ocrx_word' id='word_1_47' title='bbox 886 730 1008 815; x_wconf 81' lang='lat' dir='ltr'>iusuper</span> <span class='ocrx_word' id='word_1_48' title='bbox 1023 730 1102 794; x_wconf 84' lang='lat' dir='ltr'>boris</span> <span class='ocrx_word' id='word_1_49' title='bbox 1118 743 1256 796; x_wconf 83' lang='lat' dir='ltr'>eoustare</span> 
     </span>
     <span class='ocr_line' id='line_1_7' title="bbox 5 811 1257 913; baseline 0.002 -19"><span class='ocrx_word' id='word_1_50' title='bbox 5 811 7 876; x_wconf 78' lang='lat' dir='ltr'>l</span> <span class='ocrx_word' id='word_1_51' title='bbox 104 830 249 894; x_wconf 86' lang='lat' dir='ltr'>oeroitur.</span> <span class='ocrx_word' id='word_1_52' title='bbox 295 827 407 894; x_wconf 80' lang='lat' dir='ltr'>Eadem</span> <span class='ocrx_word' id='word_1_53' title='bbox 433 851 524 908; x_wconf 79' lang='lat' dir='ltr'>vero,</span> <span class='ocrx_word' id='word_1_54' title='bbox 555 830 665 913; x_wconf 84' lang='lat' dir='ltr'>iuquit,</span> <span class='ocrx_word' id='word_1_55' title='bbox 700 830 773 894; x_wconf 91' lang='lat' dir='ltr'>baeo</span> <span class='ocrx_word' id='word_1_56' title='bbox 801 852 905 896; x_wconf 86' lang='lat' dir='ltr'>eauesa</span> <span class='ocrx_word' id='word_1_57' title='bbox 932 842 979 896; x_wconf 84' lang='lat' dir='ltr'>est</span> <span class='ocrx_word' id='word_1_58' title='bbox 1001 853 1054 896; x_wconf 91' lang='lat' dir='ltr'>our</span> <span class='ocrx_word' id='word_1_59' title='bbox 1080 831 1110 896; x_wconf 90' lang='lat' dir='ltr'>iu</span> <span class='ocrx_word' id='word_1_60' title='bbox 1141 833 1257 896; x_wconf 81' lang='lat' dir='ltr'>bomine</span> 
     </span>
    </p>
   </div>
   <div class='ocr_carea' id='block_1_4' title="bbox 5 927 1407 4369">
    <p class='ocr_par' dir='ltr' id='par_1_5' title="bbox 5 927 1407 4369">
     <span class='ocr_line' id='line_1_8' title="bbox 105 927 1257 1016; baseline 0.002 -20"><span class='ocrx_word' id='word_1_61' title='bbox 105 927 284 996; x_wconf 83' lang='lat' dir='ltr'>CCCLXV</span> <span class='ocrx_word' id='word_1_62' title='bbox 306 933 437 995; x_wconf 81' lang='lat' dir='ltr'>membra</span> <span class='ocrx_word' id='word_1_63' title='bbox 457 932 536 1009; x_wconf 86' lang='lat' dir='ltr'>slot,</span> <span class='ocrx_word' id='word_1_64' title='bbox 567 942 600 995; x_wconf 96' lang='lat' dir='ltr'>ut</span> <span class='ocrx_word' id='word_1_65' title='bbox 623 931 769 1016; x_wconf 83' lang='lat' dir='ltr'>quaelibet</span> <span class='ocrx_word' id='word_1_66' title='bbox 789 933 901 997; x_wconf 86' lang='lat' dir='ltr'>illerum</span> <span class='ocrx_word' id='word_1_67' title='bbox 920 930 1067 998; x_wconf 85' lang='lat' dir='ltr'>Virtutem</span> <span class='ocrx_word' id='word_1_68' title='bbox 1092 953 1177 998; x_wconf 89' lang='lat' dir='ltr'>suum</span> <span class='ocrx_word' id='word_1_69' title='bbox 1199 933 1257 998; x_wconf 86' lang='lat' dir='ltr'>sibi</span> 
     </span>
     <span class='ocr_line' id='line_1_9' title="bbox 104 1029 1257 1120; baseline 0.003 -24"><span class='ocrx_word' id='word_1_70' title='bbox 104 1031 259 1096; x_wconf 80' lang='lat' dir='ltr'>tiodieere</span> <span class='ocrx_word' id='word_1_71' title='bbox 273 1031 377 1117; x_wconf 81' lang='lat' dir='ltr'>possit.</span> <span class='ocrx_word' id='word_1_72' title='bbox 414 1029 448 1096; x_wconf 88' lang='lat' dir='ltr'>lo</span> <span class='ocrx_word' id='word_1_73' title='bbox 464 1055 521 1118; x_wconf 80' lang='lat' dir='ltr'>quo</span> <span class='ocrx_word' id='word_1_74' title='bbox 537 1033 652 1117; x_wconf 86' lang='lat' dir='ltr'>quidem</span> <span class='ocrx_word' id='word_1_75' title='bbox 665 1037 818 1098; x_wconf 85' lang='lat' dir='ltr'>eondotum</span> <span class='ocrx_word' id='word_1_76' title='bbox 833 1033 902 1098; x_wconf 91' lang='lat' dir='ltr'>illud</span> <span class='ocrx_word' id='word_1_77' title='bbox 919 1035 1169 1120; x_wconf 82' lang='lat' dir='ltr'>adulterinumque</span> <span class='ocrx_word' id='word_1_78' title='bbox 1186 1037 1257 1120; x_wconf 73' lang='lat' dir='ltr'>dog·</span> 
     </span>
     <span class='ocr_line' id='line_1_10' title="bbox 105 1132 1257 1221; baseline 0.003 -23"><span class='ocrx_word' id='word_1_79' title='bbox 105 1155 152 1198; x_wconf 80' lang='lat' dir='ltr'>ma</span> <span class='ocrx_word' id='word_1_80' title='bbox 175 1153 237 1198; x_wconf 87' lang='lat' dir='ltr'>nou</span> <span class='ocrx_word' id='word_1_81' title='bbox 261 1134 356 1198; x_wconf 85' lang='lat' dir='ltr'>miuus</span> <span class='ocrx_word' id='word_1_82' title='bbox 375 1135 497 1198; x_wconf 82' lang='lat' dir='ltr'>corruit.</span> <span class='ocrx_word' id='word_1_83' title='bbox 543 1132 658 1221; x_wconf 77' lang='lat' dir='ltr'><strong>Quippe</strong></span> <span class='ocrx_word' id='word_1_84' title='bbox 675 1156 734 1198; x_wconf 82' lang='lat' dir='ltr'>uon</span> <span class='ocrx_word' id='word_1_85' title='bbox 757 1136 838 1220; x_wconf 84' lang='lat' dir='ltr'>plura</span> <span class='ocrx_word' id='word_1_86' title='bbox 855 1132 1042 1202; x_wconf 82' lang='lat' dir='ltr'>CCCLXlV</span> <span class='ocrx_word' id='word_1_87' title='bbox 1066 1138 1204 1202; x_wconf 85' lang='lat' dir='ltr'>membris</span> <span class='ocrx_word' id='word_1_88' title='bbox 1225 1137 1257 1202; x_wconf 88' lang='lat' dir='ltr'>iu</span> 
     </span>
     <span class='ocr_line' id='line_1_11' title="bbox 105 1235 448 1300; baseline -0.006 0"><span class='ocrx_word' id='word_1_89' title='bbox 105 1235 225 1300; x_wconf 84' lang='lat' dir='ltr'>bomine</span> <span class='ocrx_word' id='word_1_90' title='bbox 247 1246 448 1300; x_wconf 67' lang='lat' dir='ltr'>numerantur.</span> 
     </span>
     <span class='ocr_line' id='line_1_12' title="bbox 193 1336 1407 1423; baseline -0.002 -23"><span class='ocrx_word' id='word_1_91' title='bbox 193 1337 360 1402; x_wconf 75' lang='lat' dir='ltr'>debeatur</span> <span class='ocrx_word' id='word_1_92' title='bbox 381 1337 430 1401; x_wconf 93' lang='lat' dir='ltr'>ille</span> <span class='ocrx_word' id='word_1_93' title='bbox 448 1337 645 1423; x_wconf 83' lang='lat' dir='ltr'>apostolorum</span> <span class='ocrx_word' id='word_1_94' title='bbox 668 1358 825 1402; x_wconf 83' lang='lat' dir='ltr'>suecessor</span> <span class='ocrx_word' id='word_1_95' title='bbox 846 1336 988 1404; x_wconf 84' lang='lat' dir='ltr'>irenaeus</span> <span class='ocrx_word' id='word_1_96' title='bbox 1008 1339 1142 1403; x_wconf 83' lang='lat' dir='ltr'>subtilius</span> <span class='ocrx_word' id='word_1_97' title='bbox 1166 1359 1202 1404; x_wconf 86' lang='lat' dir='ltr'>ea</span> <span class='ocrx_word' id='word_1_98' title='bbox 1217 1341 1255 1403; x_wconf 89' lang='lat' dir='ltr'>de</span> <span class='ocrx_word' id='word_1_99' title='bbox 1272 1345 1407 1414; x_wconf 62' lang='lat' dir='ltr'>ciuvnt.</span> 
     </span>
     <span class='ocr_line' id='line_1_13' title="bbox 106 1437 1255 1526; baseline 0.003 -24"><span class='ocrx_word' id='word_1_100' title='bbox 106 1459 137 1502; x_wconf 89' lang='lat' dir='ltr'>re</span> <span class='ocrx_word' id='word_1_101' title='bbox 161 1437 313 1524; x_wconf 79' lang='lat' dir='ltr'>disputans</span> <span class='ocrx_word' id='word_1_102' title='bbox 337 1439 462 1504; x_wconf 83' lang='lat' dir='ltr'>bominis</span> <span class='ocrx_word' id='word_1_103' title='bbox 479 1437 638 1504; x_wconf 80' lang='lat' dir='ltr'>stultitiam</span> <span class='ocrx_word' id='word_1_104' title='bbox 668 1459 733 1504; x_wconf 86' lang='lat' dir='ltr'>oum</span> <span class='ocrx_word' id='word_1_105' title='bbox 756 1438 819 1526; x_wconf 80' lang='lat' dir='ltr'>peri</span> <span class='ocrx_word' id='word_1_106' title='bbox 849 1441 1046 1506; x_wconf 77' lang='lat' dir='ltr'>imbecillitate</span> <span class='ocrx_word' id='word_1_107' title='bbox 1070 1441 1255 1506; x_wconf 86' lang='lat' dir='ltr'>couiuuetam</span> 
     </span>
     <span class='ocr_line' id='line_1_14' title="bbox 108 1539 1257 1627; baseline 0.003 -23"><span class='ocrx_word' id='word_1_108' title='bbox 108 1561 179 1604; x_wconf 82' lang='lat' dir='ltr'>sene</span> <span class='ocrx_word' id='word_1_109' title='bbox 197 1539 407 1604; x_wconf 75' lang='lat' dir='ltr'>admirabiliter</span> <span class='ocrx_word' id='word_1_110' title='bbox 425 1541 565 1606; x_wconf 85' lang='lat' dir='ltr'>oouvieit.</span> <span class='ocrx_word' id='word_1_111' title='bbox 609 1539 677 1606; x_wconf 89' lang='lat' dir='ltr'>Neo</span> <span class='ocrx_word' id='word_1_112' title='bbox 701 1543 797 1606; x_wconf 86' lang='lat' dir='ltr'>miuus</span> <span class='ocrx_word' id='word_1_113' title='bbox 821 1541 1040 1627; x_wconf 78' lang='lat' dir='ltr'>inpraesentia</span> <span class='ocrx_word' id='word_1_114' title='bbox 1064 1543 1161 1607; x_wconf 79' lang='lat' dir='ltr'>lutilos</span> <span class='ocrx_word' id='word_1_115' title='bbox 1178 1543 1257 1608; x_wconf 87' lang='lat' dir='ltr'>eius-</span> 
     </span>
     <span class='ocr_line' id='line_1_15' title="bbox 5 1639 1257 1730; baseline 0.002 -24"><span class='ocrx_word' id='word_1_116' title='bbox 5 1703 7 1730; x_wconf 53' lang='lat'>,</span> <span class='ocrx_word' id='word_1_117' title='bbox 106 1643 170 1706; x_wconf 86' lang='lat' dir='ltr'>dem</span> <span class='ocrx_word' id='word_1_118' title='bbox 182 1639 329 1706; x_wconf 75' lang='lat' dir='ltr'>basilidae</span> <span class='ocrx_word' id='word_1_119' title='bbox 348 1663 442 1726; x_wconf 74' lang='lat' dir='ltr'>nugare</span> <span class='ocrx_word' id='word_1_120' title='bbox 459 1643 630 1708; x_wconf 88' lang='lat' dir='ltr'>relelleutur</span> <span class='ocrx_word' id='word_1_121' title='bbox 644 1643 693 1728; x_wconf 88' lang='lat' dir='ltr'>qui</span> <span class='ocrx_word' id='word_1_122' title='bbox 710 1665 726 1706; x_wconf 89' lang='lat' dir='ltr'>e</span> <span class='ocrx_word' id='word_1_123' title='bbox 742 1644 825 1708; x_wconf 85' lang='lat' dir='ltr'>ooolo</span> <span class='ocrx_word' id='word_1_124' title='bbox 841 1645 975 1730; x_wconf 81' lang='lat' dir='ltr'>delapsus</span> <span class='ocrx_word' id='word_1_125' title='bbox 990 1655 1021 1708; x_wconf 90' lang='lat' dir='ltr'>et</span> <span class='ocrx_word' id='word_1_126' title='bbox 1038 1643 1181 1708; x_wconf 78' lang='lat' dir='ltr'>eoelestis</span> <span class='ocrx_word' id='word_1_127' title='bbox 1195 1666 1257 1708; x_wconf 82' lang='lat' dir='ltr'>ma·</span> 
     </span>
     <span class='ocr_line' id='line_1_16' title="bbox 106 1743 1255 1831; baseline 0.002 -23"><span class='ocrx_word' id='word_1_128' title='bbox 106 1744 213 1808; x_wconf 80' lang='lat' dir='ltr'>oileste</span> <span class='ocrx_word' id='word_1_129' title='bbox 227 1743 441 1828; x_wconf 72' lang='lat' dir='ltr'>contemplatus</span> <span class='ocrx_word' id='word_1_130' title='bbox 456 1757 514 1823; x_wconf 92' lang='lat' dir='ltr'>est,</span> <span class='ocrx_word' id='word_1_131' title='bbox 538 1746 585 1810; x_wconf 84' lang='lat' dir='ltr'>vel</span> <span class='ocrx_word' id='word_1_132' title='bbox 602 1767 619 1810; x_wconf 92' lang='lat' dir='ltr'>o</span> <span class='ocrx_word' id='word_1_133' title='bbox 635 1745 719 1808; x_wconf 84' lang='lat' dir='ltr'>eaelo</span> <span class='ocrx_word' id='word_1_134' title='bbox 735 1745 844 1831; x_wconf 84' lang='lat' dir='ltr'>potius,</span> <span class='ocrx_word' id='word_1_135' title='bbox 868 1746 922 1809; x_wconf 88' lang='lat' dir='ltr'>hoe</span> <span class='ocrx_word' id='word_1_136' title='bbox 941 1757 988 1810; x_wconf 88' lang='lat' dir='ltr'>est</span> <span class='ocrx_word' id='word_1_137' title='bbox 1002 1767 1091 1831; x_wconf 83' lang='lat' dir='ltr'>seopo</span> <span class='ocrx_word' id='word_1_138' title='bbox 1109 1746 1255 1824; x_wconf 84' lang='lat' dir='ltr'>veritatis,</span> 
     </span>
     <span class='ocr_line' id='line_1_17' title="bbox 105 1841 1257 1932; baseline 0 -23"><span class='ocrx_word' id='word_1_139' title='bbox 105 1846 230 1910; x_wconf 76' lang='lat' dir='ltr'>exeidit.</span> <span class='ocrx_word' id='word_1_140' title='bbox 275 1841 354 1908; x_wconf 84' lang='lat' dir='ltr'>Nam</span> <span class='ocrx_word' id='word_1_141' title='bbox 376 1844 403 1908; x_wconf 88' lang='lat' dir='ltr'>si</span> <span class='ocrx_word' id='word_1_142' title='bbox 428 1847 541 1912; x_wconf 89' lang='lat' dir='ltr'>eoelum</span> <span class='ocrx_word' id='word_1_143' title='bbox 568 1847 643 1913; x_wconf 86' lang='lat' dir='ltr'>istud</span> <span class='ocrx_word' id='word_1_144' title='bbox 669 1846 849 1932; x_wconf 72' lang='lat' dir='ltr'>adurgens</span> <span class='ocrx_word' id='word_1_145' title='bbox 865 1867 940 1931; x_wconf 87' lang='lat' dir='ltr'>quos</span> <span class='ocrx_word' id='word_1_146' title='bbox 964 1847 1013 1910; x_wconf 90' lang='lat' dir='ltr'>ille</span> <span class='ocrx_word' id='word_1_147' title='bbox 1038 1846 1189 1911; x_wconf 79' lang='lat' dir='ltr'>coustituit</span> <span class='ocrx_word' id='word_1_148' title='bbox 1209 1859 1257 1912; x_wconf 87' lang='lat' dir='ltr'>est</span> 
     </span>
     <span class='ocr_line' id='line_1_18' title="bbox 104 1946 1258 2034; baseline 0.002 -24"><span class='ocrx_word' id='word_1_149' title='bbox 104 1948 297 2032; x_wconf 76' lang='lat' dir='ltr'>prodoetum,</span> <span class='ocrx_word' id='word_1_150' title='bbox 321 1946 387 2008; x_wconf 91' lang='lat' dir='ltr'>etii</span> <span class='ocrx_word' id='word_1_151' title='bbox 408 1967 512 2012; x_wconf 86' lang='lat' dir='ltr'>rursus</span> <span class='ocrx_word' id='word_1_152' title='bbox 529 1970 546 2012; x_wconf 89' lang='lat' dir='ltr'>a</span> <span class='ocrx_word' id='word_1_153' title='bbox 560 1949 778 2034; x_wconf 85' lang='lat' dir='ltr'>superioribus,</span> <span class='ocrx_word' id='word_1_154' title='bbox 809 1949 978 2034; x_wconf 77' lang='lat' dir='ltr'>superiores</span> <span class='ocrx_word' id='word_1_155' title='bbox 996 1969 1013 2013; x_wconf 84' lang='lat' dir='ltr'>a</span> <span class='ocrx_word' id='word_1_156' title='bbox 1029 1951 1174 2033; x_wconf 85' lang='lat' dir='ltr'>supremis</span> <span class='ocrx_word' id='word_1_157' title='bbox 1190 1969 1258 2032; x_wconf 77' lang='lat' dir='ltr'>pro·</span> 
     </span>
     <span class='ocr_line' id='line_1_19' title="bbox 105 2047 1257 2134; baseline 0.003 -24"><span class='ocrx_word' id='word_1_158' title='bbox 105 2047 197 2112; x_wconf 81' lang='lat' dir='ltr'>oresti</span> <span class='ocrx_word' id='word_1_159' title='bbox 216 2055 304 2124; x_wconf 80' lang='lat' dir='ltr'>suut,</span> <span class='ocrx_word' id='word_1_160' title='bbox 335 2067 372 2112; x_wconf 87' lang='lat' dir='ltr'>eo</span> <span class='ocrx_word' id='word_1_161' title='bbox 393 2069 443 2112; x_wconf 90' lang='lat' dir='ltr'>res</span> <span class='ocrx_word' id='word_1_162' title='bbox 468 2049 602 2114; x_wconf 86' lang='lat' dir='ltr'>nimirum</span> <span class='ocrx_word' id='word_1_163' title='bbox 624 2051 751 2128; x_wconf 84' lang='lat' dir='ltr'>recidet,</span> <span class='ocrx_word' id='word_1_164' title='bbox 782 2061 815 2114; x_wconf 91' lang='lat' dir='ltr'>ut</span> <span class='ocrx_word' id='word_1_165' title='bbox 838 2071 951 2114; x_wconf 84' lang='lat' dir='ltr'>summa</span> <span class='ocrx_word' id='word_1_166' title='bbox 970 2049 1021 2114; x_wconf 85' lang='lat' dir='ltr'>illa</span> <span class='ocrx_word' id='word_1_167' title='bbox 1037 2047 1158 2128; x_wconf 89' lang='lat' dir='ltr'>Virtus,</span> <span class='ocrx_word' id='word_1_168' title='bbox 1181 2069 1257 2134; x_wconf 81' lang='lat' dir='ltr'>quae</span> 
     </span>
     <span class='ocr_line' id='line_1_20' title="bbox 104 2146 1257 2236; baseline 0.002 -24"><span class='ocrx_word' id='word_1_169' title='bbox 104 2149 247 2214; x_wconf 74' lang='lat' dir='ltr'>Abrasax</span> <span class='ocrx_word' id='word_1_170' title='bbox 267 2147 390 2227; x_wconf 88' lang='lat' dir='ltr'>dieitur,</span> <span class='ocrx_word' id='word_1_171' title='bbox 421 2149 562 2216; x_wconf 85' lang='lat' dir='ltr'>universa</span> <span class='ocrx_word' id='word_1_172' title='bbox 586 2151 763 2231; x_wconf 73' lang='lat' dir='ltr'>condiderit,</span> <span class='ocrx_word' id='word_1_173' title='bbox 792 2146 889 2236; x_wconf 83' lang='lat' dir='ltr'>sitque</span> <span class='ocrx_word' id='word_1_174' title='bbox 910 2153 1038 2216; x_wconf 87' lang='lat' dir='ltr'>omnium</span> <span class='ocrx_word' id='word_1_175' title='bbox 1057 2169 1257 2234; x_wconf 78' lang='lat' dir='ltr'>quaedamque</span> 
     </span>
     <span class='ocr_line' id='line_1_21' title="bbox 105 2251 1256 2338; baseline 0.003 -26"><span class='ocrx_word' id='word_1_176' title='bbox 105 2262 173 2315; x_wconf 84' lang='lat' dir='ltr'>suut</span> <span class='ocrx_word' id='word_1_177' title='bbox 188 2270 310 2330; x_wconf 82' lang='lat' dir='ltr'>eausea,</span> <span class='ocrx_word' id='word_1_178' title='bbox 334 2271 390 2314; x_wconf 84' lang='lat' dir='ltr'>uee</span> <span class='ocrx_word' id='word_1_179' title='bbox 406 2251 515 2336; x_wconf 86' lang='lat' dir='ltr'>absque</span> <span class='ocrx_word' id='word_1_180' title='bbox 532 2254 579 2316; x_wconf 91' lang='lat' dir='ltr'>illa</span> <span class='ocrx_word' id='word_1_181' title='bbox 596 2254 748 2338; x_wconf 73' lang='lat' dir='ltr'>quidquem</span> <span class='ocrx_word' id='word_1_182' title='bbox 762 2253 906 2332; x_wconf 79' lang='lat' dir='ltr'>extiterit,</span> <span class='ocrx_word' id='word_1_183' title='bbox 926 2275 991 2318; x_wconf 90' lang='lat' dir='ltr'>oum</span> <span class='ocrx_word' id='word_1_184' title='bbox 1011 2255 1081 2317; x_wconf 88' lang='lat' dir='ltr'>lueo</span> <span class='ocrx_word' id='word_1_185' title='bbox 1098 2251 1161 2338; x_wconf 85' lang='lat' dir='ltr'>ipsa</span> <span class='ocrx_word' id='word_1_186' title='bbox 1177 2253 1256 2336; x_wconf 86' lang='lat' dir='ltr'>prio·</span> 
     </span>
     <span class='ocr_line' id='line_1_22' title="bbox 105 2351 1255 2440; baseline 0.003 -26"><span class='ocrx_word' id='word_1_187' title='bbox 105 2353 210 2438; x_wconf 81' lang='lat' dir='ltr'>eipium</span> <span class='ocrx_word' id='word_1_188' title='bbox 237 2373 274 2416; x_wconf 86' lang='lat' dir='ltr'>ae</span> <span class='ocrx_word' id='word_1_189' title='bbox 300 2351 421 2436; x_wconf 77' lang='lat' dir='ltr'>primum</span> <span class='ocrx_word' id='word_1_190' title='bbox 448 2374 545 2418; x_wconf 90' lang='lat' dir='ltr'>rerum</span> <span class='ocrx_word' id='word_1_191' title='bbox 569 2353 695 2418; x_wconf 85' lang='lat' dir='ltr'>omnium</span> <span class='ocrx_word' id='word_1_192' title='bbox 723 2355 875 2440; x_wconf 82' lang='lat' dir='ltr'>exemplrr</span> <span class='ocrx_word' id='word_1_193' title='bbox 895 2355 931 2419; x_wconf 89' lang='lat' dir='ltr'>ab</span> <span class='ocrx_word' id='word_1_194' title='bbox 955 2355 1014 2420; x_wconf 88' lang='lat' dir='ltr'>illis</span> <span class='ocrx_word' id='word_1_195' title='bbox 1036 2374 1101 2418; x_wconf 87' lang='lat' dir='ltr'>esse</span> <span class='ocrx_word' id='word_1_196' title='bbox 1125 2355 1255 2432; x_wconf 66' lang='lat' dir='ltr'>dieaturr</span> 
     </span>
     <span class='ocr_line' id='line_1_23' title="bbox 104 2453 1257 2540; baseline 0.001 -23"><span class='ocrx_word' id='word_1_197' title='bbox 104 2455 237 2538; x_wconf 81' lang='lat' dir='ltr'>rdeuque</span> <span class='ocrx_word' id='word_1_198' title='bbox 258 2455 391 2538; x_wconf 85' lang='lat' dir='ltr'>sequitur</span> <span class='ocrx_word' id='word_1_199' title='bbox 413 2455 510 2518; x_wconf 89' lang='lat' dir='ltr'>mundi</span> <span class='ocrx_word' id='word_1_200' title='bbox 533 2453 618 2520; x_wconf 85' lang='lat' dir='ltr'>buius</span> <span class='ocrx_word' id='word_1_201' title='bbox 637 2475 723 2540; x_wconf 86' lang='lat' dir='ltr'>quem</span> <span class='ocrx_word' id='word_1_202' title='bbox 744 2467 851 2520; x_wconf 81' lang='lat' dir='ltr'>roorut</span> <span class='ocrx_word' id='word_1_203' title='bbox 872 2458 1017 2522; x_wconf 85' lang='lat' dir='ltr'>deleetum</span> <span class='ocrx_word' id='word_1_204' title='bbox 1039 2479 1097 2521; x_wconf 87' lang='lat' dir='ltr'>uon</span> <span class='ocrx_word' id='word_1_205' title='bbox 1119 2458 1155 2521; x_wconf 90' lang='lat' dir='ltr'>ad</span> <span class='ocrx_word' id='word_1_206' title='bbox 1178 2455 1257 2520; x_wconf 87' lang='lat' dir='ltr'>aliud</span> 
     </span>
     <span class='ocr_line' id='line_1_24' title="bbox 105 2556 1256 2642; baseline 0.001 -22"><span class='ocrx_word' id='word_1_207' title='bbox 105 2575 276 2641; x_wconf 81' lang='lat' dir='ltr'>essequam</span> <span class='ocrx_word' id='word_1_208' title='bbox 292 2556 327 2620; x_wconf 86' lang='lat' dir='ltr'>ad</span> <span class='ocrx_word' id='word_1_209' title='bbox 347 2557 469 2642; x_wconf 88' lang='lat' dir='ltr'>primum</span> <span class='ocrx_word' id='word_1_210' title='bbox 486 2557 554 2622; x_wconf 90' lang='lat' dir='ltr'>illud</span> <span class='ocrx_word' id='word_1_211' title='bbox 572 2557 743 2642; x_wconf 85' lang='lat' dir='ltr'>priuoipium</span> <span class='ocrx_word' id='word_1_212' title='bbox 760 2579 952 2642; x_wconf 71' lang='lat' dir='ltr'>eaumamque</span> <span class='ocrx_word' id='word_1_213' title='bbox 973 2579 1073 2624; x_wconf 86' lang='lat' dir='ltr'>eorum</span> <span class='ocrx_word' id='word_1_214' title='bbox 1091 2577 1164 2642; x_wconf 87' lang='lat' dir='ltr'>quae</span> <span class='ocrx_word' id='word_1_215' title='bbox 1187 2567 1256 2622; x_wconf 84' lang='lat' dir='ltr'>suut</span> 
     </span>
     <span class='ocr_line' id='line_1_25' title="bbox 104 2656 1254 2745; baseline 0.002 -25"><span class='ocrx_word' id='word_1_216' title='bbox 104 2667 209 2740; x_wconf 74' lang='lat' dir='ltr'>postes</span> <span class='ocrx_word' id='word_1_217' title='bbox 232 2657 309 2721; x_wconf 86' lang='lat' dir='ltr'>laeta</span> <span class='ocrx_word' id='word_1_218' title='bbox 333 2659 531 2722; x_wconf 88' lang='lat' dir='ltr'>relereuduur.</span> <span class='ocrx_word' id='word_1_219' title='bbox 575 2656 648 2724; x_wconf 87' lang='lat' dir='ltr'>lllud</span> <span class='ocrx_word' id='word_1_220' title='bbox 667 2681 738 2723; x_wconf 79' lang='lat' dir='ltr'>vero</span> <span class='ocrx_word' id='word_1_221' title='bbox 757 2661 794 2723; x_wconf 92' lang='lat' dir='ltr'>de</span> <span class='ocrx_word' id='word_1_222' title='bbox 811 2660 914 2722; x_wconf 87' lang='lat' dir='ltr'>eodem</span> <span class='ocrx_word' id='word_1_223' title='bbox 941 2662 1106 2745; x_wconf 81' lang='lat' dir='ltr'>pereoutsri</span> <span class='ocrx_word' id='word_1_224' title='bbox 1127 2667 1254 2744; x_wconf 80' lang='lat' dir='ltr'>oportet.</span> 
     </span>
     <span class='ocr_line' id='line_1_26' title="bbox 105 2755 1257 2846; baseline 0.001 -25"><span class='ocrx_word' id='word_1_225' title='bbox 105 2755 185 2841; x_wconf 82' lang='lat' dir='ltr'>Quid</span> <span class='ocrx_word' id='word_1_226' title='bbox 204 2772 234 2822; x_wconf 92' lang='lat' dir='ltr'>tu</span> <span class='ocrx_word' id='word_1_227' title='bbox 251 2759 387 2836; x_wconf 84' lang='lat' dir='ltr'>undem,</span> <span class='ocrx_word' id='word_1_228' title='bbox 411 2760 450 2824; x_wconf 90' lang='lat' dir='ltr'>mi</span> <span class='ocrx_word' id='word_1_229' title='bbox 466 2759 569 2840; x_wconf 87' lang='lat' dir='ltr'>bomo,</span> <span class='ocrx_word' id='word_1_230' title='bbox 598 2781 653 2824; x_wconf 88' lang='lat' dir='ltr'>uos</span> <span class='ocrx_word' id='word_1_231' title='bbox 674 2761 703 2824; x_wconf 93' lang='lat' dir='ltr'>iu</span> <span class='ocrx_word' id='word_1_232' title='bbox 727 2770 836 2825; x_wconf 82' lang='lat' dir='ltr'>tautam</span> <span class='ocrx_word' id='word_1_233' title='bbox 858 2759 1068 2826; x_wconf 87' lang='lat' dir='ltr'>multitudinem</span> <span class='ocrx_word' id='word_1_234' title='bbox 1086 2759 1257 2846; x_wconf 83' lang='lat' dir='ltr'>eumpellisl</span> 
     </span>
     <span class='ocr_line' id='line_1_27' title="bbox 103 2859 1256 2946; baseline 0.003 -24"><span class='ocrx_word' id='word_1_235' title='bbox 103 2881 142 2922; x_wconf 90' lang='lat' dir='ltr'>ae</span> <span class='ocrx_word' id='word_1_236' title='bbox 162 2881 221 2924; x_wconf 87' lang='lat' dir='ltr'>nou</span> <span class='ocrx_word' id='word_1_237' title='bbox 238 2859 336 2944; x_wconf 79' lang='lat' dir='ltr'>potius</span> <span class='ocrx_word' id='word_1_238' title='bbox 355 2861 391 2923; x_wconf 89' lang='lat' dir='ltr'>ad</span> <span class='ocrx_word' id='word_1_239' title='bbox 409 2861 578 2946; x_wconf 81' lang='lat' dir='ltr'>priueipium</span> <span class='ocrx_word' id='word_1_240' title='bbox 600 2863 709 2946; x_wconf 79' lang='lat' dir='ltr'>ipsum,</span> <span class='ocrx_word' id='word_1_241' title='bbox 734 2863 789 2926; x_wconf 91' lang='lat' dir='ltr'>boo</span> <span class='ocrx_word' id='word_1_242' title='bbox 808 2873 958 2928; x_wconf 86' lang='lat' dir='ltr'>estonum</span> <span class='ocrx_word' id='word_1_243' title='bbox 977 2865 1062 2928; x_wconf 90' lang='lat' dir='ltr'>deum</span> <span class='ocrx_word' id='word_1_244' title='bbox 1078 2875 1107 2926; x_wconf 84' lang='lat' dir='ltr'>et</span> <span class='ocrx_word' id='word_1_245' title='bbox 1124 2860 1256 2945; x_wconf 83' lang='lat' dir='ltr'>omnipo·</span> 
     </span>
     <span class='ocr_line' id='line_1_28' title="bbox 102 2962 1254 3048; baseline 0.002 -24"><span class='ocrx_word' id='word_1_246' title='bbox 102 2972 235 3040; x_wconf 84' lang='lat' dir='ltr'>tentem,</span> <span class='ocrx_word' id='word_1_247' title='bbox 260 2962 398 3025; x_wconf 76' lang='lat' dir='ltr'>deducis?</span> <span class='ocrx_word' id='word_1_248' title='bbox 426 2963 655 3048; x_wconf 80' lang='lat' dir='ltr'>quondoquidem</span> <span class='ocrx_word' id='word_1_249' title='bbox 680 2965 744 3028; x_wconf 86' lang='lat' dir='ltr'>sive</span> <span class='ocrx_word' id='word_1_250' title='bbox 767 2963 822 3028; x_wconf 89' lang='lat' dir='ltr'>boe</span> <span class='ocrx_word' id='word_1_251' title='bbox 847 2967 912 3028; x_wconf 84' lang='lat' dir='ltr'>sire</span> <span class='ocrx_word' id='word_1_252' title='bbox 936 2966 994 3029; x_wconf 92' lang='lat' dir='ltr'>alio</span> <span class='ocrx_word' id='word_1_253' title='bbox 1020 2965 1105 3028; x_wconf 91' lang='lat' dir='ltr'>modo</span> <span class='ocrx_word' id='word_1_254' title='bbox 1129 2975 1254 3040; x_wconf 83' lang='lat' dir='ltr'>statues,</span> 
     </span>
     <span class='ocr_line' id='line_1_29' title="bbox 102 3063 1256 3150; baseline 0.001 -25"><span class='ocrx_word' id='word_1_255' title='bbox 102 3083 196 3126; x_wconf 89' lang='lat' dir='ltr'>uuum</span> <span class='ocrx_word' id='word_1_256' title='bbox 216 3063 335 3127; x_wconf 89' lang='lat' dir='ltr'>omuino</span> <span class='ocrx_word' id='word_1_257' title='bbox 354 3083 450 3127; x_wconf 90' lang='lat' dir='ltr'>rerum</span> <span class='ocrx_word' id='word_1_258' title='bbox 467 3064 595 3127; x_wconf 89' lang='lat' dir='ltr'>omnium</span> <span class='ocrx_word' id='word_1_259' title='bbox 615 3064 785 3150; x_wconf 81' lang='lat' dir='ltr'>principium</span> <span class='ocrx_word' id='word_1_260' title='bbox 810 3085 844 3130; x_wconf 83' lang='lat' dir='ltr'>ao</span> <span class='ocrx_word' id='word_1_261' title='bbox 859 3067 1004 3130; x_wconf 88' lang='lat' dir='ltr'>dominum</span> <span class='ocrx_word' id='word_1_262' title='bbox 1024 3065 1109 3129; x_wconf 88' lang='lat' dir='ltr'>lateri</span> <span class='ocrx_word' id='word_1_263' title='bbox 1131 3083 1256 3128; x_wconf 85' lang='lat' dir='ltr'>neeesse</span> 
     </span>
     <span class='ocr_line' id='line_1_30' title="bbox 98 3162 1256 3248; baseline 0.002 -21"><span class='ocrx_word' id='word_1_264' title='bbox 98 3163 155 3228; x_wconf 85' lang='lat' dir='ltr'>sit.</span> <span class='ocrx_word' id='word_1_265' title='bbox 188 3162 269 3248; x_wconf 81' lang='lat' dir='ltr'>Quin</span> <span class='ocrx_word' id='word_1_266' title='bbox 287 3164 342 3228; x_wconf 89' lang='lat' dir='ltr'>boe</span> <span class='ocrx_word' id='word_1_267' title='bbox 357 3163 444 3230; x_wconf 82' lang='lat' dir='ltr'>velim</span> <span class='ocrx_word' id='word_1_268' title='bbox 459 3163 529 3229; x_wconf 90' lang='lat' dir='ltr'>mibi</span> <span class='ocrx_word' id='word_1_269' title='bbox 543 3164 666 3228; x_wconf 75' lang='lat' dir='ltr'>fabulosi</span> <span class='ocrx_word' id='word_1_270' title='bbox 683 3166 767 3230; x_wconf 87' lang='lat' dir='ltr'>buius</span> <span class='ocrx_word' id='word_1_271' title='bbox 781 3169 936 3232; x_wconf 80' lang='lat' dir='ltr'>commenti</span> <span class='ocrx_word' id='word_1_272' title='bbox 953 3167 1112 3233; x_wconf 84' lang='lat' dir='ltr'>arebiteete</span> <span class='ocrx_word' id='word_1_273' title='bbox 1122 3166 1159 3230; x_wconf 93' lang='lat' dir='ltr'>de</span> <span class='ocrx_word' id='word_1_274' title='bbox 1168 3162 1256 3230; x_wconf 90' lang='lat' dir='ltr'>Cbri·</span> 
     </span>
     <span class='ocr_line' id='line_1_31' title="bbox 98 3264 1254 3354; baseline 0.001 -26"><span class='ocrx_word' id='word_1_275' title='bbox 98 3279 150 3328; x_wconf 88' lang='lat' dir='ltr'>sto</span> <span class='ocrx_word' id='word_1_276' title='bbox 170 3267 365 3351; x_wconf 75' lang='lat' dir='ltr'>respondeus.</span> <span class='ocrx_word' id='word_1_277' title='bbox 411 3264 445 3332; x_wconf 91' lang='lat' dir='ltr'>Si</span> <span class='ocrx_word' id='word_1_278' title='bbox 470 3269 499 3330; x_wconf 89' lang='lat' dir='ltr'>iu</span> <span class='ocrx_word' id='word_1_279' title='bbox 525 3287 642 3330; x_wconf 88' lang='lat' dir='ltr'>orueem</span> <span class='ocrx_word' id='word_1_280' title='bbox 660 3264 763 3332; x_wconf 87' lang='lat' dir='ltr'>Simon</span> <span class='ocrx_word' id='word_1_281' title='bbox 782 3268 830 3332; x_wconf 88' lang='lat' dir='ltr'>ille</span> <span class='ocrx_word' id='word_1_282' title='bbox 847 3265 1021 3354; x_wconf 80' lang='lat' dir='ltr'>Cyrenaeus</span> <span class='ocrx_word' id='word_1_283' title='bbox 1043 3279 1090 3333; x_wconf 84' lang='lat' dir='ltr'>est</span> <span class='ocrx_word' id='word_1_284' title='bbox 1110 3269 1254 3344; x_wconf 85' lang='lat' dir='ltr'>sublatus,</span> 
     </span>
     <span class='ocr_line' id='line_1_32' title="bbox 99 3365 1253 3454; baseline 0 -24"><span class='ocrx_word' id='word_1_285' title='bbox 99 3388 164 3430; x_wconf 86' lang='lat' dir='ltr'>noo</span> <span class='ocrx_word' id='word_1_286' title='bbox 187 3367 281 3450; x_wconf 68' lang='lat' dir='ltr'>igitur</span> <span class='ocrx_word' id='word_1_287' title='bbox 297 3387 349 3452; x_wconf 84' lang='lat' dir='ltr'>per</span> <span class='ocrx_word' id='word_1_288' title='bbox 368 3365 517 3432; x_wconf 78' lang='lat' dir='ltr'>Christum</span> <span class='ocrx_word' id='word_1_289' title='bbox 542 3379 625 3453; x_wconf 73' lang='lat' dir='ltr'>parta</span> <span class='ocrx_word' id='word_1_290' title='bbox 646 3368 730 3434; x_wconf 86' lang='lat' dir='ltr'>nobis</span> <span class='ocrx_word' id='word_1_291' title='bbox 749 3381 796 3432; x_wconf 91' lang='lat' dir='ltr'>est</span> <span class='ocrx_word' id='word_1_292' title='bbox 816 3369 913 3449; x_wconf 84' lang='lat' dir='ltr'>selus,</span> <span class='ocrx_word' id='word_1_293' title='bbox 946 3372 998 3435; x_wconf 87' lang='lat' dir='ltr'>sed</span> <span class='ocrx_word' id='word_1_294' title='bbox 1020 3391 1072 3454; x_wconf 78' lang='lat' dir='ltr'>per</span> <span class='ocrx_word' id='word_1_295' title='bbox 1089 3367 1253 3445; x_wconf 77' lang='lat' dir='ltr'>Simonem,</span> 
     </span>
     <span class='ocr_line' id='line_1_33' title="bbox 98 3465 1256 3557; baseline 0.002 -25"><span class='ocrx_word' id='word_1_296' title='bbox 98 3491 160 3533; x_wconf 89' lang='lat' dir='ltr'>uee</span> <span class='ocrx_word' id='word_1_297' title='bbox 173 3469 233 3532; x_wconf 83' lang='lat' dir='ltr'>iam</span> <span class='ocrx_word' id='word_1_298' title='bbox 250 3489 304 3553; x_wconf 81' lang='lat' dir='ltr'>per</span> <span class='ocrx_word' id='word_1_299' title='bbox 319 3465 468 3534; x_wconf 75' lang='lat' dir='ltr'>Christum</span> <span class='ocrx_word' id='word_1_300' title='bbox 486 3472 609 3534; x_wconf 87' lang='lat' dir='ltr'>muudus</span> <span class='ocrx_word' id='word_1_301' title='bbox 625 3471 736 3534; x_wconf 79' lang='lat' dir='ltr'>mlvam</span> <span class='ocrx_word' id='word_1_302' title='bbox 753 3473 816 3536; x_wconf 89' lang='lat' dir='ltr'>lore</span> <span class='ocrx_word' id='word_1_303' title='bbox 832 3493 866 3535; x_wconf 93' lang='lat' dir='ltr'>se</span> <span class='ocrx_word' id='word_1_304' title='bbox 879 3491 1001 3557; x_wconf 81' lang='lat' dir='ltr'>spersre</span> <span class='ocrx_word' id='word_1_305' title='bbox 1017 3472 1134 3550; x_wconf 82' lang='lat' dir='ltr'>debeat,</span> <span class='ocrx_word' id='word_1_306' title='bbox 1154 3479 1256 3556; x_wconf 76' lang='lat' dir='ltr'>utpote</span> 
     </span>
     <span class='ocr_line' id='line_1_34' title="bbox 98 3570 1256 3656; baseline -0.002 -20"><span class='ocrx_word' id='word_1_307' title='bbox 98 3572 151 3654; x_wconf 87' lang='lat' dir='ltr'>qui</span> <span class='ocrx_word' id='word_1_308' title='bbox 173 3571 296 3636; x_wconf 84' lang='lat' dir='ltr'>minime</span> <span class='ocrx_word' id='word_1_309' title='bbox 318 3571 358 3633; x_wconf 86' lang='lat' dir='ltr'>sit</span> <span class='ocrx_word' id='word_1_310' title='bbox 374 3591 489 3656; x_wconf 83' lang='lat' dir='ltr'>passus.</span> <span class='ocrx_word' id='word_1_311' title='bbox 534 3570 640 3656; x_wconf 82' lang='lat' dir='ltr'>Neque</span> <span class='ocrx_word' id='word_1_312' title='bbox 658 3573 735 3636; x_wconf 89' lang='lat' dir='ltr'>euim</span> <span class='ocrx_word' id='word_1_313' title='bbox 751 3574 853 3638; x_wconf 82' lang='lat' dir='ltr'>salutis</span> <span class='ocrx_word' id='word_1_314' title='bbox 876 3593 943 3638; x_wconf 86' lang='lat' dir='ltr'>esse</span> <span class='ocrx_word' id='word_1_315' title='bbox 959 3593 1063 3638; x_wconf 84' lang='lat' dir='ltr'>eaossa</span> <span class='ocrx_word' id='word_1_316' title='bbox 1079 3571 1182 3638; x_wconf 84' lang='lat' dir='ltr'>Simon</span> <span class='ocrx_word' id='word_1_317' title='bbox 1204 3591 1256 3655; x_wconf 85' lang='lat' dir='ltr'>po-</span> 
     </span>
     <span class='ocr_line' id='line_1_35' title="bbox 97 3671 1255 3760; baseline -0.002 -24"><span class='ocrx_word' id='word_1_318' title='bbox 97 3682 181 3751; x_wconf 86' lang='lat' dir='ltr'>test,</span> <span class='ocrx_word' id='word_1_319' title='bbox 205 3691 297 3757; x_wconf 77' lang='lat' dir='ltr'>purus</span> <span class='ocrx_word' id='word_1_320' title='bbox 316 3671 414 3755; x_wconf 88' lang='lat' dir='ltr'>utique</span> <span class='ocrx_word' id='word_1_321' title='bbox 434 3693 469 3736; x_wconf 86' lang='lat' dir='ltr'>ee</span> <span class='ocrx_word' id='word_1_322' title='bbox 492 3682 576 3757; x_wconf 83' lang='lat' dir='ltr'>putus</span> <span class='ocrx_word' id='word_1_323' title='bbox 598 3672 702 3751; x_wconf 86' lang='lat' dir='ltr'>bomo,</span> <span class='ocrx_word' id='word_1_324' title='bbox 735 3693 830 3758; x_wconf 85' lang='lat' dir='ltr'>ueque</span> <span class='ocrx_word' id='word_1_325' title='bbox 850 3675 1003 3760; x_wconf 79' lang='lat' dir='ltr'>quiequam</span> <span class='ocrx_word' id='word_1_326' title='bbox 1028 3674 1162 3760; x_wconf 76' lang='lat' dir='ltr'>emplius.</span> <span class='ocrx_word' id='word_1_327' title='bbox 1206 3671 1255 3736; x_wconf 72' lang='lat' dir='ltr'>Ad</span> 
     </span>
     <span class='ocr_line' id='line_1_36' title="bbox 96 3773 1255 3858; baseline -0.002 -18"><span class='ocrx_word' id='word_1_328' title='bbox 96 3777 179 3840; x_wconf 82' lang='lat' dir='ltr'>baee</span> <span class='ocrx_word' id='word_1_329' title='bbox 203 3773 385 3858; x_wconf 74' lang='lat' dir='ltr'>unigenitum</span> <span class='ocrx_word' id='word_1_330' title='bbox 406 3774 453 3838; x_wconf 89' lang='lat' dir='ltr'>dei</span> <span class='ocrx_word' id='word_1_331' title='bbox 470 3774 556 3838; x_wconf 79' lang='lat' dir='ltr'>filium</span> <span class='ocrx_word' id='word_1_332' title='bbox 576 3774 734 3840; x_wconf 78' lang='lat' dir='ltr'>calumniae</span> <span class='ocrx_word' id='word_1_333' title='bbox 753 3777 947 3856; x_wconf 72' lang='lat' dir='ltr'>mudeuurt,</span> <span class='ocrx_word' id='word_1_334' title='bbox 970 3777 1138 3841; x_wconf 75' lang='lat' dir='ltr'>stulterum</span> <span class='ocrx_word' id='word_1_335' title='bbox 1160 3774 1255 3838; x_wconf 86' lang='lat' dir='ltr'>bonus</span> 
     </span>
     <span class='ocr_line' id='line_1_37' title="bbox 95 3875 1257 3944; baseline 0 -4"><span class='ocrx_word' id='word_1_336' title='bbox 95 3877 242 3941; x_wconf 80' lang='lat' dir='ltr'>domiuus</span> <span class='ocrx_word' id='word_1_337' title='bbox 258 3875 405 3940; x_wconf 77' lang='lat' dir='ltr'>violenter</span> <span class='ocrx_word' id='word_1_338' title='bbox 420 3876 456 3940; x_wconf 87' lang='lat' dir='ltr'>ad</span> <span class='ocrx_word' id='word_1_339' title='bbox 475 3895 577 3940; x_wconf 88' lang='lat' dir='ltr'>ueoem</span> <span class='ocrx_word' id='word_1_340' title='bbox 593 3895 649 3938; x_wconf 86' lang='lat' dir='ltr'>suo</span> <span class='ocrx_word' id='word_1_341' title='bbox 666 3875 731 3940; x_wconf 90' lang='lat' dir='ltr'>loou</span> <span class='ocrx_word' id='word_1_342' title='bbox 749 3878 909 3944; x_wconf 83' lang='lat' dir='ltr'>tradiderit.</span> <span class='ocrx_word' id='word_1_343' title='bbox 952 3877 1021 3942; x_wconf 90' lang='lat' dir='ltr'>Neo</span> <span class='ocrx_word' id='word_1_344' title='bbox 1034 3877 1111 3940; x_wconf 84' lang='lat' dir='ltr'>aliud</span> <span class='ocrx_word' id='word_1_345' title='bbox 1129 3885 1189 3940; x_wconf 82' lang='lat' dir='ltr'>tou</span> <span class='ocrx_word' id='word_1_346' title='bbox 1207 3893 1257 3940; x_wconf 86' lang='lat' dir='ltr'>res</span> 
     </span>
     <span class='ocr_line' id='line_1_38' title="bbox 93 3975 1253 4066; baseline -0.003 -25"><span class='ocrx_word' id='word_1_347' title='bbox 93 3989 226 4066; x_wconf 75' lang='lat' dir='ltr'>praeter</span> <span class='ocrx_word' id='word_1_348' title='bbox 248 3977 394 4040; x_wconf 90' lang='lat' dir='ltr'>somnium</span> <span class='ocrx_word' id='word_1_349' title='bbox 413 3977 486 4056; x_wconf 86' lang='lat' dir='ltr'>erit,</span> <span class='ocrx_word' id='word_1_350' title='bbox 511 3977 569 4040; x_wconf 91' lang='lat' dir='ltr'>imo</span> <span class='ocrx_word' id='word_1_351' title='bbox 586 3975 774 4061; x_wconf 75' lang='lat' dir='ltr'>malignitatis</span> <span class='ocrx_word' id='word_1_352' title='bbox 791 3979 1070 4064; x_wconf 76' lang='lat' dir='ltr'>praestigiarumque</span> <span class='ocrx_word' id='word_1_353' title='bbox 1092 3977 1253 4062; x_wconf 85' lang='lat' dir='ltr'>speeimeu,</span> 
     </span>
     <span class='ocr_line' id='line_1_39' title="bbox 93 4077 1256 4162; baseline -0.003 -18"><span class='ocrx_word' id='word_1_354' title='bbox 93 4101 167 4144; x_wconf 82' lang='lat' dir='ltr'>eom</span> <span class='ocrx_word' id='word_1_355' title='bbox 185 4079 375 4162; x_wconf 85' lang='lat' dir='ltr'>semetipsum</span> <span class='ocrx_word' id='word_1_356' title='bbox 393 4079 527 4144; x_wconf 86' lang='lat' dir='ltr'>domiuus</span> <span class='ocrx_word' id='word_1_357' title='bbox 546 4079 736 4144; x_wconf 73' lang='lat' dir='ltr'>fraudulentis</span> <span class='ocrx_word' id='word_1_358' title='bbox 749 4080 860 4146; x_wconf 86' lang='lat' dir='ltr'>artibus</span> <span class='ocrx_word' id='word_1_359' title='bbox 875 4082 1039 4146; x_wconf 81' lang='lat' dir='ltr'>subdueeus</span> <span class='ocrx_word' id='word_1_360' title='bbox 1053 4080 1098 4144; x_wconf 85' lang='lat' dir='ltr'>sui</span> <span class='ocrx_word' id='word_1_361' title='bbox 1116 4077 1256 4143; x_wconf 77' lang='lat' dir='ltr'>olearium</span> 
     </span>
     <span class='ocr_line' id='line_1_40' title="bbox 91 4177 1254 4267; baseline -0.002 -23"><span class='ocrx_word' id='word_1_362' title='bbox 91 4185 230 4246; x_wconf 81' lang='lat' dir='ltr'>alterum</span> <span class='ocrx_word' id='word_1_363' title='bbox 246 4179 417 4244; x_wconf 78' lang='lat' dir='ltr'>substituat.</span> <span class='ocrx_word' id='word_1_364' title='bbox 449 4177 558 4267; x_wconf 75' lang='lat' dir='ltr'>Sisque</span> <span class='ocrx_word' id='word_1_365' title='bbox 573 4193 623 4246; x_wconf 83' lang='lat' dir='ltr'>tua</span> <span class='ocrx_word' id='word_1_366' title='bbox 640 4181 688 4246; x_wconf 84' lang='lat' dir='ltr'>illa</span> <span class='ocrx_word' id='word_1_367' title='bbox 701 4181 874 4248; x_wconf 83' lang='lat' dir='ltr'>stultissima</span> <span class='ocrx_word' id='word_1_368' title='bbox 892 4181 1039 4248; x_wconf 82' lang='lat' dir='ltr'>oevillatio</span> <span class='ocrx_word' id='word_1_369' title='bbox 1056 4179 1173 4246; x_wconf 78' lang='lat' dir='ltr'>veritati</span> <span class='ocrx_word' id='word_1_370' title='bbox 1191 4181 1254 4264; x_wconf 85' lang='lat' dir='ltr'>qoi-</span> 
     </span>
     <span class='ocr_line' id='line_1_41' title="bbox 91 4281 1255 4369; baseline -0.003 -21"><span class='ocrx_word' id='word_1_371' title='bbox 91 4285 166 4350; x_wconf 86' lang='lat' dir='ltr'>dem</span> <span class='ocrx_word' id='word_1_372' title='bbox 185 4281 362 4345; x_wconf 84' lang='lat' dir='ltr'>ealumuiaur</span> <span class='ocrx_word' id='word_1_373' title='bbox 378 4291 484 4361; x_wconf 88' lang='lat' dir='ltr'>struet,</span> <span class='ocrx_word' id='word_1_374' title='bbox 508 4303 562 4346; x_wconf 89' lang='lat' dir='ltr'>neo</span> <span class='ocrx_word' id='word_1_375' title='bbox 579 4284 654 4368; x_wconf 84' lang='lat' dir='ltr'>quod</span> <span class='ocrx_word' id='word_1_376' title='bbox 670 4283 751 4346; x_wconf 87' lang='lat' dir='ltr'>volet</span> <span class='ocrx_word' id='word_1_377' title='bbox 766 4293 862 4348; x_wconf 86' lang='lat' dir='ltr'>tameo</span> <span class='ocrx_word' id='word_1_378' title='bbox 878 4285 994 4368; x_wconf 83' lang='lat' dir='ltr'>assequi</span> <span class='ocrx_word' id='word_1_379' title='bbox 1013 4282 1131 4369; x_wconf 86' lang='lat' dir='ltr'>poterit,</span> <span class='ocrx_word' id='word_1_380' title='bbox 1151 4281 1202 4346; x_wconf 91' lang='lat' dir='ltr'>sed</span> <span class='ocrx_word' id='word_1_381' title='bbox 1219 4281 1255 4344; x_wconf 89' lang='lat' dir='ltr'>de</span> 
     </span>
    </p>
   </div>
   <div class='ocr_carea' id='block_1_5' title="bbox 87 4504 833 4569">
    <p class='ocr_par' dir='ltr' id='par_1_6' title="bbox 87 4504 833 4569">
     <span class='ocr_line' id='line_1_42' title="bbox 87 4504 833 4569; baseline -0.005 -11"><span class='ocrx_word' id='word_1_382' title='bbox 87 4504 833 4569; x_wconf 49' lang='lat' dir='ltr'>aarumuueeuwuuoumuaeoupum.</span> 
     </span>
    </p>
   </div>
   <div class='ocr_carea' id='block_1_6' title="bbox 0 0 1508 4990">
    <p class='ocr_par' dir='ltr' id='par_1_7' title="bbox 0 0 1508 4990">
     <span class='ocr_line' id='line_1_43' title="bbox 0 0 1508 4990; baseline 0 0"><span class='ocrx_word' id='word_1_383' title='bbox 0 0 1508 4990; x_wconf 95' lang='lat' dir='ltr'> </span> 
     </span>
    </p>
   </div>
  </div>
 </body>
</html>
