3006 4990
328 247 464 302 Pauaatt
482 249 557 302 ADV.
575 249 822 302 assessus-sto.
838 252 856 303 Ι.
873 252 953 303 ΤΟΜ.
968 254 987 302 i.
1176 245 1231 306 111

97 368 170 432 nolio
194 389 288 452 oeque
316 368 507 446 indecorum,
537 387 632 452 neque
658 366 824 452 gentilium,
854 389 948 454 neque
971 368 1233 452 Samaritanorum,

97 491 185 555 neque
212 471 333 534 alterius
364 471 483 554 generis
511 481 703 554 repugnante.
757 465 895 536 Secundo
924 473 1072 556 praeconii
1100 475 1237 539 coelestis

97 593 168 636 auno
191 572 417 658 quamplurimos
435 570 648 635 obtrectatores
670 569 789 649 babuit3
814 573 992 657 quiquidem
1011 573 1137 638 Herodis
1159 578 1237 640 eius-

98 674 156 736 dem
172 671 277 750 XiX.‚
302 671 413 737 Christi
431 669 571 736 xxxtt.
594 673 701 736 extitit.
748 669 874 738 Dareum
894 673 971 738 XX.
992 675 1155 741 tetrarcbao
1174 676 1237 743 Ho-

98 775 171 837 rodis
187 791 265 838 anuo
284 770 420 838 Christus
439 775 572 838 dominus
591 775 627 837 ob
647 773 764 839 humaui
779 773 898 858 garreris
913 777 1037 840 satutem
1055 800 1170 862 passus,
1194 790 1238 844 at·

98 897 150 959 que
168 877 270 939 eodem
291 886 421 960 tempore
448 875 517 938 nibil
540 897 645 961 passus
667 887 732 954 est,
763 886 821 938 tunr
846 897 911 938 cum
936 890 1057 942 mortem
1081 881 1239 964 degustans

97 977 185 1062 ipsum
204 977 290 1040 etiam
310 977 405 1040 eureis
423 977 592 1062 supplicium
611 977 715 1055 subiit,
740 997 804 1040 cum
825 977 940 1042 iuterim
961 981 1031 1044 nihii
1051 980 1113 1066 ipsa
1134 982 1239 1046 divini-

98 1090 152 1141 tate
167 1089 327 1164 pateretur.
362 1082 475 1140 contro
490 1085 573 1152 eorm,
598 1079 640 1142 ait
655 1079 812 1164 scripturo,
831 1101 887 1160 pro
900 1081 980 1142 nodie
995 1086 1024 1143 in
1041 1103 1126 1145 carne
1138 1105 1233 1165 puseo.
1251 1098 1388 1156 tuomet.

97 1177 297 1263 Remumque:
330 1183 523 1260 Morta'fieotas
542 1201 643 1255 carne,
673 1184 831 1261 vivificatus
849 1193 940 1242 cctam
962 1187 1079 1262 spiritu,
1110 1196 1141 1248 et
1163 1207 1235 1270 quae
1251 1184 1344 1280 ¹3¹²&-

99 1294 266 1366 sequautur.
313 1277 346 1343 in
364 1301 451 1344 cruca
466 1282 669 1365 suspenditur,
693 1281 851 1367 sepelitur,
874 1283 908 1346 ad
925 1283 1035 1346 interos
1052 1307 1116 1348 cum
1134 1287 1238 1351 divini·
1275 1267 1282 1290 ⁹

99 1393 152 1444 tate
172 1404 226 1446 arta
246 1382 399 1466 animaque
423 1383 590 1459 descondit,
615 1383 755 1468 captivam
777 1384 856 1447 ducit
876 1383 1072 1469 captivitatem
1095 1409 1129 1450 ac
1151 1390 1240 1453 tertio

98 1484 141 1546 die
156 1505 220 1547 curu
235 1485 419 1548 sanctissimo
438 1505 492 1548 suo
508 1506 631 1569 corpore
654 1487 688 1548 ad
706 1486 795 1548 vitam
811 1487 969 1550 excitatur.
1015 1484 1101 1569 Quod
1125 1489 1240 1573 quidem

99 1607 200 1670 corpus
219 1607 312 1670 neque
328 1587 544 1649 dissotvenoun
563 1587 701 1670 amptius,
726 1608 780 1650 uec
798 1608 970 1672 passurum,
995 1611 1048 1651 nec
1067 1591 1120 1652 sub
1139 1593 1239 1654 mortis

99 1687 269 1750 dominatum
289 1697 389 1772 postea
410 1709 562 1750 cessurum
579 1709 643 1749 cum
660 1709 713 1751 sua
734 1688 884 1751 divinitate
900 1690 1064 1753 coniunxit.
1111 1688 1142 1754 id
1163 1693 1238 1775 quod

100 1789 218 1872 apostoli
239 1787 406 1852 testimonio
427 1789 648 1873 comprobatur:
672 1793 767 1865 Mors,
792 1788 903 1872 inquit,
926 1813 982 1853 non
1002 1795 1122 1872 amphitr
1142 1798 1172 1855 ei
1188 1798 1378 1868 do·1tco.a,a.

99 1893 257 1952 atbcb'trm

178 1989 245 2054 Hoc
263 1991 352 2076 igitur
365 1993 459 2078 ipsum
474 2011 592 2076 corpus,
616 2011 733 2056 caruem
749 1993 840 2078 ipsam
857 2003 889 2056 et
900 1994 1036 2074 animam,
1059 1990 1122 2080 ipsa
1139 1994 1241 2080 quibus
1259 2001 1318 2069 cup.
1332 2003 1375 2054 ΙΙΙ.

100 2093 249 2156 constabat
273 2095 387 2172 omnia,
420 2115 477 2158 non
500 2095 576 2158 atiud
600 2094 750 2178 quiequam
776 2106 892 2177 praeter
915 2117 1018 2158 rerum
1040 2117 1165 2181 corpus,
1189 2097 1241 2161 sed

99 2195 252 2279 ipsammet
270 2195 338 2258 iiiud
359 2193 388 2258 vi
407 2195 527 2258 coelesti
547 2195 689 2278 pertudit,
712 2205 742 2259 et
763 2196 793 2258 in
819 2217 906 2260 antrm
930 2198 1080 2281 idemque,
1104 2199 1133 2262 iu
1156 2219 1241 2262 uuam

100 2297 213 2379 iuquam
229 2295 409 2360 divinitatem
425 2297 618 2374 consociavit,
639 2308 669 2360 ut
684 2308 714 2359 et
728 2318 815 2360 earne
832 2311 971 2363 constans
987 2309 1017 2361 et
1030 2298 1241 2384 incorruptum,

102 2418 272 2483 corporeum
288 2398 371 2463 simui
389 2421 422 2461 ac
439 2399 607 2484 spirituale,
631 2409 798 2462 concretum
815 2419 851 2462 ac
866 2410 972 2479 terroe,
996 2402 1118 2462 mortale
1135 2401 1245 2484 pariter

103 2510 184 2583 atquc
201 2501 365 2564 immortale
382 2501 450 2564 ittut
469 2510 559 2577 esset,
584 2499 659 2584 quod
678 2500 754 2563 uuila
775 2500 893 2563 omnino
912 2501 976 2564 tabe
995 2503 1165 2566 dissolutum
1182 2504 1244 2566 iue-

102 2612 162 2678 rat,
183 2601 361 2686 arquerius
382 2601 477 2664 anima
496 2602 572 2686 apud
587 2601 700 2665 interos
714 2602 831 2679 reiicta,
856 2621 911 2666 nec
927 2601 1019 2686 ipsum
1037 2603 1119 2666 velut
1134 2604 1243 2668 iustru-

102 2713 226 2765 mentam
249 2703 394 2785 quoddam
410 2703 505 2787 otique
525 2722 564 2766 ex
587 2713 668 2787 parte
688 2705 797 2788 peccati
821 2703 851 2766 io
876 2703 1043 2787 obsequium
1067 2705 1241 2790 impensum,

103 2823 194 2886 acque
216 2823 302 2866 meus
327 2804 384 2867 ulia
406 2814 470 2866 arat
495 2803 524 2867 in
547 2804 676 2867 deterius
698 2803 858 2868 mutatione
882 2805 999 2889 polluta.
1044 2803 1104 2869 Sed
1127 2806 1167 2869 ita
1188 2796 1244 2869 sibi

102 2907 194 2968 omnia
213 2924 287 2990 ocae
304 2904 450 2968 bominum
468 2905 583 2990 propria
599 2914 667 2968 suet
684 2905 824 2983 adscivit,
848 2907 949 2970 eadem
966 2919 995 2970 ut
1012 2907 1128 2990 integra
1142 2928 1244 2972 serva-

102 3019 164 3086 ret,
188 3027 264 3090 quae
280 3026 369 3070 verae
392 3006 434 3068 iiii
452 3027 536 3090 quom
559 3007 614 3070 sibi
633 3007 841 3070 conciliaverat
864 3017 984 3072 murae
1003 3009 1187 3073 necessarios
1208 3011 1245 3072 ad

102 3129 172 3172 usus
191 3107 330 3171 divinitus
347 3118 551 3185 concesserat,
576 3126 647 3171 usus
667 3107 800 3172 nimirum
826 3109 911 3187 ilios,
933 3109 980 3192 eui
1000 3121 1029 3173 ot
1046 3131 1113 3172 esse
1131 3110 1245 3193 penitus

103 3210 214 3293 possint
230 3209 333 3294 partior
350 3210 482 3294 corporis
499 3219 605 3292 egent,
628 3209 732 3294 partim
747 3209 851 3287 animi,
876 3223 962 3292 atque
982 3211 1126 3274 humanae
1140 3213 1245 3274 mentia

104 3310 295 3387 adminicuto,
318 3310 478 3374 cuiusmodi
494 3321 563 3374 sunt
579 3313 684 3388 inmas,
708 3309 790 3388 sitis,
813 3311 897 3374 dctus
915 3332 948 3374 ac
967 3313 1062 3390 dolor,
1084 3312 1244 3398 lacrymae,

104 3431 221 3475 soranus
235 3431 272 3474 ae
288 3412 416 3496 requies.
453 3410 537 3475 Haec
553 3413 629 3475 euim
646 3411 742 3474 omnia
757 3411 834 3474 uuida
850 3413 993 3508 infuscata
1007 3413 1118 3499 peccati
1134 3415 1244 3498 specie,

105 3523 258 3598 susceptas
271 3513 367 3598 reipsa
380 3523 501 3576 naturae
515 3513 640 3577 bominis
653 3525 824 3597 argumenta
841 3515 1003 3591 continent,
1024 3536 1081 3598 pua
1094 3537 1159 3578 curo
1174 3534 1246 3578 raro

106 3613 272 3678 mnsociate
287 3614 424 3678 diviuitas
440 3613 595 3678 humanum
613 3624 710 3678 tamm
731 3614 838 3698 patitur
858 3615 945 3692 sibit,
970 3617 1084 3680 tametsi
1104 3635 1178 3701 quae
1199 3637 1247 3680 ra·

108 3713 176 3778 doni
188 3726 387 3780 consentanca
404 3717 511 3794 iorem,
529 3727 561 3780 et
574 3715 610 3778 ab
623 3714 702 3778 omni
717 3715 830 3778 sceiere
846 3725 934 3800 atque
947 3717 975 3780 iu
991 3717 1072 3800 peius
1089 3718 1247 3781 mutatione

109 3817 203 3896 procui
220 3828 337 3894 essent,
362 3817 522 3880 admiserit.
567 3815 615 3880 Ad
632 3816 704 3879 haee
721 3816 866 3880 excitatus
888 3839 905 3881 a
928 3829 1022 3881 morte
1041 3815 1177 3884 Christus
1198 3839 1246 3882 oc·
1259 3828 1338 3932 ppppp

111 3913 195 3980 duis
212 3918 306 3982 ieonis
322 3917 474 4001 ingrersus
488 3929 547 3998 est,
569 3918 611 3982 uti
628 3919 703 4002 quod
717 3918 860 3982 hacteuus
876 3941 1007 3983 crarsma
1022 3931 1248 4004 concretumque

111 4015 202 4080 iuerat
226 4039 332 4105 corpus
355 4020 456 4082 cedem
481 4040 546 4083 curu
573 4039 662 4082 carue
686 4019 861 4104 ossibusque
885 4031 971 4083 tenue
996 4042 1030 4084 ac
1054 4021 1160 4085 subtile
1182 4041 1249 4084 esse

111 4130 296 4184 rememoret.
328 4117 434 4184 Statim
451 4121 527 4184 euim
542 4131 629 4204 atque
647 4119 847 4204 introgressus
862 4133 908 4186 est
925 4144 1027 4186 manus
1043 4141 1079 4186 ec
1095 4123 1197 4208 pedoa,
1220 4133 1250 4186 et

109 4221 273 4284 wemn-
292 4221 367 4284 iatua
383 4239 448 4284 mm
466 4222 583 4286 ossibus
601 4243 636 4285 ac
653 4223 753 4286 nervis
769 4225 915 4302 osteoditp
938 4224 1013 4288 aden
1031 4243 1105 4308 puae
1127 4233 1187 4288 tum
1206 4223 1251 4288 vi-

109 4317 249 4387 debantur
272 4321 365 4386 solida
385 4333 487 4402 eruut,
519 4345 573 4387 uec
598 4323 805 4409 specietenus
830 4325 982 4389 extabant.
1026 4322 1140 4407 Quibus
1163 4324 1250 4388 rebus

108 4437 208 4486 eorum
221 4423 363 4502 omnium,
387 4445 460 4508 quoe
473 4423 538 4489 fidei
554 4427 674 4511 speitpre
689 4435 809 4491 uestrae
825 4427 975 4514 proposita
992 4437 1071 4507 suut,
1093 4426 1251 4514 promisso-
