3036 4998
394 287 529 342 rinnau
546 289 608 340 urs.
622 291 641 340 ι.
659 291 740 344 ron.
755 291 785 342 ιι.
803 291 901 343 naun.
916 293 1018 344 xxxa.
1219 283 1275 347 361

130 406 227 472 ιιιειΙία
243 409 274 474 in
291 409 356 474 loeo
373 427 441 474 sese
456 409 637 474 contineant.
681 407 842 476 Praeterea
859 411 982 477 Animas
996 412 1101 478 iterum
1122 414 1177 480 hoc
1193 415 1278 480 modo

129 508 275 575 dividunt.
320 510 470 596 Quasdam
493 511 570 576 enirn
594 523 696 578 natora
721 513 830 593 lonas,
861 514 934 579 alins
955 527 1060 580 natura
1082 517 1174 581 malas
1193 537 1277 582 essee

129 611 224 676 bouus
240 614 382 678 eiusmodi
399 633 466 680 esse
482 635 556 700 quae
571 616 606 680 ad
622 615 826 701 excipiendum
846 637 946 682 semen
965 617 1091 682 idoneae
1109 619 1178 700 sint,
1203 620 1278 704 quod

131 715 225 779 malae
246 717 325 781 nullo
348 718 433 782 modo
456 727 579 803 possunt
600 718 762 804 percipere.

216 817 299 883 Hace
315 831 361 883 est
376 821 489 884 illorum
506 819 649 900 doctrina,
673 841 758 906 quam
775 841 869 906 neque
887 822 1044 908 prophetae
1060 823 1277 909 praedicarunt,
1314 839 1374 908 cop.

129 941 227 1006 neque
244 921 377 986 dominus
394 923 526 1002 tradidit,
557 943 612 986 ueo
630 923 752 1008 apostoli
772 923 962 1008 reliquerunt.
1007 924 1074 1010 Qua
1094 927 1208 1010 quidem
1225 909 1390 991 mixxw·

130 1024 211 1088 nime
225 1025 332 1110 scripta
348 1045 388 1090 ex
404 1025 551 1090 auditione
569 1025 612 1089 sio
629 1035 764 1112 arrepta,
788 1036 821 1089 ιιι
833 1027 908 1110 quod
924 1027 953 1089 in
971 1029 1126 1114 proverbio
1141 1040 1204 1104 cst,
1237 1031 1280 1094 iu·

129 1147 199 1191 nem
215 1149 255 1192 cx
274 1147 365 1192 arena
383 1137 488 1192 texero
506 1138 665 1208 conentur3
696 1128 760 1214 plus
777 1149 810 1192 so
828 1129 935 1193 ceteris
953 1130 989 1194 dc
1007 1130 1210 1196 universorum
1229 1153 1280 1196 na-

130 1239 198 1294 tura
213 1231 291 1295 seire
305 1231 479 1316 gloriantur.
525 1231 572 1295 ad
589 1252 624 1294 ca
640 1251 711 1294 vero
727 1251 801 1316 quae
817 1231 944 1296 diximus
961 1233 1174 1318 comprobanda
1191 1255 1279 1318 qnae-

128 1333 196 1396 dam
211 1353 228 1396 e
246 1334 340 1398 sacris
354 1333 447 1398 literis
464 1334 698 1413 accommodantp
721 1333 882 1399 cuiusmodi
900 1347 967 1398 sunt
982 1345 1139 1419 usurpatae
1155 1357 1172 1400 a
1187 1337 1279 1400 domi·

129 1457 170 1500 no
192 1435 366 1520 parabolae,
398 1447 449 1500 aut
471 1435 656 1522 propheticae
673 1436 856 1517 sententiae,
888 1447 939 1500 aut
957 1438 1156 1522 apostolorum
1176 1440 1278 1519 rerba,

128 1557 168 1602 ue
187 1539 340 1602 cortone
370 1538 406 1602 ab
435 1539 472 1602 iis
501 1538 612 1602 fabulae
640 1559 760 1624 prorsus
787 1540 955 1604 testimonio
984 1559 1085 1604 carere
1110 1539 1276 1606 uideantur.

130 1638 316 1725 Quamquam
332 1641 496 1705 divinorum
512 1642 694 1706 oraculorum
710 1641 840 1706 ordinem
856 1642 1020 1727 seriemque
1036 1643 1222 1723 conturbant,
1245 1665 1280 1707 ao

128 1745 226 1828 quoad
242 1746 272 1808 iu
289 1744 359 1829 ipsis
376 1744 462 1808 situm
478 1753 535 1821 est,
560 1744 704 1824 veritatis,
728 1754 760 1806 ιιι
773 1743 816 1808 ite
830 1743 934 1824 dicam,
959 1745 1087 1809 membra
1104 1746 1277 1810 dissolvunt.

126 1844 208 1910 Nam
232 1845 261 1909 iu
284 1847 409 1910 alienum
429 1845 523 1910 locum
543 1847 681 1910 translata
704 1867 739 1910 ao
757 1857 933 1910 commutata
950 1848 1087 1932 pleraque
1110 1849 1216 1912 etalio
1241 1869 1280 1912 es
1331 1915 1334 1922 ,

127 1949 196 2014 aliis
213 1949 289 2013 iacta
306 1950 350 2014 sic
363 1949 532 2035 proferunt,
555 1959 587 2013 ut
602 1948 765 2013 divinarum
781 1949 1005 2030 sententiarum,
1030 1971 1102 2033 quas
1117 1969 1281 2014 accommo-

129 2055 218 2133 dant,
243 2052 346 2116 callido
363 2053 485 2136 quodam
498 2050 713 2136 artificiosoque
729 2059 870 2116 contextu
885 2053 991 2116 multos
1006 2053 1034 2116 in
1051 2073 1181 2116 errorem
1197 2053 1281 2116 indu·
1324 2039 1330 2055 ⁸

129 2167 212 2220 eant.
257 2152 507 2238 Quemadmodum
524 2153 548 2218 si
569 2153 752 2239 imperatoris
766 2155 863 2238 imago
880 2154 1081 2240 pulcherrimis
1097 2175 1137 2220 ex
1152 2167 1281 2220 tesseru-

128 2259 167 2322 lis
190 2279 206 2320 a
225 2257 320 2343 perito
336 2257 459 2340 quodam
479 2256 589 2320 artilicc
607 2256 695 2319 luerit
713 2257 878 2335 elaborata,
910 2277 945 2320 ao
964 2256 1123 2343 quispiam,
1157 2257 1281 2321 hominis

128 2359 227 2446 edigic
245 2359 404 2437 dissoluta,
428 2381 462 2422 ac
479 2357 662 2444 trauspositis
681 2358 822 2443 aliterque
839 2359 989 2424 collocatis
1007 2359 1175 2439 tesserulis‚
1200 2359 1281 2424 oanis

129 2474 182 2527 ant
197 2461 367 2548 vulpeculae
384 2462 511 2548 speciem
529 2461 690 2546 exprimat,
715 2481 751 2524 ne
767 2483 831 2524 eam
849 2461 963 2546 quidem
981 2472 1061 2525 recte
1078 2463 1280 2548 compositam,

130 2577 192 2630 ιιιιιι
207 2567 330 2630 affirmet
345 2565 399 2628 hoo
414 2564 507 2649 ipsum
524 2583 590 2627 esse
604 2563 752 2648 ogregiam
767 2563 952 2649 imperatoris
967 2564 1152 2628 simulacrum
1167 2566 1202 2629 ab
1217 2566 1281 2629 exi·

129 2670 190 2732 mio
206 2669 318 2732 artilioe
333 2667 443 2730 affabre
459 2667 577 2745 iactum,
601 2666 737 2730 ostendat
751 2677 781 2728 et
796 2667 861 2730 illas
876 2667 911 2730 ab
928 2667 1029 2730 eodem
1045 2668 1080 2730 ad
1097 2668 1280 2732 referendam

130 2770 272 2858 principis
288 2769 409 2854 figuram
425 2778 643 2854 coagmentatus
658 2769 834 2847 tesserulae,
859 2789 876 2832 a
892 2787 925 2832 se
942 2789 1014 2832 vero
1031 2781 1133 2856 postea
1149 2771 1281 2834 carrinam

129 2875 161 2937 in
185 2875 307 2937 lormam
331 2871 503 2950 translatas,
537 2881 623 2955 atque
642 2870 783 2934 eiusmodi
803 2871 1011 2936 tesserularum
1027 2873 1125 2957 specie
1141 2873 1282 2958 imperitis

129 2977 251 3053 illudat,
275 2975 324 3059 qui
342 2974 479 3060 principis
496 2973 650 3056 imaginem
668 2974 794 3038 nondum
812 2973 910 3037 animo
928 2975 1131 3060 conceperint,
1162 2995 1282 3060 persua·

129 3080 258 3162 dentque
277 3097 363 3162 quam
383 3077 425 3140 illi
445 3076 545 3140 vident
562 3087 673 3158 turpem
691 3076 786 3162 vulpis
801 3077 922 3160 effigiem
940 3077 1117 3162 praeclaram
1136 3077 1213 3141 illam
1228 3077 1283 3140 im·

131 3180 278 3268 peratoris
297 3199 363 3243 osse
382 3189 523 3242 statuam:
547 3179 590 3242 sic
607 3177 655 3242 isti
672 3179 708 3242 ad
726 3179 863 3243 ridiculas
881 3179 1030 3264 anilesque
1049 3199 1121 3263 quos
1139 3191 1284 3244 consuunt

131 3303 227 3367 nugas
250 3291 405 3365 corrogata
427 3281 494 3344 hino
516 3291 546 3343 et
567 3280 647 3344 illinc
669 3282 759 3345 verba
781 3293 811 3346 et
830 3281 980 3366 parabolas
999 3281 1116 3346 trahunt
1133 3302 1167 3346 ac
1184 3283 1283 3348 divine

129 3403 276 3470 responsa
291 3382 396 3446 fabulis
413 3383 474 3447 suis
490 3383 605 3468 illigare
622 3385 811 3448 contendunt.
858 3381 905 3446 Ex
922 3384 1025 3468 quibus
1040 3403 1115 3467 quae
1128 3386 1163 3448 ad
1181 3383 1283 3450 Plero-

130 3507 180 3552 ma
201 3487 349 3573 pertiuere
369 3485 506 3550 videntur
526 3486 611 3571 paulo
633 3497 701 3550 ante
723 3487 886 3550 retulimus.

220 3586 309 3672 Quae.
327 3609 399 3652 cero
422 3589 457 3651 ad
477 3607 603 3673 eaquae
622 3599 707 3652 extra
721 3587 855 3652 Pleroma
872 3599 941 3652 sunt
957 3589 1050 3654 sacris
1067 3609 1106 3652 ex
1124 3589 1216 3656 literis
1232 3611 1281 3654 ao·
1323 3596 1384 3664 Cap.

131 3692 329 3769 commodant,
350 3689 492 3756 eiusmodi
507 3691 569 3753 lere
584 3702 663 3754 sunt.
704 3687 853 3755 Cirristum
869 3690 1013 3754 dominum
1028 3694 1184 3776 postremis
1199 3715 1282 3758 mun·
1298 3665 1409 3717 mn·

131 3797 161 3858 di
179 3793 360 3880 temporibus
375 3791 503 3879 patiendi
519 3792 613 3878 gratia
630 3794 786 3858 advenisse
801 3793 918 3870 dicunt,
942 3793 1033 3856 ultimi
1055 3804 1086 3858 ut
1101 3793 1217 3857 Aeonis
1234 3815 1283 3858 ca·

131 3917 198 3961 som
213 3917 248 3960 ac
263 3895 456 3960 calamitatem
472 3898 651 3975 ostenderet,
672 3917 707 3960 ac
721 3897 809 3961 totius
827 3895 960 3960 Aeonum
978 3896 1087 3981 negotii
1102 3895 1212 3960 exitum
1229 3919 1283 3960 suo

133 4054 249 4103 &obium
257 4087 266 4114 ,
282 4055 304 4100 ct
320 4053 367 4100 Vct.
382 4053 502 4113 Interpone.
760 4049 785 4104 8.
803 4047 1010 4109 συντελεσθείσας
1022 4051 1147 4113 sonuerat
1159 4053 1283 4102 comedi.

168 4117 193 4170 4.
209 4121 244 4170 tto
253 4119 384 4170 coddt'ea.
395 4119 490 4182 Μία.
500 4121 589 4182 roca,
599 4123 620 4169 et
631 4121 693 4171 Cotta.
760 4117 786 4170 9.
803 4117 919 4186 δευτέρου
944 4119 1070 4182 Epirotici
1090 4120 1158 4169 codd.
1175 4121 1242 4170 scot.
1263 4125 1284 4170 et

133 4189 270 4251 Epicoeml.
301 4184 445 4254 ματενίγκει
458 4189 494 4237 ed
508 4191 592 4252 princ,
608 4193 630 4237 et
643 4190 694 4238 eod.
729 4189 792 4240 colb.

134 4258 204 4307 soer.
218 4256 351 4318 spernent.
386 4253 523 4322 μετενέγκῃ
540 4257 576 4305 ed.
591 4257 671 4306 Petro.
765 4255 802 4306 10.
819 4251 862 4308 διά
881 4271 910 4308 τε
928 4252 1047 4322 ῥημάτων
1068 4251 1112 4307 καὶ
1130 4253 1219 4317 λέξεων
1240 4254 1284 4308 καὶ

170 4325 195 4373 ὁ.
211 4318 309 4388 ταύτης
331 4318 436 4388 φαύλως
456 4322 694 4391 κατεσκευασμένης
727 4323 874 4392 παραβολῶν
890 4326 1017 4388 spurcam
1030 4325 1098 4375 codd.
1109 4326 1176 4374 Bcdt.
1188 4329 1209 4374 et
1221 4326 1283 4374 Colo.

134 4394 263 4456 somene
279 4393 347 4441 codd.
363 4393 425 4442 coto.
441 4395 463 4440 et
477 4393 544 4442 Bodl.
763 4391 802 4444 11.
820 4389 915 4444 ἱαντῶν
939 4393 1066 4454 Epirnmnt
1087 4393 1155 4442 codd.
1173 4393 1240 4443 aaut.
1264 4398 1285 4443 et

169 4458 194 4511 6.
210 4461 255 4513 τοῦ
272 4473 318 4508 cm.
334 4460 386 4510 cod.
404 4461 458 4509 Van.
730 4461 794 4511 coit.

170 4525 195 4579 7.
212 4523 309 4594 ἐκείνην
327 4521 412 4580 εἰκόνα
428 4531 496 4590 capet
513 4529 563 4578 cod.
582 4529 635 4579 Van.
763 4527 801 4580 12.
819 4530 855 4578 ltu
871 4530 921 4580 cod.
938 4530 991 4580 Van.
1028 4531 1101 4592 vulpe
1118 4525 1144 4581 ἐν
1160 4529 1219 4587 ταῖς.
