2984 4996
280 271 341 332 644
699 281 819 333 οιωσυι
836 279 1004 332 mmmm

280 395 474 481 ἐσταύρωσαν,
499 404 533 442 ⁹⁶
545 394 717 462 άνένδεκτον
733 395 785 480 τήν
798 395 892 483 σάρκα
906 393 980 483 δπέρ
998 401 1129 484 Χριστοῦ
1142 391 1300 462 παθοῦσαν
1311 397 1356 480 μή
1370 397 1422 462 σδν

282 506 400 590 Χριστῷ
424 497 598 581 βασιλεύειν·
628 497 732 576 καθείς
749 501 800 566 καί
817 501 847 564 ἐν
865 498 939 588 άλλφ
955 501 1034 587 ῥητῷ
1050 501 1196 564 δείκνυσιν
1212 497 1231 564 δ
1247 499 1336 585 άγιος
1351 497 1420 564 ‹3³0¹-

279 608 380 677 στολος
400 602 491 686 λέγων
509 599 570 679 ὅτι,
600 599 748 689 Καθάπερ
768 605 906 668 κοινωνοί
922 603 983 667 ἐστε
1002 607 1060 667 τῷν
1075 601 1263 684 παθημάτων
1279 607 1335 667 τοῦ
1353 607 1421 688 Χρι-

277 710 363 783 στοῦ,
386 701 480 780 οὕτως
500 706 551 769 ιιαλ
572 711 624 785 τῆς
646 702 741 787 δόξης.

363 803 448 888 Σηάλ.
466 804 502 888 η’.
537 803 612 871 Ούτε
629 804 684 891 γάρ
702 809 732 871 οί
748 804 984 891 περιτεμνόμενοι
1002 803 1086 871 αύτολ
1102 803 1195 889 νόμον
1213 803 1420 888 φυλάσσουσιν.

159 1046 209 1090 pag.
222 1034 267 1079 ιτα
356 1007 473 1096 Ἕλεγγ.
487 1008 523 1093 η’.
557 1007 620 1076 Ούκ
644 1007 827 1097 άπηγόρευτο
849 1013 950 1076 τοίνυν
970 1007 991 1092 ή
1012 1012 1138 1096 προτέρα
1159 1011 1304 1098 περιτομή
1328 1013 1421 1098 ἐντῷ

278 1114 342 1202 ίδίφ
361 1119 469 1202 καιρῷ,
500 1114 528 1176 εί
543 1111 635 1195 νόμον
651 1111 781 1195 ἐφύλαξε.
826 1110 930 1206 Νόμος
946 1112 978 1177 δέ
995 1110 1124 1200 Χριστδν
1139 1111 1329 1198 κατήγγελλεν
1344 1111 1420 1196 ἐργά-

277 1239 364 1298 μενον
380 1213 475 1297 νύμον
489 1217 657 1300 ἐλευθερίας
673 1216 889 1300 παρασχέσθαι,
911 1216 962 1280 καλ
978 1213 1076 1281 οῦκέτι
1091 1211 1111 1296 ή
1127 1213 1271 1300 περιτομή
1289 1216 1322 1279 ἐν
1338 1215 1420 1298 σαρκὶ

275 1323 317 1404 τῷ
341 1314 436 1406 γρδνφ
460 1323 512 1382 τοῦ
537 1322 667 1401 Χριστοῦ
688 1315 931 1403 ἐξυπηρειήσειεν.
973 1309 1068 1382 Ἦλθε
1090 1315 1144 1403 γάρ
1166 1314 1187 1400 ή
1210 1315 1261 1382 διά
1288 1323 1419 1403 Χριστοῦ

277 1416 415 1500 άληθινή,
437 1411 475 1501 ἧς
487 1418 580 1496 τύπος
595 1422 689 1502 ἐκείνη
704 1412 750 1502 ἦν.
797 1421 836 1482 Of
849 1419 880 1483 δέ
893 1422 936 1484 ἐτι
950 1421 982 1486 ἐν
996 1422 1091 1510 ἐκείνη
1105 1417 1346 1506 σφραγιζύμενοι,
1367 1417 1420 1484 τάν

276 1546 306 1584 τε
319 1518 414 1586 πάντα
429 1517 481 1586 τδν
496 1520 586 1605 νόμον
600 1524 782 1602 φυλάξασιν,
805 1515 902 1587 ούκέτι
917 1519 1018 1598 αύτοῖς
1031 1519 1237 1608 λογισθήσεται
1252 1520 1349 1606 νόμον
1365 1520 1420 1602 φῦ·

275 1626 368 1702 λαξις,
400 1619 500 1705 ἐπειδή
521 1622 577 1709 γάρ
599 1621 723 1706 δνόμος
739 1627 815 1710 ἐλεγε
831 1624 897 1708 περὶ
915 1629 1045 1709 Χριστοῦ
1064 1621 1125 1702 δτι,
1154 1621 1316 1708 προφήτην
1329 1627 1423 1708 ἐγερεῖ

275 1721 345 1807 ύμῖν
366 1723 470 1811 κύριος
492 1721 510 1790 δ
531 1723 603 1803 θεάς
625 1728 658 1791 ἐκ
680 1733 738 1792 τῷν
759 1723 895 1806 άδελφιδν
916 1752 975 1809 μου
997 1723 1038 1802 ιδς
1059 1725 1123 1807 ἐμὲ,
1153 1721 1248 1791 αύτοῦ
1265 1723 1419 1791 ἐπαύσατ’

276 1823 372 1891 αύτῦν
390 1826 422 1891 δέ
439 1834 493 1892 τοῦ
512 1833 642 1914 Χριστοῦ
659 1826 700 1911 μή
717 1826 907 1894 ἀκουσάντων
922 1824 943 1912 ἦ
956 1825 1098 1913 περιτομή
1114 1822 1296 1912 άκροβυστία
1312 1833 1420 1914 γίνεται

275 1927 385 2010 αύτοῖς,
406 1925 492 2011 καλή
505 1927 629 2010 φύλαξις
642 1937 696 1994 τοῦ
711 1928 806 2013 νόμου
822 1928 919 1996 ούκέτι
934 1930 1064 2012 φύλαξις.
1109 1927 1208 2006 Χαλδς
1222 1935 1325 1996 τοίνυν
1341 1928 1360 1995 δ
1374 1927 1419 1994 νδ

275 2057 343 2114 μσς,
371 2033 421 2096 καλ
436 2029 511 2114 καλή
527 2028 549 2114 ἦ
563 2030 719 2118 περιτομή,
747 2029 800 2113 ἀφ’
813 2025 851 2097 οῦ
865 2034 915 2097 καὶ
931 2030 983 2114 άφ’
996 2023 1034 2114 ής
1046 2035 1173 2117 ἔγνωμεν
1191 2030 1341 2116 Χριστδν,
1364 2033 1419 2098 ,καλ

274 2132 325 2199 τδν
342 2134 534 2221 ἐντελέστερον
551 2131 644 2200 αύτοῦ
660 2132 768 2216 νόμον,
790 2135 838 2200 καί
859 2131 913 2218 τήν
929 2135 1123 2220 ἐντελεστέραν
1141 2129 1234 2198 αύτοῦ
1250 2132 1418 2221 περιτομήν.

294 2343 321 2376 ⁰⁶
332 2339 405 2394 fflo
422 2339 500 2394 ΤΗΣ
517 2339 617 2394 ΠΡΟΣ
633 2340 856 2394 ΚΟΡΙΝΘΙΟΥΣ
873 2339 1100 2394 ΕΠΙΣΤΟΛΗΣ.
1131 2339 1229 2394 ΔΥΤΗ
1245 2339 1316 2393 ΓΔΡ
1332 2338 1406 2392 ΠΛΡ

538 2425 670 2478 mom
687 2424 863 2488 AEYTEPA,
881 2425 943 2478 ΚΑΙ
960 2425 1032 2480 [ΙΔΡ
1048 2423 1152 2478 HMIN.

356 2539 383 2606 α’
397 2543 448 2610 καί
461 2541 492 2606 θ’
507 2541 591 2626 Σγόλ.
624 2543 789 2629 Γέγραπται
804 2539 875 2626 γάρ,
904 2539 1018 2607 Ἀπολοῦ
1034 2540 1089 2624 τήν
1103 2543 1210 2622 σοφίαν
1223 2545 1284 2604 τοῖν
1300 2545 1416 2622 σοφόν,

273 2645 324 2710 κοιλ
345 2643 399 2727 τήν
420 2641 535 2709 σύνεσιν
556 2650 614 2708 τῷν
634 2651 761 2709 συνετῶν
780 2641 925 2728 άθετήσω.

358 2747 386 2810 α’
396 2749 446 2813 καλ
459 2744 491 2812 θ’
500 2744 609 2832 Ἔλεγχ.
639 2748 681 2810 Et
692 2743 750 2811 άπδ
763 2753 823 2812 τῷν
833 2747 1038 2833 γεγραμμένων
1050 2748 1081 2812 ἐν
1091 2753 1154 2821 τοῖς
1165 2742 1338 2831 προφήταις
1351 2741 1419 2808 άνα·

273 2851 383 2935 λέγεται
403 2846 423 2913 δ
442 2846 604 2924 άπόστολος
619 2851 795 2934 μαρτυρίας,
824 2851 865 2924 είς
879 2846 1059 2935 παράστασιν
1074 2845 1215 2930 άληθιίας
1230 2847 1282 2911 καλ
1298 2842 1420 2930 άγιιθής

273 2954 476 3031 διδασκαλίας,
498 2947 553 3015 ούκ
568 2947 713 3039 άλλδτριοι
726 2953 758 3015 οί
769 2958 919 3036 προφῆται
935 2958 986 3034 τῆς
998 2946 1139 3033 άληθείας
1152 2949 1203 3015 καί
1216 2953 1271 3013 τοῦ
1284 2945 1417 3033 ιέγαθοῦ,

272 3055 323 3118 καί
343 3057 397 3136 τῆς
417 3048 536 3139 άγαθής
556 3049 648 3118 αύτοῦ
670 3057 866 3129 διδασκαλίας.

357 3154 384 3238 β’
399 3157 450 3220 καί
466 3153 484 3221 ι’
499 3151 585 3237 Σηύλ.
620 3157 721 3220 οῦίίαλ
736 3159 801 3235 ἵνα,
829 3152 934 3231 καθείς
949 3155 1124 3240 γέγραπται,
1152 3148 1374 3234 δκαυγοίμενος
1387 3151 1418 3215 ἐν

272 3259 365 3346 κυρίφ
387 3255 556 3343 καυχάσθω.
1204 3319 1206 3322 .

356 3359 384 3442 β
399 3361 450 3425 καί
466 3358 483 3424 ι’
492 3357 602 3445 Ἔλεγχ.
634 3361 676 3423 Et
697 3357 845 3436 ἐπαινετδς
866 3355 988 3444 ῦπάργει
1014 3354 1032 3423 δ
1053 3355 1241 3440 καυχάμενος
1264 3357 1296 3420 ἐν
1318 3357 1416 3441 κυρίφ

273 3459 354 3547 παρά
376 3470 438 3538 τοῖς
458 3459 639 3546 προφήταις,
670 3461 774 3546 κύριον
794 3461 826 3526 δέ
842 3457 904 3526 οίδε
919 3458 971 3525 τδν
987 3456 1061 3525 θεδν
1083 3467 1137 3526 τοῦ
1152 3456 1246 3542 νόμον
1264 3453 1316 3522 τδν
1332 3453 1417 3542 παρά

273 3564 337 3642 σοί,
360 3555 385 3628 ά
401 3568 563 3648 Μαρκίων,
584 3565 636 3628 καλ
651 3560 753 3649 κριτήν
766 3564 818 3627 καί
832 3559 1010 3648 δημιουργὸν
1026 3563 1077 3628 καί
1095 3565 1209 3628 δίκαιον
1222 3557 1416 3641 καλούμενον,

273 3662 328 3730 ούκ
343 3663 427 3742 άλλος
443 3666 519 3730 ἐστίν
537 3657 623 3742 οὗτος
638 3663 719 3750 παρά
735 3662 786 3730 τδν
809 3671 906 3730 ο’τοῦ
925 3669 1054 3750 Χριστοῦ
1069 3665 1196 3750 πατέρα,
1226 3655 1263 3728 ού
1276 3660 1417 3744 μαθητής

272 3763 395 3852 ύπάργει
419 3774 553 3843 Παῦλος·
586 3769 742 3852 ἐπειδήπερ
766 3764 826 3832 dno*
851 3775 903 3851 τῆς
926 3773 980 3832 τοῦ
1002 3765 1160 3852 προφήτου
1183 3767 1372 3843 διδασκαλίας
1401 3761 1417 3831 δ

272 3867 447 3946 διδάσκαλος
467 3870 659 3946 κατασταθεὶς
682 3875 740 3934 τῷν
765 3871 864 3934 ἐθνῶν
887 3866 948 3936 ύπδ
972 3875 1102 3956 Χριστοῦ
1126 3873 1249 3944 Παῦλος
1272 3865 1328 3932 άπδ
1355 3874 1416 3933 τάν

273 3967 384 4053 δμοίων
399 3973 451 4036 καί
465 3977 523 4037 τῷν
538 3969 635 4037 αύτιῦν
651 3975 846 4037 διδασκαλιῶν
860 3969 1042 4056 α’νιμιίμενος
1057 3967 1098 4048 νίς
1111 3969 1249 4058 καθαράν
1264 3967 1344 4054 ῦδαρ
1365 3968 1414 4056 ιέρ

272 4074 350 4138 δεύει
374 4071 413 4156 ἣν
433 4078 616 4140 πεπίστευται
639 4076 798 4157 ἐκκλησίαν.

356 4172 381 4260 γ’
396 4177 447 4241 καλ
464 4174 502 4241 ια’
518 4175 604 4259 Σχόλ.
640 4183 706 4242 Τῶν
723 4173 870 4264 άργόντων
887 4181 940 4242 τοῦ
958 4177 1066 4252 αίιῦνος
1080 4175 1204 4256 τούτου,
1232 4181 1291 4242 τιῦν
1305 4197 1413 4261 καταρ-

270 4278 427 4362 γουμένων.

305 4431 345 4483 95.
363 4427 509 4488 άιίκδικτον
525 4435 576 4486 cod.
594 4435 665 4488 λἀιίε.
859 4439 925 4499 τελλ,
941 4437 1004 4500 qnod
1017 4439 1051 4486 ι’ίο
1063 4437 1163 4498 mutam,
1179 4441 1206 4485 ιιλ
1219 4435 1277 4486 illud
1290 4429 1314 4486 α’
1328 4431 1377 4486 καὶ
1390 4431 1411 4486 2·

304 4497 345 4554 96.
364 4503 437 4566 λἰιλρο
451 4501 475 4556 α’
492 4501 537 4557 καὶ
553 4500 577 4557 θ’
595 4500 665 4574 σγᾶλ.
699 4495 762 4560 ’Διιδ
779 4505 828 4572 τῆς
860 4501 931 4574 σγδλ.
947 4511 1000 4557 anu
1016 4503 1163 4572 Γέγραπται
1178 4505 1319 4556 wem
