3010 5000
317 247 452 300 resson
468 248 531 300 nte.
544 248 564 298 r.
582 245 663 300 rom.
676 248 718 300 ur.
737 246 837 300 anea.
849 247 996 302 xxxvru.
1172 241 1234 304 517

80 365 273 446 cognorimus
302 369 338 431 de
359 363 431 461 luda
451 367 635 432 intellexisse
665 389 729 432 cnm
753 365 870 433 ludaeis
895 370 1074 453 toqueretur.
1125 370 1233 457 Aquo

81 470 159 532 enim
180 469 301 554 quisquc
319 481 472 556 superatus
493 481 555 550 est,
581 470 665 535 buius
683 482 713 533 et
731 491 836 534 servus
853 481 915 550 est,
940 493 975 535 ac
992 472 1163 559 cuicumque
1180 474 1233 538 abi-

79 573 146 656 quis
164 571 348 657 obsequitur,
375 572 450 636 bunc
466 583 496 636 et
511 573 602 658 patris
618 574 683 636 loeo
701 573 803 651 babet,
828 585 857 638 et
872 575 1003 659 obsequii
1019 576 1065 639 sui
1083 586 1232 640 auctorem

79 677 225 760 agnoscit.
271 674 372 759 Quare
393 675 460 738 ideo
482 675 553 740 iisce
574 675 673 738 verbis
695 675 828 738 dominus
852 676 958 740 utitur:
992 682 1047 740 Vos
1056 680 1124 759 filii
1136 685 1382 761 pumrbtoeunatt

78 781 288 841 cestrr'drbdolt
299 783 377 852 estr's,
403 778 479 860 qnod
496 775 583 841 iudae
602 773 712 842 Christi
728 778 793 841 ioco
808 777 968 862 paruerint,
992 781 1231 864 quemadmodum

78 881 148 945 otim
165 879 231 945 Eva
251 879 402 944 adomino
420 880 587 945 desciscens
603 880 731 966 serpenti
749 901 859 944 morem
875 883 978 964 gessit.
1024 880 1138 946 Deinde
1155 886 1230 968 qnod

78 1005 138 1047 noo
158 984 249 1047 solum
267 983 394 1046 mendax
410 995 507 1062 esset,
539 985 590 1047 sed
608 983 694 1048 etiarn
712 984 775 1060 dur,
806 1004 858 1068 pro
874 1003 910 1046 eo
929 993 1014 1068 atque
1030 983 1058 1045 in
1075 985 1230 1068 evangelio

76 1085 213 1170 legimus.
249 1081 296 1150 Ob
313 1085 340 1148 id
355 1086 466 1150 locutos
480 1085 508 1149 ei
525 1085 680 1164 commisit,
706 1105 743 1148 ne
758 1107 844 1170 quam
860 1085 981 1149 baberet
993 1087 1225 1166 excusationem,
1258 1130 1261 1138 ,

76 1209 143 1251 curn
161 1187 307 1251 dominnm
326 1209 411 1251 suurn
429 1188 458 1251 in
473 1187 620 1252 bominum
637 1209 740 1251 manses
755 1189 791 1250 ob
809 1188 949 1273 pecuniae
967 1187 1151 1272 cupiditatem
1170 1200 1229 1252 tra·

75 1292 172 1356 deret.
216 1289 327 1375 Ecquis
349 1311 421 1354 vero
444 1303 526 1377 pater
548 1291 632 1355 buius
654 1290 729 1354 alius
747 1299 811 1370 est,
841 1291 889 1375 qui
907 1301 974 1354 ante
991 1291 1083 1375 ipsum
1102 1291 1228 1356 mendax

73 1395 164 1459 fuerit
179 1405 295 1479 praeter
309 1391 453 1474 Caicum,
477 1415 561 1478 quem
579 1391 666 1457 ludas
681 1393 810 1457 imitatus
826 1394 891 1456 est?
917 1393 967 1456 itte
984 1392 1125 1476 siqnidem
1145 1393 1228 1458 fratri

73 1519 132 1562 sno
149 1498 284 1562 mentitus
301 1497 433 1562 caritatis
450 1517 516 1560 eum
533 1498 680 1560 fraternae
697 1496 795 1580 specie
813 1479 928 1579 deoe‘pit
943 1515 978 1558 ac
995 1496 1146 1558 mendacio
1161 1516 1227 1580 per·

72 1602 184 1680 suasit,
217 1613 246 1665 et
268 1601 297 1664 in
322 1620 423 1684 agrum
448 1601 591 1664 seducens
612 1598 757 1662 violentus
781 1598 822 1661 itti
844 1617 946 1662 manus
969 1598 1075 1661 attulit.
1121 1596 1226 1682 Neque

71 1705 161 1768 aliter
177 1701 279 1768 ludas:
305 1707 380 1783 Quid
391 1705 486 1778 culus,
507 1701 611 1787 inquit,
632 1705 703 1764 midi
713 1705 792 1776 dore,
816 1713 845 1762 et
858 1722 911 1781 ego
925 1723 986 1762 eum
1001 1703 1077 1763 vodis
1093 1704 1224 1763 modom?
1235 1717 1322 1815 1ῃέιιιιῦιι.

69 1805 132 1870 Et:
164 1810 366 1887 Quemcumque
381 1809 524 1868 osculatam
533 1808 622 1887 suero
639 1809 698 1885 r'pse
712 1816 769 1878 est,
800 1815 889 1866 tenete
904 1825 975 1865 erem.
1022 1801 1062 1866 Et
1081 1802 1376 1878 accedensntiredttt.

71 1911 214 1974 traditore
237 1915 315 1984 Aue,
340 1908 449 1993 inquit,
473 1909 576 1982 Reddi,
602 1909 684 1969 latro
696 1910 847 1981 domorum,
873 1919 1029 1968 cornutum
1044 1911 1158 1989 Ioergeo
1172 1913 1375 1984 decurrendum.

68 2025 207 2076 remotum
226 2033 340 2092 gerere.

157 2111 353 2197 Quamobrem
376 2113 424 2178 hic
441 2113 490 2177 itte
509 2110 596 2178 ludas
618 2121 665 2174 est
686 2110 734 2196 qui
757 2122 787 2176 et
805 2112 933 2196 ipsorum
953 2133 1076 2198 parens,
1107 2123 1137 2177 et
1154 2135 1221 2199 pro·
1242 2124 1300 2194 cnp.
1319 2126 1350 2177 v.

66 2231 137 2306 pter
158 2217 285 2282 numinis
308 2215 529 2300 abnegationem
550 2214 799 2301 proditionemque
818 2212 945 2278 Satanas
968 2215 1037 2294 duit,
1070 2226 1101 2279 et
1118 2217 1222 2286 uotam·

68 2332 148 2400 tate,
177 2341 236 2383 non
260 2329 364 2382 natura
390 2317 539 2398 diabotus,
571 2319 705 2402 idemque
727 2318 875 2381 mendacis
898 2339 932 2382 ac
954 2318 1114 2400 parricidae
1137 2315 1223 2382 Caini

66 2425 213 2488 duntaxat
236 2421 397 2486 imitatione
418 2419 510 2501 bdius;
541 2419 771 2505 quandoquidem
797 2430 826 2484 et
848 2421 911 2484 eins
933 2430 1000 2484 ante
1023 2420 1117 2505 ipsum
1140 2432 1223 2506 pater

65 2525 198 2590 mendax
221 2525 276 2588 tuit
299 2545 358 2586 non
381 2525 529 2603 Adamas,
562 2523 614 2587 sed
640 2523 787 2602 diabobus,
819 2523 901 2587 onius
925 2523 954 2587 in
979 2525 1107 2586 fraterna
1132 2525 1222 2588 caede

65 2628 194 2712 odioque
217 2647 251 2690 ac
273 2627 424 2690 mendacio
445 2625 661 2690 similitudinem
684 2626 848 2712 expressit,
882 2637 942 2689 tum
965 2647 1000 2689 eo
1019 2625 1140 2712 iusuper
1156 2627 1221 2712 ipso

65 2732 145 2814 quod
170 2729 214 2793 bis
236 2727 335 2792 vorbis
357 2729 412 2792 deo
435 2729 629 2792 contradixit:
658 2732 733 2790 Num
755 2741 849 2791 custos
861 2733 971 2812 fratris
992 2733 1048 2790 mei
1065 2751 1118 2810 ego
1137 2737 1290 2793 seturna.
1304 2748 1325 2804 t,
1338 2749 1359 2792 a.

68 2835 126 2896 Udi
146 2836 186 2893 stt
207 2837 309 2893 mucro.
357 2828 605 2913 Quemadmodum
629 2841 659 2894 et
680 2829 797 2894 domino
820 2830 951 2894 diabobus
969 2831 1112 2914 loquitur:
1144 2837 1219 2895 Num
1232 2847 1279 2896 lon.
1293 2851 1346 2907 ue

54 2937 179 3017 frustra
194 2933 243 2995 dod
260 2938 337 2994 mmet
354 2936 456 2994 muru?
500 2929 645 3014 Quoniam
664 2933 739 2996 eninr
757 2932 887 2996 diabolus
904 2931 966 3017 ipse
983 2930 1078 2996 Evam
1096 2945 1126 2998 et
1138 2934 1220 2997 Ada-

64 3057 145 3100 nrnm
165 3036 225 3098 sois
244 3035 274 3098 in
293 3036 422 3098 fraudem
441 3035 598 3098 mendaciis
618 3035 788 3120 impulerat,
820 3035 891 3099 falsa
910 3055 962 3120 pro
981 3035 1060 3099 veris
1075 3057 1219 3121 usurpans

65 3159 100 3202 ac
119 3137 282 3200 simulatum
299 3137 453 3200 amicitiam
471 3137 628 3216 obiiciens,
661 3142 769 3212 Eratis,
801 3137 910 3222 inquit,
939 3141 1084 3214 oberunt,
1116 3150 1351 3216 oecononum.

64 3244 238 3313 moriemini,
263 3239 340 3302 bunc
356 3238 516 3303 aemulatus
531 3235 607 3304 Cain
622 3241 772 3304 fraternae
788 3239 918 3304 caritatis
935 3239 1032 3324 speeie
1048 3261 1219 3324 germanum

65 3341 200 3426 decepit,
233 3342 277 3405 bis
301 3341 400 3406 verbis
424 3342 591 3425 alloquens:
623 3347 813 3424 Egredr'cemur
829 3347 926 3424 soros.
979 3340 1092 3408 idcirco
1117 3345 1218 3408 beatos

64 3439 195 3507 loannes
213 3442 253 3508 ita
272 3442 391 3508 scribit:
425 3448 483 3522 Qui
494 3448 555 3507 odit
560 3447 685 3528 fratrem
701 3468 797 3520 suum,
829 3450 875 3508 die
893 3453 921 3510 im
940 3453 1059 3511 caretate
1072 3451 1217 3530 perfectus
1230 3469 1249 3514 1.
1261 3468 1338 3514 toene.

64 3569 122 3609 mom
139 3557 198 3619 est,
221 3551 272 3609 sed
285 3558 328 3608 eet
344 3569 381 3608 eu
397 3551 499 3620 Carbo,
523 3551 878 3630 prcomrbmsrmtremsuum
894 3555 1004 3613 occidit.
1049 3555 1217 3632 Etpropter
1252 3521 1273 3574 ³¹
1288 3522 1319 3566 η

64 3653 135 3730 pur'd
151 3653 256 3710 decedet
271 3655 356 3710 eum?
398 3652 532 3728 Quorsum
547 3671 631 3732 opero
647 3655 707 3713 aius
722 3657 847 3733 maligno
860 3665 958 3728 erunt,
984 3665 1012 3714 et
1026 3657 1104 3716 illius
1119 3657 1219 3716 incutit

64 3751 212 3832 operibus,
243 3756 372 3831 quomrum
394 3764 477 3814 erent
496 3757 621 3816 honesto.
669 3751 720 3819 Sic
742 3754 783 3818 itti
803 3756 899 3819 Abelo
922 3757 1016 3841 potius
1037 3757 1215 3837 invidentes,

65 3853 151 3916 errius
169 3873 259 3938 opera
277 3853 350 3917 orata
366 3865 451 3934 sunt,
483 3866 512 3919 et
531 3853 653 3920 Geinum
670 3857 865 3937 honorantes,
896 3881 993 3924 norrrre
1010 3861 1056 3924 vet
1074 3859 1144 3945 ipsis
1159 3860 1218 3924 sal-

65 3954 179 4019 vatoris
201 3954 300 4018 verbis
321 3957 474 4020 manifeste
497 3959 729 4042 redarguuntur,
760 3961 807 4044 qui
830 3960 860 4025 iu
882 3961 948 4026 idos
970 3982 1076 4026 severe
1098 3984 1131 4026 ae
1152 3963 1217 4026 sinc

64 4057 121 4121 ulla
139 4055 385 4141 tergiversatione
400 4060 576 4124 sententiam
591 4061 646 4124 boc
661 4063 746 4126 modo
762 4063 844 4127 tulit:
869 4069 1036 4146 Repur‘reucr
1048 4067 1084 4127 nd
1098 4069 1151 4127 tae
1162 4087 1214 4145 ge-
1226 4079 1311 4179 {¹⁸3²}

64 4163 210 4222 amonitae
223 4165 342 4242 sumgm's
359 4167 447 4224 omues
463 4167 569 4238 suetus,
595 4169 646 4246 qui
657 4167 767 4252 effirsm
783 4179 828 4228 est
842 4169 879 4230 cd
893 4170 972 4230 Adel
985 4173 1058 4230 abeto
1075 4189 1093 4229 o
1105 4174 1212 4250 probri·
1253 4165 1260 4189 '
1299 4166 1305 4178 '

61 4269 109 4344 pio
132 4283 220 4344 usquc
240 4267 279 4326 od
294 4268 464 4328 Zoednrrirm
480 4271 662 4348 prophetam,
695 4291 773 4350 quem
792 4275 934 4332 oeedtr'stzb
951 4275 1025 4333 rbter
1043 4273 1172 4353 templum
1188 4285 1217 4334 et

65 4368 157 4427 altore
177 4377 231 4426 etc.

66 4498 209 4621 dyspffinmpb
226 4495 271 4556 ἀπ’
287 4495 383 4572 ἀρχῆς,
408 4519 468 4570 quoe
483 4507 687 4561 desiderantum
703 4509 757 4560 edtt.
772 4511 864 4574 petae,
890 4511 1003 4563 Petom'us
1018 4513 1104 4564 carecto
1120 4527 1149 4566 eu
1164 4517 1214 4567 eod
