2994 5024
349 319 484 372 rinnau
500 319 563 390 ure.
575 320 596 371 r.
612 319 693 372 rom.
707 320 751 371 111.
768 319 866 371 esen.
879 319 960 370 xun.
1169 307 1230 372 605

79 437 123 500 ris
140 437 250 522 pariter
263 439 435 523 animaeque
448 439 593 520 doorinus,
617 460 652 502 ao
668 449 726 502 tum
742 439 904 524 praesentis
921 458 1006 523 qoem
1022 439 1136 502 loturae
1152 437 1230 502 vitae

78 540 214 625 largitor.
259 539 315 604 llio
338 541 414 605 euim
436 552 502 626 post
524 543 655 627 eorporis
677 543 786 608 obitum
805 540 953 606 Lazarum
972 551 1002 604 et
1019 541 1123 604 viduae
1141 541 1230 605 filium

78 663 116 706 ae
134 663 303 728 synagogae
321 643 459 728 principis
481 643 567 708 liliam
585 645 727 710 excitarit
748 666 764 707 a
783 646 921 724 mortuis,
953 664 1011 707 non
1030 653 1062 707 ut
1078 643 1107 706 in
1124 643 1229 707 mulum

78 745 215 828 quiddam
236 746 302 809 illos
322 745 421 809 subire
438 747 642 832 compelleret,
675 748 834 812 uniusmodi
851 746 1029 830 ergastulum
1049 745 1097 809 isti
1115 745 1229 810 animae

77 868 188 933 eorpus
205 868 272 912 esse
288 858 434 927 statuunt,
464 851 515 914 sed
531 850 638 914 bourrm
655 850 752 934 utique
770 849 904 927 molitus,
933 870 968 912 ae
983 847 1074 933 probe
1091 848 1167 912 istud
1185 848 1230 912 iu·

76 949 216 1034 telligens
231 961 287 1014 tam
302 949 378 1015 illem
394 951 423 1014 in
438 973 561 1037 eorpore
576 953 833 1016 commorationem
849 973 865 1014 a
881 971 914 1014 se
927 973 1011 1035 qnam
1026 951 1150 1014 laturam
1166 970 1229 1013 ear·

76 1053 125 1116 uis
143 1063 174 1118 et
191 1053 305 1116 animae
321 1054 565 1120 resurrectionem
584 1077 650 1119 essu
668 1053 825 1120 delinitam.
871 1053 917 1117 Ao
935 1054 960 1116 si
976 1053 1152 1138 reliquorum
1167 1052 1230 1115 aui·

76 1155 218 1219 manlium
239 1156 359 1219 eandem
378 1166 465 1240 atque
482 1155 627 1222 bominum
647 1178 713 1222 esse
730 1167 845 1242 putaret
860 1156 1001 1234 animam,
1033 1177 1096 1219 oum
1114 1155 1228 1219 animae

76 1259 242 1322 servandae
261 1279 365 1323 caussa
381 1259 530 1339 venisset,
555 1281 734 1345 nequaquam
753 1259 904 1345 oportebat
919 1257 1070 1344 arreptitio
1088 1279 1146 1321 uuo
1164 1279 1228 1344 per·

76 1371 203 1438 sanato,
227 1361 274 1446 qui
293 1381 309 1424 e
329 1362 523 1426 monumentis
541 1363 658 1442 exibat,
682 1363 763 1426 abire
781 1363 937 1427 dromones
953 1361 1055 1425 iubere
1073 1383 1107 1424 eo
1126 1381 1229 1446 porro·

75 1485 143 1527 rum
166 1463 253 1527 millia
276 1464 332 1528 duo
354 1464 517 1550 perimere,
548 1465 619 1528 siin
638 1465 734 1550 porois
752 1475 782 1528 et
799 1464 963 1528 bominibus
981 1464 1099 1526 eaedem
1116 1463 1227 1526 animae

74 1566 239 1630 resideant.
285 1563 348 1632 Cur
364 1567 441 1631 euim
458 1567 543 1632 unius
561 1588 659 1632 euram
677 1589 742 1632 oum
760 1569 881 1631 duorum
897 1565 1015 1630 millium
1033 1565 1228 1630 commutabat

76 1669 194 1732 exitiol
235 1668 283 1734 Ad
303 1670 376 1734 baee
395 1670 420 1733 si
439 1671 584 1756 serpentis
600 1671 694 1734 instar
711 1669 833 1754 obliquis
849 1669 974 1732 llexibus
989 1667 1090 1732 oallide
1105 1667 1226 1752 irrepat,

76 1791 113 1834 ae
135 1771 212 1834 dieat
233 1771 298 1836 ideo
322 1793 339 1835 a
362 1772 493 1858 eorporis
515 1773 579 1836 illas
601 1773 724 1836 vineolis
746 1772 898 1836 exsolutos
919 1791 1035 1836 sursum
1058 1779 1089 1834 ut
1109 1770 1226 1834 evolare

75 1883 215 1959 possent,
246 1875 334 1938 etiam
351 1871 500 1940 Lazarum
520 1897 570 1960 par
588 1886 651 1939 erat
666 1896 788 1961 corpore
805 1875 930 1938 solutum
947 1874 983 1936 ad
1001 1895 1106 1958 eorpus
1121 1873 1224 1936 iterum

74 1976 197 2040 minime
214 1975 341 2055 reverti,
365 1977 495 2062 adeoque
513 1978 591 2042 illum
609 1978 702 2064 ipsum
720 1997 804 2063 quem
820 1975 947 2040 diximus
962 1974 1142 2061 arreptitium
1161 1995 1226 2038 eor·

74 2077 158 2163 poris
174 2078 299 2144 vineolis
315 2079 464 2158 eximere3
495 2082 570 2164 quod
588 2081 703 2165 quidem
722 2082 819 2144 iuuere
836 2079 945 2156 noluit,
976 2079 1027 2142 sed
1040 2076 1159 2162 uorpori
1176 2099 1226 2163 po·

74 2180 138 2244 tius
166 2181 221 2244 boe
244 2183 329 2244 modo
353 2181 496 2266 providit,
530 2183 604 2246 baud
627 2183 746 2267 ignarus
770 2182 837 2267 quid
860 2181 1039 2267 potissimum
1061 2180 1224 2266 expediret.

75 2281 277 2366 Quamobrem
293 2286 350 2348 ruit
365 2285 413 2347 illa
431 2296 490 2363 tua,
514 2282 642 2366 Murrio,
666 2297 850 2370 tuorumque,
874 2303 929 2347 uuo
945 2304 1003 2346 oon
1017 2292 1048 2346 et
1062 2293 1225 2347 ceterorum

74 2385 111 2448 de
131 2385 225 2450 anime
243 2385 453 2451 haeretieorum
472 2388 580 2472 opinio.
627 2387 673 2452 De
689 2388 823 2452 simulato
842 2407 913 2450 vero
930 2385 978 2450 illa
993 2395 1042 2450 tua
1058 2384 1135 2450 ritae
1152 2383 1226 2448 inte-

73 2488 185 2572 gritate
207 2509 283 2552 uuor
305 2489 405 2575 paneis
427 2491 568 2574 agendum
594 2500 656 2568 est,
691 2493 784 2574 deque
806 2509 841 2552 eo
861 2489 936 2572 quod
953 2488 1126 2552 sceleratum
1140 2496 1226 2570 atque

74 2589 274 2655 execrabilem
291 2613 375 2656 usum
390 2592 520 2656 earnium
536 2613 603 2656 esse
619 2592 782 2656 eonteudis.
829 2588 889 2656 Sed
906 2590 1041 2654 nimirum
1055 2599 1083 2652 te
1099 2589 1228 2654 salvator

73 2692 141 2778 ipse
156 2691 346 2773 condemnat,
378 2693 426 2778 qui
443 2715 507 2758 eum
525 2695 647 2760 seientia
663 2695 750 2778 longe
765 2693 929 2774 antecellit,
963 2703 1021 2756 tum
1039 2691 1106 2775 quid
1122 2689 1226 2754 melius

73 2804 159 2860 esset
182 2795 235 2858 beo
260 2796 406 2860 sententia
427 2797 598 2882 complexus
621 2808 686 2861 este
720 2800 853 2875 (lobnam
876 2807 918 2858 ert
938 2817 956 2857 o
976 2817 1031 2877 quo
1043 2797 1130 2875 fitius
1146 2804 1227 2874 petat

69 2904 189 2978 piscem,
214 2920 278 2960 mam
294 2911 448 2980 serpentem
461 2901 542 2961 dudit
551 2903 599 2962 itta·
612 2912 664 2961 out
672 2922 728 2981 pro
742 2922 793 2960 ouo
807 2903 1000 2980 scorpionem?
1043 2895 1155 2979 Quibus
1171 2895 1225 2958 ista

73 2999 218 3066 subieeit:
242 3004 279 3062 Si
291 3023 360 3082 ergo
377 3025 425 3064 vor
439 3025 500 3064 eum
513 3007 578 3064 salr's
593 3006 663 3064 muli
675 3007 764 3064 nortis
779 3003 850 3064 Mna
864 3005 930 3062 doto
945 3002 1097 3081 durefilri'r
1111 3001 1222 3072 metrii,

73 3115 181 3186 quanto
201 3109 292 3184 magd
311 3114 397 3185 poter
419 3118 511 3168 vester
531 3110 679 3168 eoelestia?
727 3102 819 3188 lgitur
842 3125 905 3166 uum
930 3103 998 3166 date
1018 3100 1093 3165 bona
1118 3099 1224 3184 pisoem

74 3226 221 3290 ovumque
238 3206 384 3285 nominet,
414 3208 520 3271 malum
544 3229 600 3270 non
624 3218 671 3272 ert
694 3207 764 3270 illud
786 3229 843 3291 quo
858 3205 981 3270 coelitus
996 3223 1138 3268 ooneesso
1160 3224 1224 3266 oum

73 3309 234 3392 gratimm
253 3307 367 3372 aetione
386 3309 576 3394 perfruimur,
609 3310 739 3393 adeoque
762 3319 810 3373 tua
829 3329 868 3372 ex
884 3308 962 3372 omni
980 3317 1060 3391 purte
1077 3307 1156 3369 lraus
1172 3304 1225 3368 inr-

74 3409 227 3494 pietasque
251 3411 407 3494 detegitur.

163 3509 262 3576 Sebol.
281 3509 388 3577 XXV.
421 3512 591 3578 Detractum
612 3514 680 3578 illud
703 3525 768 3578 erat
786 3515 861 3599 quod
884 3514 918 3578 ed
940 3511 1106 3598 prophetam
1123 3507 1224 3572 lunam

75 3613 214 3700 pertinet.
262 3611 314 3678 Sio
331 3613 409 3678 enim
425 3615 564 3702 babebat:
590 3621 738 3679 Generuta'o
754 3621 838 3692 duee,
862 3621 972 3696 aetrnum
988 3637 1044 3676 non
1057 3615 1170 3674 dubitur
1185 3617 1220 3674 er'.
1238 3607 1332 3690 uucssrr,
1344 3635 1376 3678 ae.

75 3714 328 3780 [desiderabantur
350 3727 378 3780 et
401 3717 449 3780 illa
472 3717 576 3802 quibua
598 3719 634 3782 de
655 3717 765 3783 Ninive
788 3729 817 3782 et
838 3716 997 3782 Salomone
1020 3717 1051 3780 bt
1073 3713 1192 3780 mentio.

160 3815 262 3881 Relut.
278 3815 384 3882 XXV.
417 3817 483 3883 Neo
499 3821 528 3884 in
543 3821 602 3885 illis
617 3820 730 3904 quidem
745 3821 817 3885 loeis
833 3841 908 3904 qnae
923 3818 1080 3882 mutilando
1095 3837 1225 3880 eorrum-

76 3920 137 4005 pis,
168 3917 300 3999 Murrio,
333 3921 389 3984 vim
419 3933 501 4007 potes
525 3923 657 3985 veritatis
685 3923 825 4006 effugere.
871 3919 1002 3984 Tametsi
1031 3919 1107 3982 euim
1133 3929 1224 3982 totum

74 4021 145 4085 illud
169 4023 205 4084 de
228 4019 299 4086 lona
324 4024 462 4108 propbeta
485 4023 657 4103 subtrahas,
690 4045 746 4108 qno
768 4023 924 4088 salvatoris
943 4021 1155 4086 administratio
1178 4021 1224 4084 illa

76 4124 171 4188 ommis
185 4122 374 4209 exprimitur,
398 4127 516 4190 auteres
531 4127 619 4190 etiam
636 4147 669 4190 ee
687 4147 760 4210 quoe
775 4127 811 4190 ad
827 4125 930 4190 Austri
943 4124 1073 4209 reginam
1090 4144 1124 4186 aa
1139 4121 1225 4188 Salo-

75 4247 191 4291 monem
211 4237 361 4314 speotaut,
393 4248 450 4291 uua
473 4249 538 4291 eum
560 4227 682 4292 salutari
702 4227 752 4292 illu
767 4226 894 4294 Niuires
913 4227 1059 4292 mentione
1080 4247 1115 4289 eo
1134 4223 1225 4289 lonae

76 4329 309 4414 praedieatione,
333 4326 519 4394 nibilominus
535 4331 582 4394 vel
593 4329 659 4409 illa,
685 4351 768 4415 quam
784 4329 939 4416 proposui,
962 4329 1074 4415 iugulat
1088 4339 1116 4392 te
1129 4326 1225 4393 salva·

77 4482 157 4614 'ngred-
170 4481 205 4552 erl
230 4482 288 4551 περὶ
304 4481 403 4550 Nnrml
424 4483 469 4538 καὶ
491 4487 550 4552 βασ.
573 4489 636 4536 emet
703 4483 743 4537 79.
762 4483 917 4551 Σαλομῶνος
932 4487 1063 4538 eurtum
