3008 4996
362 277 497 328 eastun
516 277 579 328 trs.
594 279 614 328 r.
630 275 755 328 romu.
774 277 872 329 unsa.
887 279 984 330 xxrr.
1188 267 1247 328 tue
1309 312 1312 330 ,

175 393 251 478 Quid
271 395 326 459 iam
343 394 419 458 aliud
436 393 574 480 deinceps
589 396 730 480 eloquar?
757 406 807 460 aut
823 396 968 480 qraomudo
986 415 1144 462 coenosam
1167 398 1241 460 laauc
1253 411 1395 479 cspxttt.

101 497 319 582 disputationem
335 494 489 559 abiiciami
518 517 582 558 cum
601 507 631 560 et
648 497 734 560 velim
752 508 783 560 et
801 497 890 560 nolim
905 519 964 562 una
980 497 1097 576 dicere,
1122 519 1156 563 ac
1173 521 1243 584 qua-

97 599 155 662 dam
171 597 288 662 dicendi
305 597 483 662 necessitate
498 598 704 680 constringar,
726 617 763 662 ne
785 599 852 682 quid
870 619 971 662 eorum
989 619 1063 684 quae
1080 600 1180 664 insunt
1197 621 1244 664 re-

98 719 160 764 rera
183 699 384 764 dissimulasse
402 697 522 778 videar,
547 710 577 762 et
600 699 669 762 illud
696 719 802 764 verear
818 711 933 780 tamen,
966 701 1138 765 ceillerum
1162 703 1243 766 dete-

96 803 201 865 standis
221 800 339 884 flagitiis
360 799 511 885 patefactis
530 819 702 884 quemquam
723 813 772 864 aut
790 801 916 864 inficiam
933 811 982 864 aut
1000 801 1189 882 extimulcm,
1213 815 1245 867 et

97 905 127 965 ad
142 903 189 966 illa
208 903 355 966 curiosius
372 901 534 984 indaganda
552 904 633 966 laces
650 901 686 966 iis
702 901 852 965 subiiciam
870 903 918 986 qui
937 903 1117 986 uoluptatum
1141 926 1175 968 ao
1192 925 1243 969 cu-

98 1005 240 1087 piditatum
259 1003 405 1067 illecebris
424 1002 617 1066 abducuntur.
665 1000 725 1067 Sed
744 1002 930 1066 nibilominus
952 1003 988 1065 ala
1007 1005 1150 1068 eiusmodi
1174 1007 1243 1070 dae-

97 1107 183 1168 monis
199 1115 264 1168 satu
282 1115 313 1170 at
327 1103 513 1189 improbitate
528 1115 585 1166 tam
599 1123 656 1187 ego
672 1125 757 1188 quarn
774 1115 894 1168 sanetae
911 1117 997 1190 atque
1015 1104 1175 1170 catholicae
1193 1127 1241 1170 ec-

96 1207 196 1270 elesiae
219 1227 288 1289 spes
312 1206 425 1283 omnis,
450 1225 484 1269 ac
503 1205 633 1289 quisquis
656 1205 686 1270 iu
706 1207 760 1270 buc
783 1217 914 1270 nostrum
933 1227 1005 1291 opus
1021 1207 1173 1285 inciderit,
1196 1209 1241 1270 in-

97 1318 172 1391 teger
184 1308 401 1391 inviolatusque
419 1317 567 1370 serretur.
603 1304 690 1388 Quod
707 1309 732 1371 si
750 1319 867 1372 caetera
886 1327 963 1391 quae
979 1307 1015 1372 ab
1033 1306 1090 1372 illis
1106 1306 1242 1371 dicuntur

97 1421 137 1472 aut
152 1409 224 1472 tiuut
240 1420 348 1492 quanta
366 1419 454 1485 suut,
479 1418 566 1491 atque
582 1409 724 1472 eiusmodi
745 1409 840 1494 qualia
859 1410 917 1472 iam
935 1409 1237 1488 commemoravimus,

18 1503 19 1534 ³
96 1522 139 1573 aut
154 1511 191 1575 iis
212 1511 301 1574 etiam
325 1509 435 1574 maiora
450 1511 499 1574 rel
517 1509 631 1574 minora
655 1509 807 1594 complecti
832 1510 971 1589 voluero,
999 1523 1030 1573 st
1051 1510 1085 1574 ad
1109 1509 1239 1594 singulas

18 1671 19 1690 ,
96 1633 179 1675 rocca
198 1611 316 1676 salubre
342 1612 482 1695 quoddam
501 1611 742 1676 medicamentum
761 1611 840 1674 velut
862 1612 1023 1696 depellendi
1046 1613 1113 1676 mali
1136 1633 1240 1675 caussa

18 1693 19 1710 ¹
96 1725 287 1798 comparatum
310 1715 470 1776 remedium
493 1711 670 1790 adhibuero,
701 1713 731 1776 in
754 1713 924 1776 immensam
948 1713 1052 1776 molem
1073 1724 1240 1798 susceptum

96 1834 162 1898 opus
184 1823 338 1878 excurret.
383 1811 460 1878 Nam
481 1823 510 1878 et
528 1835 598 1894 nos,
623 1813 785 1892 carissimi,
809 1815 838 1876 in
860 1813 938 1878 illam
961 1813 1094 1878 haeresin
1114 1815 1240 1878 incurri-

95 1937 164 1995 mus,
188 1927 219 1979 et
234 1937 274 1978 ex
288 1915 416 2000 ipsomet
427 1935 540 1992 eorum,
565 1917 612 2000 qui
630 1915 705 1980 hauc
720 1915 834 2002 proprie
851 1925 881 1978 et
896 1936 934 1978 ex
950 1915 1083 1979 instituto
1099 1927 1237 1996 tractant,

95 2037 141 2080 ore
159 2038 195 2082 ac
212 2017 384 2100 magisterio
404 2015 567 2081 didicimus.
612 2019 659 2082 Ad
685 2018 712 2080 id
739 2039 810 2082 reru
833 2026 1020 2102 comparatae
1043 2017 1239 2102 deceptosque

94 2119 225 2182 mulieres
241 2139 299 2182 uou
320 2119 415 2182 solum
433 2117 596 2182 istiusmodi
614 2119 699 2182 nobie
716 2137 868 2182 sermones
886 2119 1066 2198 iniecerunt,
1091 2119 1143 2181 sed
1159 2119 1239 2183 iusu-

93 2239 140 2302 per
154 2220 323 2306 Acgyptiae
339 2219 418 2284 illius
441 2219 571 2303 perditae
594 2241 629 2284 ac
650 2221 847 2304 nequissimae
870 2219 1001 2283 mulieris
1022 2220 1132 2300 instar,
1165 2241 1238 2304 quae
1252 2235 1354 2279 uenas

91 2339 246 2405 eoquorum
267 2320 406 2406 principis
421 2341 501 2385 uxor
519 2332 602 2399 erat,
626 2322 766 2406 petulanti
783 2341 838 2384 nos
859 2332 965 2384 conatu
989 2321 1143 2384 detrahere
1166 2332 1237 2400 tum,

94 2443 155 2486 cum
170 2423 288 2486 florenti
306 2423 400 2486 adbuc
422 2432 517 2486 aetate
533 2443 684 2502 essemus,
709 2441 870 2506 aggressae
885 2433 964 2486 sunt.
1009 2419 1121 2486 Verum
1144 2421 1172 2486 is
1192 2423 1240 2506 qui

91 2525 275 2588 sanctissimo
288 2522 414 2608 losepbo
428 2533 488 2588 tum
501 2524 625 2603 adstitit,
645 2524 730 2588 nobis
746 2543 861 2608 quoque
876 2525 978 2602 adduit,
998 2535 1027 2586 et
1041 2523 1119 2588 bunc
1132 2525 1237 2610 ipsum,

92 2624 138 2706 qui
154 2627 233 2689 illum
253 2645 292 2688 co
306 2625 438 2711 periculo
455 2625 592 2690 liberarit
606 2627 808 2710 implorantes,
832 2625 901 2689 licet
915 2626 1024 2710 indigni
1040 2645 1075 2688 ec
1092 2637 1174 2689 tauto
1188 2627 1237 2689 be·

91 2727 193 2790 uedcio
210 2727 339 2812 impares
356 2747 506 2804 essemus,
530 2727 660 2790 eiusdem
676 2727 856 2812 benignitate
873 2747 907 2790 ae
924 2727 1124 2790 misericordia
1142 2727 1240 2812 perni-

91 2827 184 2893 ciosas
206 2829 322 2892 illarum
349 2848 453 2892 maurus
476 2829 650 2912 effugimus,
674 2847 710 2891 ac
730 2829 916 2892 sanctissimo
938 2828 994 2892 deo
1016 2827 1238 2912 gratulatorium

90 2948 206 2993 carnae
229 2930 407 3009 cecinimus,
431 2941 465 2994 ut
480 2930 508 2992 id
528 2949 669 3014 usurpare
693 2931 796 2993 meritc
817 2939 987 3015 posse'musc
1021 2933 1168 2991 Cantemus
1189 2933 1391 3001 du-saaerar.

90 3035 180 3107 mmcf
199 3035 328 3111 glorrbre
347 3036 419 3093 enain
437 3034 636 3112 magnificatam
652 3043 711 3094 eat:
734 3053 833 3113 equum
850 3043 882 3093 et
892 3051 1066 3094 mcencorcm
1090 3035 1190 3092 debuit
1209 3035 1239 3091 ia

90 3151 174 3194 aare.
221 3131 330 3216 Neque
346 3132 423 3196 euim
439 3133 574 3198 similiter
589 3143 621 3196 ut
639 3131 687 3197 ille
707 3133 871 3216 patriarcha
889 3135 918 3197 vi
936 3134 1058 3217 quadarn
1075 3132 1191 3196 virtutis
1206 3151 1241 3194 ac

92 3229 217 3306 iustitiae
236 3245 373 3314 noemae,
397 3236 448 3298 sed
469 3237 534 3298 luso
554 3235 591 3298 ud
613 3236 698 3298 deum
723 3234 834 3319 gemitu
851 3235 916 3298 eius
933 3255 1033 3299 sumus
1051 3232 1240 3298 miseratione

91 3335 211 3398 senati.
258 3331 334 3398 Com
359 3336 445 3400 etiam
468 3335 538 3400 milri
564 3346 662 3421 pestes
682 3335 750 3399 illae
766 3357 818 3422 per
835 3336 988 3402 ludibrium
1010 3335 1237 3421 exprobrarent,

89 3452 125 3495 ac
143 3455 241 3502 aecum
258 3437 383 3501 invicem
398 3437 554 3502 illudentes
572 3437 612 3500 ita
629 3437 837 3521 loquerentura
862 3435 949 3502 lluuo
965 3438 1100 3502 iuvenem
1118 3457 1239 3500 seruare

90 3555 148 3598 nou
165 3538 324 3622 potuimus,
347 3539 399 3602 sed
417 3539 446 3602 iu
463 3539 596 3602 manibus
609 3536 755 3625 Principis
770 3541 866 3624 perire
886 3539 1020 3603 sivimus.
1064 3537 1142 3602 Nam
1166 3557 1240 3622 quae

90 3637 181 3702 torma
194 3640 275 3704 iuter
291 3639 357 3702 illas
377 3640 545 3704 liberaliore
562 3652 625 3718 est,
649 3643 836 3726 senrctipsam
852 3641 935 3704 velut
949 3659 1046 3703 escam
1065 3653 1153 3724 atque
1178 3640 1241 3704 ille-

90 3739 205 3803 cebram
225 3740 346 3820 obiicit,
371 3751 402 3804 ut
419 3763 493 3824 quos
513 3743 542 3804 iu
559 3743 688 3805 lraudem
709 3743 771 3826 ipsa
791 3741 963 3826 pellexerit,
987 3761 1046 3804 nun
1069 3761 1121 3804 eos
1144 3740 1240 3824 prulli-

88 3859 162 3921 gare
183 3861 217 3905 ae
241 3844 383 3927 perdere,
407 3842 459 3906 sed
479 3843 593 3929 cripere
610 3843 733 3906 dicatur.
779 3841 865 3908 Unde
880 3853 910 3906 et
926 3841 1103 3905 deformibus
1122 3841 1240 3925 elegan-

89 3939 183 4004 tiores
196 3942 353 4006 identidem
369 3943 550 4027 exprobrare
563 3945 676 4008 solcut:
701 3942 767 4028 Ego
781 3965 857 4024 sum,
876 3942 1020 4027 inquiunt,
1037 3963 1091 4006 vas
1103 3942 1238 4020 electum,

90 4061 167 4125 puae
181 4063 284 4108 erroro
302 4043 520 4108 circumventus
538 4045 696 4110 extrahere
713 4066 848 4130 possum,
873 4046 949 4130 quod
970 4055 999 4107 tu
1021 4047 1117 4109 lacere
1140 4044 1241 4128 nequi-

88 4143 173 4206 visti.
216 4143 257 4208 lit
272 4155 357 4208 eraut
372 4167 445 4211 sane
460 4167 535 4230 quae
551 4157 610 4210 tum
628 4147 673 4210 his
688 4145 845 4212 verborum
860 4147 1063 4211 blandimentis
1080 4166 1114 4208 ac
1131 4145 1241 4209 lenoci-

88 4245 148 4308 niis
164 4245 318 4312 utebantur
333 4248 466 4334 corporis
487 4270 543 4332 quc
559 4249 594 4312 ad
614 4249 791 4332 peccandum
811 4249 1005 4312 abutebantur
1020 4258 1144 4312 venusta
1163 4244 1242 4310 curia-

90 4347 196 4430 primis
213 4347 330 4432 specie,
355 4349 406 4413 sed
431 4350 529 4412 animo
547 4371 632 4433 qnam
656 4350 886 4413 consceleratum
909 4349 1052 4434 gerebant
1073 4348 1151 4414 omni
1173 4349 1242 4412 dae-

89 4447 189 4511 monis
210 4451 386 4536 turpitudine
402 4451 592 4518 delormatae.
638 4449 699 4518 Sed
719 4451 888 4517 misericors
905 4453 975 4516 deus
996 4451 1031 4516 ab
1053 4451 1166 4516 illarum
1190 4451 1243 4516 im·
