2994 5024
357 375 489 427 rinnau
506 375 569 426 ura.
581 376 600 425 ι.
617 375 697 427 nour.
708 375 752 425 ιιι.
771 375 869 426 naun.
881 375 963 426 ιιιιι.
1170 367 1231 431 627

84 520 121 563 ae
136 484 234 585 seipso
249 497 336 582 longe
352 494 605 581 praestantiorem,
625 492 837 578 Dominamque
853 515 948 575 sunm,
967 507 998 560 ut
1012 496 1118 576 diuitis,
1135 495 1231 562 lesum

83 601 214 679 scilieet,
248 599 424 662 tentaverit?
466 595 531 682 Ego
556 619 627 660 vero
649 597 694 660 dei
719 599 810 660 laetos
836 597 948 662 anxilio
971 599 1046 682 quod
1071 619 1088 662 e
1111 619 1143 664 re
1166 610 1234 663 nata

84 703 156 766 milri
173 702 203 766 in
221 703 346 765 animum
364 701 507 764 inciderat
523 700 558 764 ael
578 700 634 764 ista
650 699 771 764 subieci.
818 697 964 779 Creditis,
989 701 1122 784 iuquam,
1147 697 1233 766 clri-

83 817 164 870 stnm
179 825 245 869 esse
261 804 454 868 eruoifixnml
496 801 563 865 Nos
580 823 668 882 nero,
693 801 801 886 inquit,
826 803 989 881 oredimus,
1014 824 1068 867 neo
1082 805 1167 868 lateri
1182 805 1234 867 dn·

83 907 200 972 bitarit.
245 905 392 990 Aqnibus
408 926 479 990 ergo
494 906 655 968 erueilixns
672 907 736 968 estl
756 906 870 988 rogavi.
908 905 963 968 -Ao
982 904 1162 986 homiuibus,
1186 926 1234 970 re·

83 1009 214 1096 spondit.
261 1007 338 1072 'l'um
354 1029 427 1091 egos
451 1005 525 1090 Quis
540 1006 689 1071 amborum
707 1009 852 1091 potentior
867 1019 929 1085 est,
955 1008 1057 1087 homo,
1081 1029 1117 1071 on
1135 1009 1234 1072 diabo-

84 1113 155 1177 lus?
198 1109 357 1187 Diabolus,
387 1110 479 1194 inquit
500 1109 567 1187 ille,
599 1109 685 1192 longe
708 1121 833 1195 praestat
854 1109 1029 1174 horninibus.
1075 1109 1140 1195 Ego
1162 1131 1234 1174 vero

84 1216 125 1278 ad
143 1215 214 1276 leaeo
229 1213 286 1277 ista
305 1212 431 1276 subieci:
458 1209 491 1274 Si
506 1212 542 1275 ab
561 1211 742 1290 hominibus,
766 1213 813 1296 qui
830 1213 917 1296 longe
932 1211 1137 1277 imbeoilliores
1154 1224 1233 1292 snut,

85 1315 250 1381 crucifixus
269 1326 314 1380 εει
330 1311 483 1392 Christus,
514 1315 578 1398 quid
596 1315 699 1378 mirum
719 1325 765 1378 εει
780 1315 903 1379 eundem
922 1335 938 1378 a
955 1316 1070 1378 diabolo
1089 1335 1155 1380 esse
1173 1326 1235 1378 teu-

86 1421 201 1483 tatuml
243 1417 288 1481 Aa
305 1417 377 1480 haee
392 1416 469 1480 enim
485 1415 581 1479 omnia
595 1437 665 1480 vere
681 1439 715 1480 ae
731 1428 831 1481 nostra
845 1438 948 1481 caussa
964 1418 1124 1497 toleranda,
1148 1419 1236 1482 adeo·

87 1543 147 1606 que
162 1519 239 1584 illum
256 1542 320 1584 cum
336 1518 451 1583 diabolo
467 1539 656 1602 congressum
674 1539 732 1583 nou
749 1531 866 1583 coaetus
883 1541 899 1582 a
915 1521 1066 1605 quopiam,
1089 1521 1141 1586 sed
1159 1521 1235 1584 ultro

87 1645 123 1688 se
143 1618 278 1687 Christos
296 1621 418 1699 obiecit,
451 1621 524 1706 quod
544 1622 658 1705 quidem
676 1643 734 1685 nou
752 1622 808 1686 nlla
824 1623 888 1686 eius
900 1623 1098 1687 imbecillitate
1116 1625 1234 1702 lantum,

88 1727 143 1818 sed
159 1725 309 1809 voluntate
324 1734 507 1808 susceptum,
538 1745 591 1787 sno
609 1734 640 1786 ιιι
656 1745 709 1787 rros
727 1725 861 1809 exenrplo
878 1725 1137 1804 noudooelaeeret,
1171 1747 1236 1788 oru-

89 1829 191 1914 oisque
207 1826 347 1913 supplieio
361 1825 482 1888 salutem
499 1825 583 1888 nobis
598 1825 732 1905 afferret,
757 1827 909 1890 damnaret
923 1840 1089 1912 pennatum,
1113 1839 1235 1892 mortem

89 1932 216 2016 denique
237 1929 415 2014 profligaret.

176 2029 277 2096 Solrol.
298 2027 385 2094 Lxl.
417 2034 457 2091 Ει
475 2034 550 2092 droit
571 2035 653 2092 Petro
676 2041 706 2093 ει
723 2034 855 2112 relt'pair,
890 2035 997 2094 Eanter
1013 2046 1184 2114 proepnrole
1205 2046 1375 2112 ethaam&

89 2139 286 2200 manducemur
305 2135 423 2195 Posala.

176 2236 278 2301 Relut.
294 2232 382 2298 th.
416 2232 567 2318 lugentem
584 2243 685 2298 eontra
706 2245 734 2296 ιε
752 2234 875 2299 telorum
892 2236 996 2299 nubem
1014 2237 1100 2302 unius
1119 2237 1238 2304 huiusne

91 2339 253 2404 testimonii
269 2337 427 2402 auotoritas
442 2337 589 2416 eontinet,
621 2333 748 2400 Mareia.
794 2333 868 2402 Com
894 2338 970 2401 enim
990 2341 1159 2423 praeparari
1181 2341 1237 2404 sibi

91 2441 206 2507 Pascha
228 2440 343 2518 iubeat,
375 2438 461 2523 iique
483 2449 637 2522 antequam
656 2435 792 2504 Christus
811 2451 960 2524 pateretur
982 2451 1028 2504 εει
1046 2440 1236 2522 celebratum,

91 2545 226 2630 prolecto
243 2542 308 2627 lege
325 2542 401 2605 istud
418 2542 509 2627 ipsum
528 2540 737 2626 praescriptum
756 2542 862 2604 luerat.
908 2539 1008 2624 Quare
1025 2563 1090 2606 nuru
1108 2564 1147 2608 ex
1164 2546 1239 2629 legis

90 2647 230 2712 mandale
249 2640 384 2710 Christus
405 2642 483 2707 vitae
502 2663 573 2706 auae
591 2643 956 2729 rationem'eornponeret,
988 2647 1173 2710 manifestum
1196 2657 1241 2710 εει

91 2771 154 2813 nou
170 2748 249 2812 illum
267 2746 425 2810 solvendae
440 2745 530 2830 legis,
560 2745 611 2810 sed
626 2744 788 2830 implendae
805 2747 900 2830 gratia
916 2748 1045 2812 venisse.
1090 2745 1151 2812 lam
1169 2770 1240 2833 qun·

91 2851 152 2916 ties
168 2851 262 2935 legem
275 2847 410 2933 princeps
424 2868 482 2912 nou
498 2847 636 2932 abrogat,
660 2849 875 2913 constitutionis
890 2849 1007 2933 quaein
1023 2849 1089 2934 lege
1105 2861 1152 2914 est
1165 2851 1241 2914 inte·

90 2975 148 3040 gra
164 2963 261 3018 manet
277 2952 406 3031 sanatio,
437 2971 491 3014 neo
507 2949 602 3014 edioto
620 2961 787 3016 revocatur.
833 2949 977 3034 Quamdiu
992 2973 1064 3017 vero
1081 2953 1156 3037 legis
1173 2974 1241 3017 sau·

91 3055 154 3120 etio
177 3063 364 3141 perseverat,
395 3064 496 3138 estque
519 3053 602 3118 lirma
621 3052 806 3133 constitutio,
836 3053 943 3138 siquid
965 3056 1000 3118 ad
1024 3076 1088 3118 eam
1105 3055 1241 3140 priueeps

91 3157 259 3223 cumulandi
277 3157 344 3220 doni
362 3153 457 3240 gratia
475 3156 546 3220 velit
561 3155 706 3234 adiicere,
740 3154 775 3220 ab
791 3153 920 3220 eiusdem
936 3167 1080 3242 potestate
1096 3157 1241 3222 aooessio·

92 3261 142 3326 nis
156 3260 232 3324 illius
249 3258 413 3343 benignitas
427 3257 613 3341 hilaritasque
631 3258 769 3322 dimanat.
807 3255 866 3322 Sed
882 3280 946 3322 oum
960 3260 996 3327 ab
1009 3281 1068 3323 nno
1081 3261 1241 3345 eodemque

92 3363 171 3447 legis
194 3361 242 3424 illa
262 3361 332 3426 latio
355 3360 544 3445 accessioque
567 3359 780 3425 beneficentiae
802 3363 929 3444 prolaeta
953 3363 1007 3440 sit,
1041 3362 1123 3426 lanile
1147 3361 1242 3446 quiris

93 3463 231 3547 iutelligit
245 3484 303 3527 nou
319 3485 384 3528 eum
400 3461 551 3526 adversari
567 3462 624 3546 legi
640 3463 687 3547 qui
702 3465 737 3528 ad
752 3484 816 3528 eam
831 3463 937 3547 aliquid
953 3463 1144 3528 adiiciendum
1161 3473 1243 3550 puta·

93 3567 147 3632 rit.
194 3563 389 3648 Quamobrem
410 3566 642 3650 demonstratum*
659 3566 727 3630 illud
752 3577 815 3646 est,
846 3565 915 3629 nihil
934 3578 1019 3630 nelos
1039 3577 1243 3633 testamentum

92 3691 131 3734 aa
151 3669 355 3754 prophetarum
371 3666 477 3732 seriem
496 3689 560 3731 ounr
577 3668 730 3752 evaugelio
747 3689 887 3753 pugnare.
934 3667 983 3732 Τιι
1002 3689 1092 3749 νειο,
1115 3667 1242 3748 Μειείο,

93 3770 250 3856 multiplex
266 3781 368 3834 eontra
384 3781 411 3834 te
427 3780 627 3854 argumentum
643 3770 779 3848 attulisti,
804 3772 878 3855 qnod
894 3779 925 3834 ut
941 3772 1054 3835 laceres
1072 3771 1135 3858 ipsa
1149 3782 1178 3836 te
1193 3793 1244 3835 re·

93 3875 171 3940 ritas
187 3872 234 3936 vel
249 3872 371 3938 invitum
388 3873 496 3958 nolr'git.
543 3870 636 3938 Vetas
654 3873 730 3936 euim
747 3871 947 3938 Pasnlaaoihil
966 3873 1244 3958 praeteragnima·
1373 3913 1379 3926 ·

94 3973 274 4054 stationem,
303 3995 442 4060 eoumque
459 3976 604 4054 earnium,
633 3985 663 4038 ει
678 3975 886 4054 animatorum,
917 3997 971 4038 neo
987 3996 1045 4038 uon
1062 3976 1244 4060 Azymorum

93 4079 211 4145 habuit.
256 4073 332 4159 Quid
350 4088 380 4141 te
395 4077 485 4160 igitur
499 4077 627 4163 impulit,
658 4077 964 4157 utuelooumillum,
995 4077 1245 4162 quiarltuirelu-

95 4183 240 4246 tationem
257 4189 408 4266 tantopere
421 4178 564 4264 pertinet,
589 4177 713 4242 auderes
729 4181 867 4259 eradere,
891 4181 947 4244 nisi
963 4181 1025 4261 vis,
1049 4181 1090 4244 uti
1104 4179 1243 4259 diximus,

131 4401 176 4458 43.
199 4399 385 4462 ειῖειιύοιιιωτος
409 4405 492 4465 rertpo'
514 4415 544 4452 ea
566 4405 658 4454 Patavii
690 4399 805 4453 demnata
820 4411 857 4452 εει
871 4401 932 4469 legis
946 4400 1099 4454 constitutio.
1129 4403 1246 4465 cleliam

94 4473 258 4528 monetam
278 4485 323 4534 pro
346 4463 392 4524 oria
415 4465 569 4530 alieniores,
595 4472 658 4533 quod
689 4473 782 4521 Petenti
797 4475 921 4522 Antnrortv.
938 4475 970 4522 od
984 4475 1006 4522 n.
1022 4475 1037 4521 ι.

94 4545 170 4605 aulon
188 4545 258 4591 estut.
289 4541 318 4590 ln
334 4539 385 4590 cort.
400 4541 499 4601 litedlp.
519 4541 603 4602 lrpttar
627 4531 656 4588 ori
723 4535 1053 4608 lineamentorum.

95 4605 273 4667 xeYoolaroc.
298 4608 517 4658 mmeramme:
531 4621 656 4658 nonnon-

970 4690 1042 4760 40*
