3006 4990
323 343 455 396 rananu
472 343 534 394 ιιι.
543 345 563 396 ι.
579 343 661 398 rou.
679 345 710 396 ιι.
728 345 826 396 uass.
840 345 939 398 xxm.
1146 335 1203 398 tlt

66 483 113 547 qus
138 461 284 547 originem
310 461 436 546 aeoepit.
481 459 542 546 Qui
563 462 678 547 quidem
702 463 926 550 praestigium
951 463 1001 528 illo
1024 484 1080 528 suo
1104 467 1203 530 eondi-

65 563 187 650 sripnlo,
211 584 298 647 quem
319 560 456 650 insyria
473 563 643 649 reliquerat,
668 565 776 628 maiora
792 566 881 630 multo
903 565 1071 651 praedieare
1093 565 1201 652 eoepit,

64 677 91 730 ot
107 665 326 730 sublimioribus
349 687 434 749 quam
462 666 511 731 ille
538 665 697 732 tractandis
718 667 901 750 dogmatibus
928 667 1067 732 maiorem
1089 668 1203 734 auditu·

64 768 134 831 ribus
156 769 220 831 suis
242 768 339 832 lurum
361 769 490 846 lauerat,
513 767 674 851 iisdemque
693 767 853 852 impensius
868 766 1028 848 arrideret,
1052 789 1087 832 ao
1105 770 1203 855 plures

64 870 146 933 sodali
165 891 220 932 sno
236 865 388 933 Saturnilo
408 879 571 932 sectatores
595 869 757 953 colligeret.
802 866 905 952 ltaque
927 870 1066 936 fabulosis
1084 871 1203 955 quibus-

63 971 118 1033 dam
135 969 259 1035 adiectis
272 971 395 1035 somniis
416 970 492 1034 bone
507 970 537 1034 in
554 971 670 1034 modum
686 989 813 1036 exorsos
825 981 884 1034 est.
928 968 990 1036 Sed
1006 981 1037 1034 ut
1054 972 1130 1056 quod
1153 991 1201 1040 res

63 1083 101 1134 est
114 1073 225 1150 dinam,
249 1093 308 1135 non
323 1071 373 1135 ille
389 1091 443 1156 per
461 1091 529 1135 sese
547 1091 583 1134 ao
597 1081 702 1156 suopte
722 1071 842 1154 ingenio
858 1071 920 1135 dira
937 1072 986 1135 illa
1003 1093 1039 1137 ae
1061 1071 1202 1156 pestilera

63 1174 188 1256 dogmata
205 1174 314 1260 primus
329 1173 522 1256 exeog'tavit,
545 1172 597 1237 sed
613 1170 795 1238 aSaturnilo
812 1193 847 1238 ar
860 1169 982 1238 Simuos
995 1169 1098 1258 Mago,
1114 1181 1200 1258 qnam

63 1295 141 1360 supra
161 1275 372 1354 refutavimus,
396 1273 507 1338 erroris
525 1285 698 1359 argumenta
720 1284 867 1338 mutuatus
889 1287 951 1355 ast,
982 1295 1057 1360 quse
1075 1275 1131 1338 alia
1154 1295 1201 1342 ra-

63 1377 133 1439 tione
149 1387 278 1440 tractare
294 1386 324 1439 et
338 1377 451 1440 maiore
469 1397 533 1440 eum
551 1397 654 1461 pompa
671 1395 810 1440 enarrare
824 1376 959 1440 instituit.
992 1374 1078 1456 Erat,
1095 1375 1199 1459 inquit,

62 1476 216 1560 ingenitum
234 1499 322 1540 unum
339 1476 528 1562 prineipium,
552 1477 600 1561 qui
615 1477 696 1542 solus
720 1489 766 1541 est
788 1478 914 1540 omnium
932 1475 1069 1555 Pareus,
1092 1477 1129 1542 ub
1146 1477 1201 1542 boo

63 1590 209 1662 procreate
228 1576 337 1657 Mens,
361 1576 498 1642 ableuta
515 1575 663 1658 Verbum,
687 1579 724 1644 ab
745 1579 800 1642 lroo
820 1575 997 1657 Prudentia,
1020 1599 1037 1642 a
1060 1599 1115 1662 qna
1131 1576 1202 1644 vir-

60 1689 100 1744 tus
114 1692 143 1744 et
166 1677 317 1766 Sapientia
334 1680 452 1765 prodiit.
496 1679 546 1742 Ab
568 1690 690 1764 utraque
711 1701 799 1766 porra
814 1677 1011 1765 Priuoipatna,
1034 1677 1202 1748 Potestetet

61 1791 87 1844 et
107 1783 227 1867 Angeli.
274 1779 390 1845 Deinde
411 1779 547 1846 Virtutes
569 1781 736 1865 Angelique
760 1781 810 1845 isti
832 1783 955 1867 primum
979 1803 1014 1846 ao
1035 1801 1200 1867 supremum

60 1886 167 1948 eoelum
191 1882 286 1948 moliti
302 1884 435 1968 Angelos
456 1903 571 1948 rursum
597 1883 671 1946 alios
692 1893 899 1968 propagarunt.
943 1878 1002 1963 Qui
1025 1883 1131 1968 stipsi
1154 1903 1202 1948 se·

61 1989 177 2050 eundum
200 1985 315 2048 eoelum
338 1983 469 2048 febrienti
493 1995 580 2064 snnt,
611 1995 642 2048 et
665 1984 740 2049 alios
762 1983 884 2070 insuper
899 1981 1032 2067 Angelus
1055 1985 1201 2069 produxe·

58 2098 128 2151 runt.
176 2085 216 2152 lli
240 2085 357 2150 tertium
376 2085 513 2150 edissere
536 2084 666 2150 eoelnma
696 2095 783 2170 atque
806 2086 847 2150 ita
865 2084 1033 2170 singillatim
1056 2107 1113 2151 uuo
1136 2099 1201 2170 poet

59 2188 126 2253 eliud
151 2189 237 2253 eoelo
260 2187 437 2251 indentidem
461 2185 620 2251 constituto
642 2188 678 2251 ad
701 2183 875 2254 CCCLXV
898 2187 1066 2270 perficiunt,
1089 2207 1199 2270 quosa

58 2291 144 2372 primo
169 2309 364 2377 supremoque
387 2289 423 2352 ad
445 2288 474 2353 id
497 2290 574 2374 quod
595 2288 679 2354 uobis
701 2288 829 2356 eitimam
852 2299 898 2354 est
920 2299 1102 2354 enumerant.

134 2593 196 2660 Sed
217 2593 291 2658 bueo
312 2593 449 2677 figmenta
467 2593 583 2659 nonnisi
608 2592 780 2680 insipientes
802 2593 920 2658 allicere
941 2603 1079 2680 possunt,
1104 2605 1136 2658 ut
1155 2594 1202 2661 in·
1221 2606 1280 2678 cap.
1300 2613 1334 2662 tt.
1353 2576 1360 2593 ⁸

56 2698 131 2760 senis
153 2697 268 2762 illorum
286 2695 371 2779 nugis
390 2695 474 2760 idem
492 2695 723 2760 accommodent.
768 2691 923 2780 Sapientes
942 2715 1013 2760 varo
1032 2695 1145 2759 tonitam
1163 2697 1200 2762 ad

54 2799 260 2861 revincendum
283 2798 411 2882 ineptam
434 2798 519 2862 buius
536 2796 797 2877 remorationem,
821 2807 882 2862 tum
900 2795 1074 2860 seutentiam
1089 2795 1200 2864 iudiea-

55 2897 139 2976 bunt,
163 2897 291 2983 illudque
308 2900 386 2963 nullo
409 2899 528 2982 negotio
542 2901 698 2984 detegent,
721 2895 1198 2983 quantamquamqneimmeusana

53 3000 79 3063 in
96 3001 272 3086 pravitatem
290 3011 414 3064 mentem
431 3020 514 3064 suam
533 3011 619 3084 atqua
641 2999 768 3066 animum
781 2999 935 3084 ablegarit.
980 2996 1097 3066 Etenim
1119 3000 1199 3064 velut

55 3104 166 3184 poetico
180 3101 306 3186 quodam
325 3101 425 3165 lurore
442 3101 593 3186 perculsus
611 3101 718 3165 infelix
731 3099 903 3181 annuntio,
928 3099 1082 3186 uuiouique
1100 3101 1199 3166 ooalo·

54 3225 111 3267 rum
129 3203 256 3290 principi
280 3213 362 3266 eerta
378 3203 497 3266 nomina
511 3201 700 3287 praeseribit,
723 3201 827 3285 quibus
843 3223 860 3265 a
876 3222 910 3266 se
926 3203 1057 3267 oonliotis
1073 3201 1197 3266 nomini-

54 3303 101 3369 bns
116 3327 134 3369 a
150 3305 267 3370 levibus
283 3314 313 3368 at
326 3304 480 3368 imbecillis
494 3302 620 3389 ingeniis
635 3323 788 3368 assemsum
802 3301 959 3386 exprimat,
977 3324 1011 3368 ao
1028 3303 1127 3370 fraude
1141 3323 1195 3370 aaa

51 3407 265 3472 eires-sentos
288 3405 458 3470 inexilium
477 3407 591 3468 animae
609 3403 815 3486 interitumque
832 3403 991 3486 pertrabat.
1031 3401 1196 3470 Praeterea

52 3509 168 3592 magieis
185 3497 301 3572 artibus
323 3506 401 3570 idem
420 3507 562 3592 impostor
578 3525 613 3570 ao
629 3503 795 3590 praestigiis
818 3515 958 3590 perpetuo
976 3507 1030 3572 luit
1049 3505 1193 3572 addictus.

51 3605 104 3690 Qui
121 3611 157 3673 ab
167 3609 295 3694 Angelis
313 3607 412 3671 eitimo
428 3607 494 3672 huie
507 3607 592 3672 eoelo
610 3605 802 3692 proximoque
819 3605 902 3672 nobis
916 3606 1063 3672 attributis
1079 3604 1195 3672 noVir·

51 3719 106 3772 tute
136 3731 213 3796 quae
245 3707 312 3772 istis
344 3707 456 3772 residet
485 3720 583 3772 ereata
610 3708 790 3794 postmodum
820 3707 961 3775 inferiora
990 3719 1093 3773 oeuset
1121 3707 1195 3776 naar

50 3811 155 3875 omnia.
202 3809 316 3876 lloram
332 3831 371 3874 ex
389 3809 570 3895 Angelorum
586 3829 810 3876 numerosarum
828 3808 979 3876 constitnit
994 3811 1079 3876 deum
1094 3829 1192 3892 quem,

47 3923 77 3972 ut
95 3913 131 3976 ab
157 3913 226 3977 aliis
252 3911 428 3995 distinguat,
459 3908 575 3978 ludaeis
599 3911 741 3976 duntaxat
758 3911 926 3996 praeponit,
957 3921 1045 3996 atque
1066 3911 1191 3978 eundem

45 4012 135 4096 ipsum
154 4015 185 4077 in
210 4033 312 4077 eorum
329 4013 511 4096 Angelorum
526 4013 658 4078 ordinem
681 4016 773 4078 raiert
796 4012 901 4096 quibus
921 4011 1092 4077 bistrionioo
1108 4031 1190 4079 mors

46 4125 140 4179 sertas
158 4113 371 4202 appellationes
387 4112 500 4179 indidit.
536 4113 586 4179 Ab
601 4113 653 4178 illo
668 4133 740 4180 uero
756 4116 911 4180 formatum
930 4113 1075 4182 bominem
1090 4113 1189 4191 donst,

43 4335 85 4385 tole
98 4335 152 4386 eod.
173 4336 248 4384 Vatis.
265 4335 339 4398 Vulgo
357 4332 523 4399 nmoptbuair.
669 4333 693 4382 b.
711 4327 752 4384 ὑπ’
769 4325 848 4386 αὐτοῦ
857 4335 907 4383 eod.
917 4336 990 4388 Vallo.
1008 4330 1037 4395 ll
1050 4328 1128 4390 citeri
1136 4334 1193 4389 edi&

72 4401 95 4452 l.
113 4399 232 4458 τάττων.
257 4403 320 4465 Μ
341 4401 488 4452 aenaeum
509 4403 535 4449 tn
552 4401 603 4450 eod.
636 4401 689 4450 iibri
704 4403 725 4450 et
741 4401 792 4450 eod.
810 4401 907 4464 amata.
1103 4451 1105 4456 ,

42 4469 354 4534 stanpensem,
378 4469 607 4530 rerumrerum
670 4463 1192 4533 nmmsotmaannennmtpmes

41 4550 68 4587 tt
81 4541 133 4592 ssd.
150 4540 228 4588 me.
635 4537 662 4587 ln
674 4537 726 4588 nd.
743 4537 840 4598 ltttdtg.
856 4537 926 4588 Μ.
938 4539 1014 4597 μία.

923 4621 990 4686 10*
