3036 4998
381 317 1001 387 seuseuLrs.t.TOM.11.flnuu.xxx1.
1205 307 1266 372 367

113 441 269 521 amolienda
286 451 329 502 est
344 444 483 520 sapiendo
498 442 600 521 afidi's
613 444 683 502 aas.
731 437 820 504 Velnt
835 461 851 504 a
869 437 958 505 Paulo
974 461 1038 504 cum
1054 441 1187 526 scripsit,
1212 446 1266 502 Sa·
1281 453 1299 496 1.
1309 452 1358 496 cor.
1369 452 1418 509 ²2⁶·

107 547 245 624 pientiam
268 545 409 624 lopaainur
429 547 504 604 ubter
520 544 671 626 perfectos.
719 540 813 626 Quem
834 542 953 628 insuper
971 542 1173 627 coniugiorum
1192 565 1266 628 quae

113 645 192 709 intra
210 641 347 709 Pleroma
361 654 431 708 suut
446 644 621 708 mentionem
638 643 668 708 iu
685 664 742 708 uno
758 645 877 722 iecisse,
899 667 963 709 oum
977 647 1012 708 de
1029 645 1174 709 bominum
1191 645 1269 709 inter

115 767 148 812 se
172 747 357 833 copulatione
380 745 455 811 brrnc
478 747 507 810 iu
531 748 645 822 modum
667 747 801 832 scripsite
832 752 1042 810 Sacramentum
1064 751 1116 810 doc
1136 769 1265 828 inagnum
1280 757 1406 816 Eub-⁵³2

111 863 172 912 est.-
197 871 251 930 ego
273 871 339 912 auro
360 854 422 912 dr'eo
443 855 472 911 r'a
495 853 608 912 Cdrobto
628 862 657 912 et
675 854 803 914 ecclesia.

199 949 345 1027 loannem,
361 953 469 1016 domiui
492 951 661 1037 discipulum
681 953 824 1016 affirmant
842 953 962 1038 primam
982 947 1151 1037 Ogdoadem
1171 952 1263 1015 nomi·
1307 973 1365 1038 uoq».

108 1055 201 1120 natim
221 1055 449 1120 demonstrasse.
495 1051 546 1120 Sic
565 1055 642 1120 euim
663 1056 819 1140 disputant.
865 1052 991 1119 loannes
1009 1052 1117 1118 domiui
1139 1055 1263 1140 discipu·

111 1157 159 1222 lus
178 1158 305 1222 omnium
322 1177 419 1222 rerum
435 1155 578 1241 originem
594 1158 745 1244 explicare
761 1158 898 1244 cupiens,
922 1177 977 1242 qua
992 1177 1009 1220 a
1024 1153 1112 1220 Patre
1128 1157 1266 1220 universo

114 1269 271 1346 procreata
286 1271 366 1340 surrt,
386 1259 557 1346 principium
572 1260 673 1324 statuit
687 1282 705 1324 a
719 1261 773 1327 deo
788 1261 929 1345 genitum,
948 1279 1033 1344 quem
1048 1269 1078 1322 et
1093 1258 1180 1322 lilium
1195 1255 1267 1322 Uni·

112 1363 244 1446 genitum
261 1373 291 1426 et
306 1365 390 1426 deum
408 1363 545 1448 appellat,
570 1383 623 1449 por
639 1383 723 1447 quem
737 1363 834 1426 omnia
849 1360 939 1427 Potor
956 1362 1079 1446 quodam
1095 1359 1185 1424 veluti
1201 1369 1266 1422 satu

112 1463 297 1552 propagarit.
338 1464 386 1529 nb
403 1464 457 1529 boc
473 1465 641 1551 productum
658 1485 726 1530 csse
741 1458 871 1531 Verbum
886 1464 1010 1543 usserit3
1035 1483 1087 1549 per
1100 1460 1177 1526 istud
1193 1481 1266 1524 vero

110 1579 203 1632 totam
230 1572 366 1632 Aeonum
395 1579 545 1648 naturam,
578 1588 663 1651 quam
688 1570 780 1655 ipsum
803 1578 905 1654 postea
930 1564 1060 1630 Verbum
1083 1565 1263 1628 informavit.

111 1667 188 1734 Cum
206 1670 295 1755 igitur
311 1671 347 1734 dc
367 1671 458 1754 prima
474 1669 665 1754 generatione
684 1691 850 1734 sermonem
869 1669 1019 1747 instituat,
1050 1677 1130 1730 recte
1148 1687 1164 1730 a
1181 1664 1265 1730 Priu-

110 1773 206 1858 cipio,
231 1773 287 1836 boc
305 1783 350 1836 est
365 1770 431 1836 Deo
447 1769 607 1858 Verbaque
625 1772 747 1836 docendi
764 1772 877 1836 initium
898 1771 978 1840 fecit.
1025 1767 1068 1834 lta
1085 1789 1173 1854 porro
1191 1769 1263 1834 scri·

110 1875 171 1940 bite
203 1879 237 1938 Ia
251 1879 394 1956 pnbeo'prb
408 1887 474 1937 erut
489 1875 624 1951 Verbum,
656 1887 684 1936 et
703 1875 822 1938 Verbum
839 1885 904 1936 erat
918 1877 994 1956 apud
1009 1878 1113 1948 Deum,
1144 1883 1173 1933 et
1188 1875 1285 1934 Beusr
1289 1904 1353 1936 nnnnn
1365 1896 1383 1938 ι,

110 1989 178 2040 eras
196 1978 326 2040 Verbum.
373 1982 423 2040 Sr'o
442 1989 508 2040 erat
522 1983 551 2040 o'a
570 1981 712 2058 Iamcrpr'o
728 1981 804 2058 apud
821 1981 917 2038 Deam
964 1973 1121 2060 Postquam
1141 1973 1197 2037 tria
1216 1974 1264 2037 illa

110 2080 271 2160 discrevit,
295 2077 405 2158 Deum,
429 2077 607 2166 Principium
623 2089 653 2144 et
668 2077 815 2160 Verbum,
838 2095 941 2142 rursus
955 2079 985 2142 in
1000 2099 1088 2142 unum
1104 2076 1262 2154 connectit,

108 2194 142 2247 ut
165 2182 334 2267 utriusque,
364 2177 432 2246 Eilii
455 2181 592 2246 videlicet
614 2202 647 2246 ac
672 2179 781 2259 Verbi,
815 2181 1033 2267 productionem
1059 2169 1277 2262 amborumque

110 2305 177 2348 cum
194 2284 273 2348 inter
290 2304 342 2362 se,
366 2294 425 2348 tum
444 2305 509 2348 cunr
525 2281 614 2348 Patre
631 2282 865 2350 coniunctionem
882 2282 1020 2348 declaret.
1066 2278 1216 2366 Siquidem
1234 2279 1263 2344 io

106 2383 201 2451 Putre
214 2397 301 2472 atque
319 2407 359 2450 ex
373 2383 462 2450 Patre
476 2383 654 2473 Principium
668 2396 726 2466 est,
747 2386 776 2449 in
790 2384 939 2470 Principio
957 2405 1030 2450 vero
1047 2395 1076 2448 et
1093 2405 1134 2448 ex
1148 2381 1263 2447 Princi-

110 2489 160 2574 pio
176 2485 321 2553 Verbum.
366 2487 526 2554 Praeclare
540 2488 631 2570 igitur
647 2489 738 2568 dixit,
761 2492 795 2551 da
807 2493 948 2570 principib
962 2499 1026 2549 mat
1042 2489 1176 2561 Verbum,
1201 2497 1265 2549 erat

110 2590 191 2654 euim
207 2591 237 2655 io
251 2587 341 2670 Filio,
366 2601 408 2669 et,
433 2593 551 2654 Variam
565 2595 716 2672 matapad
728 2595 826 2666 Deion,
853 2591 1009 2654 eratenim
1027 2599 1058 2652 ct
1071 2585 1262 2674 Principium,

108 2689 151 2757 Et
167 2697 246 2756 Item
261 2706 325 2755 aas
342 2695 471 2756 Verbum.
518 2687 728 2758 Consentanea
747 2692 865 2758 omnino
883 2693 1002 2756 dictum.
1047 2689 1133 2775 Quod
1151 2691 1264 2753 enima

109 2791 178 2859 Deo
191 2796 323 2880 genitum
339 2805 396 2874 est,
418 2793 502 2860 Deus
520 2807 577 2860 est.
623 2792 686 2873 Sic,
709 2799 785 2858 Erat
796 2800 825 2858 ia
835 2800 977 2876 pnitet'pn'u
990 2798 1066 2875 apud
1079 2798 1178 2867 neam,
1197 2813 1263 2877 pro·

109 2897 259 2962 ductionis
274 2899 405 2962 ordinem
422 2898 559 2962 ostendit.
606 2901 704 2960 θηπία
716 2919 772 2979 per
786 2902 874 2978 ipsum
882 2900 967 2981 soom
982 2908 1064 2971 suat,
1088 2908 1117 2957 et
1129 2900 1190 2957 sabe
1203 2899 1262 2976 apso

98 3003 218 3082 saccom
231 3011 277 3062 eat
288 3003 370 3064 atton.
416 2998 535 3066 Etenim
550 2997 680 3064 Verbum
697 2998 841 3078 omnibus,
862 2999 910 3084 qui
926 3009 991 3086 post
1003 3020 1037 3063 se
1051 3008 1131 3074 sunt,
1151 2995 1263 3060 Aeoni-

107 3103 166 3166 bus
180 3102 398 3167 iutormotr'onis
414 3124 448 3167 ac
463 3101 682 3189 propagationis
699 3112 803 3166 auctor
818 3103 927 3166 extitit.
974 3099 1097 3178 Verum,
1122 3101 1202 3177 Quod
1209 3099 1263 3180 ptr·

107 3219 185 3268 esum
203 3217 261 3280 est,
287 3205 399 3290 iuquit,
423 3211 453 3268 in
469 3211 530 3287 r'pao
545 3210 602 3267 uita
621 3217 701 3280 erctp
725 3204 774 3268 ubi
790 3215 819 3270 et
837 3203 1002 3288 coniugium
1019 3201 1140 3266 indicat.
1183 3197 1261 3262 Nam

107 3306 211 3372 omnia
226 3308 385 3394 peripsum
403 3309 480 3373 lacta
498 3328 565 3372 esse
584 3308 664 3387 dicit,
689 3309 777 3372 vitam
794 3317 890 3370 autem
908 3304 1030 3390 inipso.
1075 3302 1158 3368 llaec
1173 3301 1263 3386 igitur

107 3431 185 3496 quae
201 3409 299 3475 inille
316 3411 391 3474 locta
407 3421 465 3488 est,
490 3408 606 3496 propius
624 3411 659 3474 ad
676 3411 755 3474 illurn
772 3408 802 3472 iu
820 3411 883 3495 ipso
900 3407 1027 3494 pertinet
1039 3427 1123 3491 qoam
1139 3427 1173 3470 ea
1189 3425 1263 3490 quae

106 3510 276 3600 peripsum
295 3513 371 3576 laete
390 3523 474 3577 sunto
516 3509 590 3578 Cum
607 3511 657 3576 illo
674 3513 777 3598 quippe
794 3521 946 3588 versatur,
969 3531 1004 3574 ac
1022 3531 1075 3595 por
1093 3509 1186 3594 ipsum
1203 3509 1262 3570 lru·

107 3627 176 3678 ctos
199 3613 316 3679 emittit.
362 3613 439 3678 Nam
462 3614 528 3700 quia
549 3615 646 3680 statim
664 3615 797 3694 subiicit,
831 3617 873 3676 Et
887 3618 944 3675 ua'tu
961 3615 1259 3684 marcennacum,

107 3737 146 3782 eo
162 3716 229 3803 ipso
247 3717 322 3802 qood
340 3715 496 3782 Hominem
512 3727 732 3798 commemorat,
757 3715 856 3780 eodem
872 3735 945 3781 voce
962 3725 992 3778 et
1005 3713 1169 3778 Ecclesiam
1183 3732 1263 3775 oom-

105 3821 263 3906 plectitur,
287 3829 320 3884 ot
334 3820 461 3905 coniugii
478 3818 649 3885 societatem
663 3819 820 3902 intelligas.
865 3815 944 3882 Nam
962 3838 1002 3881 en
1019 3815 1119 3880 Verbo
1134 3813 1262 3898 Vitaquo

105 3921 208 3988 Homo
231 3933 319 4006 atque
342 3919 480 3988 Ecclesia
500 3933 672 3988 nascuntur.
717 3918 856 3986 Ceterum
876 3921 970 3984 lucem
988 3919 1134 3983 bominum
1152 3917 1261 3982 idcirco

105 4025 200 4092 eitam
220 4021 399 4106 noruiuavit,
431 4026 507 4110 quod
525 4025 562 4089 ab
579 4044 614 4090 ca
631 4025 673 4090 illi
691 4022 852 4091 collustrati
873 4021 949 4102 sint,
981 4023 1056 4107 quod
1073 4021 1150 4084 idem
1166 4030 1213 4084 est
1228 4039 1262 4082 oc

138 4208 166 4266 4.
185 4210 211 4266 io
221 4210 251 4267 di
262 4213 297 4282 τῇ
310 4209 391 4283 'Appii
403 4227 463 4277 auce
475 4215 609 4266 exciderant
619 4227 670 4265 uer·
738 4212 763 4266 7.
780 4210 805 4265 ic
821 4213 1014 4277 praepositionem
1032 4209 1156 4261 dedendam
1176 4211 1263 4259 amauit

100 4285 142 4346 to,
159 4295 221 4345 cuce
236 4288 286 4332 tom
298 4283 352 4345 tpac
365 4285 476 4332 renuntio
488 4297 560 4346 quom
576 4285 671 4334 mla·
704 4283 795 4333 Btttr'uo.
1361 4289 1363 4294 '

100 4355 195 4414 terpm
210 4351 332 4412 meat,
348 4364 378 4400 ee
394 4351 444 4400 cort
462 4353 515 4402 Van.
532 4353 630 4415 προικί.
738 4351 762 4401 8.
778 4345 904 4416 νοήματος
921 4351 972 4400 cod.
989 4349 1043 4399 Vra.

136 4419 163 4469 5.
185 4409 262 4470 αὐτοῦ
276 4418 345 4468 codd.
356 4419 410 4470 Ven.
419 4420 516 4483 ltbeda'o.
530 4422 585 4483 fleg.
607 4422 671 4470 ecte
738 4416 762 4470 9.
780 4412 915 4484 ὀνομασίαν
931 4419 982 4467 cod.
999 4418 1054 4467 Veu

103 4487 164 4536 tter-i
183 4485 267 4536 babent
284 4482 383 4539 ἑαυτοῦ.
740 4485 779 4536 10.
795 4485 966 4552 πεφωνῆσθαι
984 4485 1036 4534 cod.
1056 4486 1110 4535 Vm.

140 4551 169 4624 6,.
188 4549 256 4622 ζωὴν
273 4569 322 4606 noa
338 4561 456 4618 manera
474 4559 497 4606 r'n
515 4557 565 4606 cod.
582 4556 636 4606 Vea.

1282 1040 1384 1091 XXlX.
1502 1061 1508 1076 ›·
