2984 4996
344 331 479 388 ruhault
493 333 556 388 ΗΒ.
570 333 590 388 l.
606 332 687 388 ΤΟΜ.
702 335 747 386 ill.
764 333 863 386 flata.
878 335 958 388 xtv.
1161 325 1222 390 707

73 458 156 524 Nam
180 457 273 524 albem
296 476 367 522 sane
392 457 479 522 vitem
500 455 644 541 serpentis
660 453 876 519 similitudinem
894 455 1078 540 exprimere,
1111 455 1251 540 nigram,

73 561 224 641 draconis,
244 560 345 624 acinos
359 579 446 644 porro
462 568 604 642 tamquam
619 556 725 621 veneni
739 566 834 640 guttas
849 577 884 620 ac
898 557 990 621 stillas
1006 577 1084 638 esse,
1106 568 1224 642 propter
1358 574 1361 584 ·

72 663 301 741 rotunditatem,
336 681 369 724 ac
385 661 564 743 singulorum
582 658 766 736 discrimina,
800 660 873 722 adeo
891 656 922 721 u't
938 660 1059 723 orbiculi
1078 659 1132 744 ipsi
1152 681 1170 723 a
1187 679 1220 724 sa

73 766 200 830 invicem
223 763 317 829 avulsi
338 763 521 846 separatique
543 771 711 826 cernantur.
758 759 945 846 indidemque
963 772 993 824 et
1010 759 1109 826 vinum
1129 761 1221 825 bomi-

72 890 144 932 num
162 865 331 953 perturbare
344 874 457 928 meotes
475 885 510 928 ao
526 865 628 950 partim
645 863 763 927 veneria
778 862 914 926 illecebra
929 865 1094 942 concitare,
1118 863 1220 948 partim

72 969 183 1034 luroris
208 967 318 1052 agitare
342 967 482 1046 stimulis,
518 967 621 1052 purtim
642 966 766 1050 denique
788 966 823 1028 ad
843 965 1019 1029 iracundiam
1041 985 1226 1049 provocares

74 1073 153 1158 quod
172 1092 207 1135 ca
224 1067 284 1133 uini
301 1070 349 1147 ri,
374 1069 427 1132 boc
445 1079 490 1132 est
509 1069 644 1132 draconis
662 1068 738 1132 illios
756 1087 889 1147 veneno,
921 1068 986 1131 leve
1002 1067 1053 1130 liat
1069 1068 1223 1131 efferatur-

74 1194 133 1260 que
148 1193 265 1258 corpus.
311 1169 405 1255 Quam
422 1171 458 1235 ob
474 1191 605 1236 caussam
622 1171 670 1256 qui
688 1170 762 1234 hane
778 1181 886 1234 sectam
905 1171 1075 1255 profitentur
1090 1168 1126 1232 ab
1144 1169 1221 1232 omni

60 1263 129 1341 xusn
154 1275 216 1340 vini
238 1272 352 1360 penitus
375 1272 532 1338 abstinent.

160 1376 314 1443 Mulierem
333 1386 486 1460 praeterea
504 1374 631 1440 Satanae
651 1395 723 1460 opus
740 1393 806 1439 este
826 1374 939 1454 dicunt,
971 1375 998 1438 id
1018 1372 1094 1458 quod
1116 1383 1146 1437 ct
1162 1372 1221 1437 Ar·
1240 1385 1298 1453 cap.
1317 1387 1349 1437 tt.

71 1480 219 1546 obcoticis
243 1477 367 1566 placuit3
398 1479 521 1562 ideoque
547 1478 653 1561 quise
678 1476 785 1562 nuptiis
809 1477 962 1562 copulant,
995 1475 1124 1541 Satanae
1149 1496 1221 1561 opus

71 1585 227 1672 perlicere.
273 1579 335 1645 lmo
353 1591 383 1645 et
396 1580 521 1644 bominis
536 1581 658 1644 alteram
676 1591 786 1665 partem
806 1581 870 1659 dei,
893 1580 1012 1643 alteram
1028 1577 1135 1643 diaboli
1154 1599 1220 1642 esse

71 1687 258 1752 confirmant.
301 1681 378 1747 Nam
398 1683 473 1769 qnod
491 1683 527 1746 ab
541 1681 677 1747 umbilico
697 1703 810 1746 sursum
827 1681 1002 1768 porrigitur,
1026 1681 1141 1746 divinae
1158 1700 1221 1746 mo·

70 1789 185 1853 litionis
204 1807 289 1864 esse,
321 1785 396 1870 qood
412 1785 488 1849 infra
503 1783 684 1862 umbilicum,
716 1785 823 1848 amala
837 1794 980 1869 potestate
998 1784 1142 1848 eonditum
1161 1795 1222 1848 sta·

70 1900 170 1956 tuum.
216 1885 262 1953 0b
284 1888 313 1951 id
331 1887 481 1972 inquiunt,
511 1887 692 1972 voluptatum
712 1885 891 1950 titillationes
910 1907 1011 1951 omnes
1033 1907 1068 1950 ac
1086 1886 1219 1951 libidines

71 1993 109 2056 ab
126 1989 263 2056 umbilico
280 2000 366 2075 atque
380 1988 569 2053 interioribus
587 1988 717 2073 partibus
735 1989 912 2054 excitantur.
958 1987 1037 2053 ldem
1056 1999 1086 2052 et
1100 1990 1219 2054 aliarum

69 2095 236 2159 haereseon
259 2094 362 2178 dogma
384 2093 448 2156 luit.

157 2195 207 2260 Ex
230 2217 287 2280 qno
311 2193 400 2280 liquet
425 2193 495 2259 nihil
521 2193 596 2257 hunc
620 2192 675 2257 uisi
699 2192 846 2278 planorum
870 2202 1032 2257 ceterorum
1055 2193 1218 2260 inhaesisse
1237 2209 1297 2278 cap.
1313 2211 1355 2262 ιιι.

69 2299 218 2383 vestigiis,
242 2299 290 2382 qui
307 2296 469 2384 perniciosa
486 2317 520 2359 ac
536 2293 652 2360 letifera
667 2315 781 2360 venena
794 2295 824 2358 in
841 2295 986 2358 bominum
1000 2315 1094 2380 genus
1110 2297 1220 2360 cllude·

68 2413 151 2468 root.
199 2396 257 2465 Sed
278 2399 356 2464 nullo
373 2401 458 2486 plane
476 2397 612 2482 negotio,
646 2419 700 2462 nec
719 2419 843 2483 operoso
862 2399 1013 2461 admodum
1032 2397 1132 2462 labore
1150 2419 1220 2462 con·

69 2502 224 2568 futabitur.
269 2497 385 2587 Corpus
402 2502 478 2566 enim
497 2501 665 2570 universum
682 2521 720 2564 ex
737 2501 772 2564 iis
791 2521 863 2586 quae
879 2521 895 2562 a
911 2501 966 2563 deo
983 2512 1063 2566 recte
1080 2499 1220 2564 lubricam

68 2617 158 2685 suut,
184 2605 238 2668 boc
257 2615 303 2669 est
320 2604 498 2668 naturalibus
512 2615 558 2668 est
573 2600 796 2690 appetitionibus
813 2602 984 2683 conflatum,
1009 2623 1080 2687 quas
1097 2623 1156 2665 nou
1170 2603 1219 2666 ab·

67 2709 191 2774 surdum
207 2706 330 2792 aliquem
347 2708 382 2770 ad
400 2727 495 2786 usum,
519 2707 570 2772 scd
588 2707 739 2770 honesturn
755 2725 790 2768 ae
804 2706 1001 2769 necessarium
1016 2706 1087 2770 deus
1099 2706 1218 2786 indidit3

67 2811 206 2875 nimirum
225 2819 255 2873 ut
274 2818 303 2872 et
317 2829 448 2873 somnum
466 2819 650 2895 appetamus,
675 2820 705 2872 et
722 2807 815 2872 aihum
831 2829 866 2871 ao
883 2818 998 2892 potum,
1031 2809 1167 2874 vestitum
1185 2831 1220 2873 co

67 2925 188 2976 ceteras
207 2911 452 2996 opportunitates,
476 2931 550 2995 quac
566 2911 679 2995 quidem
697 2913 751 2975 deo
769 2910 842 2975 baud
861 2911 992 2993 ingratae
1010 2910 1093 2974 oobis
1112 2931 1219 2974 usuve-

66 3017 172 3094 niuot;
195 3015 268 3077 adeo
282 3023 313 3075 ut
329 3013 376 3076 vel
392 3013 484 3098 ipsam
502 3033 519 3077 a
536 3014 649 3078 ratione
667 3014 782 3077 minime
800 3012 958 3077 abhorrere
974 3013 1092 3076 veneris
1109 3012 1219 3098 cupidi·

68 3128 161 3181 tatem
187 3116 384 3180 demonstrare
407 3115 504 3178 liceat.
550 3113 606 3179 Est
627 3117 703 3180 enim
725 3117 761 3178 ad
781 3116 931 3179 honestam
950 3115 1058 3179 sobolis
1076 3135 1218 3200 propaga·

67 3222 192 3295 tionem,
213 3228 242 3282 et
259 3217 294 3281 ad
314 3217 472 3282 conditoris
488 3218 615 3282 omnium
632 3219 720 3282 decus
736 3228 766 3282 et
782 3218 921 3282 honorem
941 3237 1093 3297 concessa,
1117 3239 1217 3302 qoem-

66 3321 223 3386 admodum
245 3318 356 3383 semina
376 3320 411 3382 ad
434 3339 534 3384 eorum
558 3321 698 3384 bonorum
720 3339 795 3404 quae
812 3321 884 3384 deus
902 3322 1029 3400 creavit,
1053 3321 1215 3406 germinum

66 3423 209 3487 videlieet
224 3441 257 3484 ac
273 3423 414 3485 iructnum
430 3423 591 3486 ubertatem
608 3445 640 3488 ac
657 3422 768 3505 copiam
782 3423 914 3488 instituta
930 3433 1009 3488 sunt.
1050 3420 1101 3488 sic
1117 3423 1218 3488 buma-

67 3547 108 3590 no
129 3524 232 3609 generi
248 3524 282 3587 ad
302 3524 370 3588 illud
389 3526 609 3610 praestandum:
643 3530 780 3602 Crescite,
812 3539 842 3590 et
855 3530 1092 3610 rauln'pb'cuma'm',
1126 3538 1154 3588 et
1171 3548 1360 3606 re-ose.t,ts

61 3633 145 3712 pieta
169 3639 289 3700 terrum,
314 3625 394 3690 insiti
416 3638 483 3691 suut
504 3627 545 3691 illi
567 3627 620 3712 ipsi
641 3627 796 3714 voluptatis
819 3630 923 3693 aculei.

155 3725 294 3794 Ceterum
320 3730 492 3816 apocryphis
517 3729 684 3815 quibusdam
709 3730 789 3794 libris
815 3733 854 3796 uti
877 3732 943 3796 illos
966 3731 1147 3816 accepimus,
1182 3753 1218 3796 ao
1236 3757 1295 3828 ⁰⁸1³·
1310 3759 1353 3813 qv,

64 3832 176 3919 partim
197 3831 283 3894 etiam
302 3831 480 3917 publicisne
496 3834 639 3919 receptis,
673 3833 832 3917 exquibus
855 3855 891 3898 ea
913 3835 975 3899 sola
993 3834 1122 3919 deligunt
1144 3856 1218 3920 quae

66 3957 124 4023 pro
147 3932 238 3998 animi
261 3933 307 3998 sui
328 3933 446 3999 libidine
465 3947 639 4000 commutata
661 3936 878 4021 adulterataqoe
901 3937 1071 4023 depravant.
1116 3935 1222 4001 Enim?

63 4059 144 4104 vero
162 4036 231 4100 vitis
249 4055 429 4122 nequaquam
447 4049 491 4101 est
509 4059 525 4102 e
543 4037 657 4102 diabolo
676 4038 806 4118 consita,
841 4061 934 4125 neque
953 4061 993 4104 ex
1007 4040 1153 4125 serpentis
1170 4061 1217 4104 se-

64 4143 149 4206 mine
174 4149 344 4225 procreata,
375 4140 416 4204 oti
440 4141 524 4204 laoile
546 4141 640 4226 quivis
659 4141 804 4226 intelligit.
850 4139 907 4225 Qui
931 4143 1007 4207 enim
1031 4143 1094 4207 lieri
1117 4155 1217 4228 posset

62 4243 165 4322 istud,
197 4263 260 4306 cum
278 4251 378 4326 aperte
395 4243 525 4307 salrator
545 4245 607 4328 ipse
623 4242 768 4308 conuaria
785 4245 881 4308 omnia
895 4255 1021 4310 testetur
1041 4247 1077 4310 iis
1094 4245 1212 4310 verbisc

63 4351 134 4410 Nora
155 4345 245 4406 ba'bom
267 4347 318 4406 doc
339 4349 373 4406 de
385 4350 525 4426 gertt'au'ne
544 4352 608 4408 ua'tr's
626 4351 724 4421 dhus,
757 4352 842 4409 donee
861 4350 951 4410 bibam
972 4329 1046 4410 allud
1060 4371 1159 4412 acuum
1180 4355 1210 4413 ia
1225 4375 1309 4488 qqqqq,

63 4510 149 4552 tatem
163 4507 189 4549 et
201 4499 421 4567 sequestrationem
433 4499 618 4570 uniuscuiusque
635 4503 707 4554 acini

102 4568 165 4618 Gar.
180 4569 270 4630 lllq-
288 4568 311 4620 l.
327 4566 471 4635 παμπόλλου
487 4571 538 4622 eod.
553 4573 624 4623 Velio
660 4573 748 4626 πολλοῦ
766 4575 818 4624 libri
834 4573 897 4624 eddi
976 4615 983 4622 .

940 4652 1013 4722 ts*
