2984 4996
256 257 317 320 702
674 265 978 322 ειειοτιεειειιεεειι

255 381 461 464 τελειωτότως,
484 383 585 468 ἐπειδὴ
598 383 653 471 γδρ
667 385 851 467 συνεκόθισε,
873 383 947 452 κατά
962 383 1014 452 τόν
1027 382 1219 452 ἀποστολικδν
1230 383 1338 471 λόγον,
1362 384 1410 451 δτι

257 485 275 552 ό
289 484 363 564 θεός
378 483 489 574 ἤγειρε,
517 489 568 553 ιιαλ
583 487 777 554 συνεκάθισεν
794 492 825 554 ἐν
840 497 903 566 τοῖς
918 491 1119 572 ἐπουρανίοις·
1149 485 1189 565 ἀς
1204 495 1409 575 μαρτυροῦσιν
1478 509 1481 569 η

257 592 289 654 οί
309 587 364 654 δύο
387 592 418 654 οί
435 592 467 655 ἐν
485 593 589 673 ἐσθῆτι
604 598 723 680 λαμπρᾷ
740 588 883 673 όφθίντες
900 588 1086 668 ἀποστόλοις,
1109 588 1152 667 οἱς
1166 592 1311 676 λίγοοσιν,
1335 588 1409 655 Ἀν-
1482 625 1483 632 1

192 773 195 782 .
257 696 324 778 δρες
340 699 495 772 Γαλιλαῖοι,
515 698 542 758 τί
558 691 695 776 ἐστήκατε
711 691 882 772 ἀτενίζοντες
898 697 940 770 είς
955 691 1007 758 τόν
1022 691 1166 778 οόρανόν,Ι
1191 685 1300 769 ὀὗτος
1316 690 1411 773 όἸη-

258 801 329 872 σοῦς
344 791 362 860 ό
378 791 430 876 ἀφ’
443 793 529 878 ύμοῖν
546 792 730 878 ἀναληφθεὶς
745 799 787 872 είς
803 795 855 862 τόν
871 794 1001 882 ούρανδν
1017 795 1111 873 οὕτως
1125 794 1269 862 ἐλεύσεται
1286 795 1323 862 δν
1339 793 1410 880 πρό·

257 921 314 962 πον
336 893 501 964 ἐθεάσασθε
523 896 614 964 αύτόν
634 897 919 982 ἀντιλαμβανόμενον.

187 1013 193 1062 ἱ
222 1004 238 1060 ’.
342 1001 402 1065 Καὶ
413 1003 464 1066 ἵνα
479 999 519 1083 μὴ
532 1000 620 1066 πόλιν
632 1005 713 1091 δοθῇ
724 1024 771 1067 σοι
782 1000 932 1087 πρόφασις
943 1004 1088 1087 πονηρίας
1098 999 1174 1065 τιατά
1186 1007 1241 1084 τῆς
1253 997 1410 1083 ἀληθείας,

146 1174 150 1183 ,
257 1101 328 1185 μετά
348 1101 454 1189 χρόνον
476 1102 570 1170 πολύν
591 1113 644 1187 τῆς
664 1109 717 1170 τοῦ
734 1111 866 1190 σωτῆρος
887 1100 972 1186 ἡμῶν
988 1102 1178 1185 ἀναλήψεως,
1210 1105 1371 1184 Σεέφαιος
1392 1097 1410 1165 ό

257 1204 340 1290 ἀγιος
361 1213 416 1272 τοῦ
435 1214 511 1272 θεοῦ
536 1203 672 1292 ιμάρτορ
689 1205 879 1290 λιθαζόμενος
900 1203 959 1272 ύπδ
981 1213 1041 1272 τῶν
1057 1202 1209 1272 Ἰουδαίων
1230 1204 1410 1292 ἀπεπρίεαιτν

134 1371 136 1376 .
256 1310 362 1394 λέγων,
381 1304 473 1388 Ἰδού,
495 1306 557 1395 δροῑ
571 1307 622 1374 τόν
636 1305 764 1394 ούρανόν
781 1307 979 1399 ἀνεῳγμένον,
1003 1310 1053 1374 καί
1069 1307 1121 1374 τόν
1136 1307 1204 1374 νίόν
1219 1317 1274 1375 τοῦ
1286 1305 1412 1393 ἀνθρεό·

257 1434 318 1476 που
337 1411 446 1476 ἐστότα
466 1414 499 1477 ίκ
516 1416 618 1489 δεξιόν
637 1419 690 1478 τού
708 1410 831 1496 πατρός·
859 1415 910 1476 ’ίνα
930 1414 1010 1500 δείξη
1032 1408 1103 1476 αύτό
1125 1410 1157 1476 τό
1180 1419 1268 1496 σῶμα
1289 1414 1321 1477 ἐν
1337 1408 1410 1492 ἀλη

256 1515 326 1602 θείη
341 1515 383 1588 είς
396 1512 594 1596 πνευματικόν
610 1513 762 1580 ἱάναετάν
777 1513 832 1580 σύν
845 1511 967 1596 θεότητι
981 1520 1036 1578 τοῦ
1054 1520 1248 1600 μονογενοῦς,
1276 1513 1347 1580 όλον
1366 1515 1413 1587 είς

258 1613 455 1700 πνευματικόν
477 1616 587 1682 ἐνιοθέν
608 1619 657 1682 ειαλ
680 1619 722 1694 είς
735 1614 864 1699 θεότητα
882 1617 1094 1700 συνηνωμένον.
1131 1614 1214 1682 ’Ἇνω
1232 1617 1266 1682 δέ
1284 1613 1357 1681 αύτδ
1373 1611 1411 1678 τό

258 1717 342 1804 ἀγεον
357 1726 441 1802 σῶμα
456 1718 510 1784 σύν
525 1725 561 1810 τῇ
574 1717 695 1802 θεότητι
710 1718 778 1795 όλος
794 1717 881 1798 θεός,
904 1717 946 1796 είς
961 1717 1027 1794 οίός
1042 1717 1060 1784 ό
1076 1718 1158 1805 ἅγιος
1172 1726 1226 1785 τοῦ
1240 1725 1332 1797 θεοῦ,
1353 1743 1409 1782 πα·

128 1900 129 1912 ρ
258 1819 416 1904 θεζόμενος
429 1824 461 1887 ἐν
475 1825 554 1910 δεξιᾷ
568 1829 622 1888 τού
635 1821 761 1907 πατρός,
784 1819 825 1899 οίς
840 1825 895 1906 ἐγει
909 1823 959 1888 καί
973 1819 1007 1886 τό
1023 1829 1076 1888 τοῦ
1092 1819 1225 1907 Μάρκου
1240 1818 1412 1906 εύαγγέλιον

137 1914 138 1920 ¹
258 1925 310 1990 καλ
324 1930 383 1990 τοῖν
399 1921 492 1990 ἀλλον
511 1922 730 2012 εόαγγελιστολν,
759 1927 820 1990 Καὶ
837 1922 966 2008 ἀνῆλθεν
982 1925 1024 1999 είς
1041 1922 1203 2011 ούρανοάς,
1236 1925 1288 1990 καί
1304 1925 1409 1989 hum

259 2048 308 2092 σιν
327 2028 358 2091 ίν
379 2029 458 2114 δεξιᾷ
480 2033 532 2092 τοῦ
553 2026 672 2114 πατρός.
716 2030 777 2093 Καί
794 2024 979 2111 πανταχόθεν
997 2029 1174 2094 διαπεσεῖταί
1195 2047 1253 2092 σου
1273 2028 1327 2092 καί
1347 2031 1410 2091 τεόν

258 2125 318 2194 ύπό
340 2136 397 2195 σοῦ
416 2131 646 2213 πεπλανημίνων
667 2127 685 2196 ό
706 2128 832 2216 ἀγύρτης
852 2129 944 2217 λόγος.

344 2233 406 2296 Καί
422 2233 489 2318 περλ
507 2239 619 2319 νεκρόν
637 2229 818 2308 ἀναστάσεως
835 2231 926 2299 ἀκουε
942 2241 996 2300 τοῦ
1013 2230 1179 2298 ἀποστόλου
1196 2233 1334 2316 λίγοντος
1350 2229 1408 2308 δτι,

260 2341 317 2398 Δεῖ
334 2331 367 2400 τό
389 2332 529 2420 φθαρτόν
548 2342 636 2402 τοῦτο
653 2333 832 2402 ἐνδύσασθαι
848 2333 1036 2422 ἀφθαρσίαν,
1064 2337 1116 2400 καί
1136 2332 1170 2399 τό
1187 2333 1301 2415 θνητόν
1318 2339 1408 2398 τοῦτο

173 2447 178 2456 “
260 2434 440 2504 ἐνδύσασθαι
452 2433 626 2503 ἀθανασίαν.
670 2441 713 2502 Et
724 2437 765 2520 μὴ
779 2436 833 2524 γάρ
846 2440 941 2521 ἐμελλε
954 2437 986 2504 τό
1002 2435 1114 2521 θνητόν
1127 2433 1313 2502 ἐνδύσασθαι
1330 2432 1408 2500 60«-

258 2542 376 2618 νασίαν,
404 2540 455 2604 καί
470 2537 503 2606 τό
518 2537 654 2627 φθαρτόν
671 2537 852 2606 ἐνδύσασθαι
867 2537 1058 2626 ἀφθαρσίαν,
1088 2536 1144 2605 ούτι
1161 2535 1198 2603 ἀν
1216 2535 1234 2602 δ
1251 2536 1410 2613 ἀθάνατος

140 2670 190 2716 ηις.
204 2658 247 2703 εει.
261 2651 367 2708 θανεῖν
383 2633 474 2725 ἦλθεν
487 2644 538 2707 ’ίνα
553 2645 585 2710 ἐν
600 2639 678 2732 αύτῷ
693 2640 781 2732 πάθη
789 2693 797 2721 ,
826 2645 877 2708 καί
890 2645 1047 2726 ιιοιμηθελς
1062 2639 1094 2708 τό
1109 2639 1263 2726 τριημερον
1279 2637 1410 2730 ἀναστῇ,

259 2746 309 2810 καί
322 2745 516 2834 σονανενέγκη
531 2747 563 2810 ἐν
584 2746 695 2834 ιἑαυτῷ
711 2751 746 2834 τῇ
764 2743 884 2828 θεότητι
898 2747 948 2810 καλ
966 2753 1001 2835 τῇ
1014 2742 1107 2810 αύτοῦ
1126 2743 1213 2832 δόξη,
1235 2746 1285 2808 ἵνα
1300 2745 1341 2809 ἐκ
1356 2749 1412 2826 τῆς

260 2843 352 2912 αύτοῦ
373 2842 491 2933 ἀγαθῆς
510 2843 586 2932 πρός
606 2844 685 2930 ἡμᾶς
700 2849 839 2930 ἐκδημίας
860 2845 912 2930 τὴν
929 2855 1026 2913 πᾶσαν
1043 2848 1146 2912 ἐλπίδα
1163 2843 1357 2930 κατάσγομεν
1378 2847 1409 2910 ἐν

259 2945 397 3038 ἀληθεία,
426 2945 604 3026 ἀποδεικνύς
618 2947 724 3016 ἑαυτόν
739 2948 834 3017 τύπον
850 2947 984 3034 ἡμῖνκαὶ
999 2947 1160 3036 ἀρραβῶνα
1174 2950 1216 3025 είς
1233 2950 1341 3014 ἐλπίδα
1356 2954 1410 3030 τῆς

259 3048 355 3136 πόσης
375 3055 451 3136 ζωῆς
470 3056 674 3139 πραγματείας.

129 3365 196 3433 Κεφ·
216 3361 246 3427 ζ’·
352 3361 470 3425 Τούτων
492 3359 525 3424 δλ
545 3358 640 3438 οὕτως
661 3359 785 3443 ἐχόντων
805 3361 855 3425 καί
872 3361 1039 3444 βηθέντων,
1070 3361 1113 3436 τίς
1127 3359 1170 3423 ἐτι
1183 3383 1232 3440 μοι
1245 3358 1325 3442 χρεία
1343 3357 1410 3420 ἐσκλ

261 3465 487 3548 κατατρίβεσθαι
507 3463 575 3547 περὶ
595 3461 700 3528 τούτου
722 3469 775 3527 τοῦ
794 3461 933 3548 ξαπύρου
952 3464 1080 3544 σφηαίον
1101 3463 1152 3526 καί
1174 3456 1292 3534 ούδενός
1310 3453 1410 3534 ὄντος

262 3561 429 3648 ἀνατροπῆς
448 3565 547 3643 ἕνεκα,
578 3561 706 3647 ἢάλλης
729 3563 808 3641 τινός
827 3569 1038 3651 πραγματείαςς
1073 3559 1139 3642 Ἀφ’
1160 3563 1266 3626 ἐαυτοῦ
1286 3557 1346 3644 γάρ
1371 3559 1407 3624 τό

262 3767 351 3851 μένον
372 3767 466 3853 δόγμα
487 3771 535 3833 καλ
559 3766 724 3855 ἀγυρτολδες
745 3772 894 3836 δέδειιιται.
940 3769 1019 3834 Φασὶ
1036 3765 1091 3854 γάρ
1110 3765 1143 3832 τό
1161 3763 1305 3852 όδννηρδν
1319 3785 1407 3848 σφη-

261 3875 343 3951 ιείον,
374 3869 540 3958 δίοίπνρόν
555 3897 629 3947 τινες
645 3857 834 3957 κεκλήέιασιν,
862 3875 935 3956 ίχειν
952 3871 1004 3954 μέν
1018 3871 1149 3956 κέντριον
1164 3867 1280 3951 ίοβόλον
1293 3867 1406 3952 βραχύ,
1475 3915 1480 3930 .

261 3959 456 4059 περιωδυνίαν
479 3972 589 4057 πολλὴν
612 3971 650 4040 ού
670 3977 863 4059 κεκτημένον,
894 3973 964 4040 ἀλλά
988 3972 1062 4039 κακά
1082 3970 1137 4055 τὴν
1161 3971 1253 4038 αάτοῦ
1274 3968 1408 4052 δύναμιν

263 4076 380 4158 ἰοβόλον
397 4072 440 4142 δν.
481 4073 573 4141 Ὦτόν
590 4079 622 4142 δί
639 4105 682 4155 τις
698 4077 880 4164 διερχόμενος
896 4074 948 4143 τόν
963 4073 1054 4142 αύτοῦ
1066 4071 1182 4156 φωλεόν
1198 4070 1331 4158 ἢααλιόν
1346 4099 1405 4138 αα-

260 4179 359 4258 θίλοε,
379 4217 422 4230 -
443 4179 475 4245 δν
492 4177 546 4265 γάρ
566 4185 577 4226 ¹
589 4178 717 4262 θόμνοις
731 4185 865 4264 βοτανοόν
879 4188 1005 4246 ποιεῖται
1021 4179 1072 4246 καλ
1086 4182 1192 4265 κηρίον
1206 4180 1289 4262 δίκην
1301 4175 1405 4265 λεπτῷ

279 4368 318 4454 ἱ3.
336 4372 409 4456 ἵετορ
423 4359 494 4430 οὗτος
514 4367 528 4424 δ
544 4364 646 4437 Ἰησοῦς
669 4367 683 4426 δ
704 4365 749 4440 ἀφ’
766 4367 837 4440 §nav
853 4367 1009 4456 ἀγαληφθελς
1020 4371 1087 4454 Ι(ταί.
1109 4373 1179 4422 ναίει.
1196 4363 1341 4452 ἀναλαφελς)
1361 4367 1402 4427 είς

260 4453 511 4560 τοὶργρορνργζηιιγγ
518 4442 786 4575 μειγγρρςδρὲίργτργργγρν,
801 4444 877 4494 οδλια
892 4457 922 4494 ια
937 4445 1072 4493 οιιοίοηλοίι
1086 4441 1137 4491 εοδ.
1151 4439 1262 4491 Velm
