3008 4996
274 319 337 382 268
697 330 817 382 οισοτι
837 329 1006 382 τεινιιιιιιι

274 471 322 521 τες
336 448 367 522 ἐξ
381 442 526 528 Ἐλλῆνων
541 447 572 511 δέ
588 443 679 512 αῦτόν
696 443 903 524 ῦποτίθενται,
925 443 1064 530 λαβόντες
1079 446 1135 530 τῆν
1149 445 1302 532 πρόφασιν
1317 449 1351 513 ἐκ
1367 455 1422 513 τοῦ

276 546 372 614 τόπον
391 544 440 612 διά
462 546 495 612 τό
517 547 680 630 φιλάληθες
702 544 753 613 ὑπ’
772 544 866 614 αῦτοῦ
887 549 997 630 ῥηθέν,
1020 547 1082 627 δτι,
1117 548 1248 634 Ταρσεάς
1265 552 1336 630 είμι,
1364 547 1422 614 οῦκ

277 647 395 732 α’σῆμου
414 646 527 724 πόλεως
544 655 672 732 πολίτης.
716 647 793 714 Είτα
808 647 975 728 φάσκουσιν
990 645 1081 716 αὐτόν
1099 647 1172 714 είναι
1181 649 1324 732 Ἕλληνα,
1349 652 1423 714 οκαί

273 747 440 833 Ἑλληνίδος
456 749 566 835 μητρός
587 753 636 816 καί
653 749 797 833 Ἕλληνος
810 748 923 835 πατρός
939 755 1071 830 7πιιιῑδα,
1093 749 1309 835 άναβεβηκέναι
1329 753 1362 816 δὲ
1383 753 1424 828 είς

274 848 481 935 Ἱεροσόλυμα,
501 855 554 918 καί
570 851 677 939 χρόνον
701 856 763 919 ἐκεῖ
776 853 982 934 μεμενηκέναι,
1011 855 1259 936 ἐπιτεθυμηκέναι
1280 853 1313 918 δὲ
1328 863 1424 939 θαγα-

276 953 345 1036 τέρα
362 960 414 1018 τοῦ
433 955 533 1037 ίερέως
551 952 627 1038 πρός
644 953 739 1039 γάμον
756 951 917 1039 άγαγέσθαι
926 1003 935 1031 ,
956 957 1007 1018 καί
1022 953 1131 1021 τοῦτον
1145 957 1231 1020 ἕνεκα
1244 953 1424 1038 προςῆλιιτον

277 1057 417 1138 γενέσθαι
432 1057 484 1120 καί
499 1063 728 1141 περιτμηθῆναι,
749 1052 810 1120 εἶτα
824 1053 865 1137 μῆ
880 1053 1007 1136 λαβόντα
1022 1053 1076 1138 τῆν
1089 1055 1183 1140 κόρην
1200 1053 1355 1140 οέργίσθαι,
1372 1058 1423 1122 καί

274 1153 351 1220 κατά
372 1157 516 1239 ἐπιτομῆς
535 1159 730 1242 γεγραφέναι,
750 1159 802 1222 καλ
822 1154 896 1222 κατά
917 1155 1068 1240 σαββάτου
1089 1158 1139 1222 καί
1160 1161 1350 1239 νομοθεσίας.

140 1258 208 1326 Κεφ·
223 1255 263 1322 ῑί·
358 1253 442 1322 Ἀλλά
463 1255 537 1322 κατά
563 1257 660 1323 πάντα
680 1257 794 1344 τρόπον
813 1267 995 1339 συκοφαντεῖ
1016 1255 1034 1323 ό
1058 1256 1154 1334 δεινός
1177 1257 1248 1338 ὄφις
1265 1250 1354 1334 οὗτος
1374 1260 1424 1323 καί

154 1387 206 1431 τις.
220 1377 265 1422 ιιι.
278 1355 392 1440 πτωχός
408 1364 444 1447 τῆ
463 1361 588 1447 διανοίᾳ.
630 1358 743 1442 Ἐβίων
760 1357 815 1446 γάρ
834 1363 889 1442 ἔχει
905 1357 964 1425 άπδ
981 1357 1146 1443 Ἐβραϊκῆς
1161 1361 1203 1435 είς
1213 1357 1345 1424 Ἐλλάδα
1360 1385 1422 1439 φω·

275 1456 332 1542 νῆν
356 1457 411 1541 τῆν
427 1461 582 1543 ἑρμηνείαν
601 1460 725 1544 πτωχός.
770 1459 895 1543 Πτωχός
911 1460 966 1546 γάρ
986 1457 1027 1537 τίς
1044 1458 1166 1543 άληθῶς
1186 1463 1237 1527 καλ
1250 1469 1287 1550 τῆ
1304 1465 1421 1547 διανοίη

273 1562 325 1626 καί
341 1567 378 1649 τῆ
395 1563 488 1627 ἐλπίδι
510 1563 562 1626 καί
584 1569 624 1649 τῷ
644 1564 736 1650 έργρο,
768 1561 897 1646 Χριστόν
914 1561 1080 1647 άνθριοπον
1099 1561 1191 1643 ψιλόν
1212 1566 1352 1644 νομίσας,
1372 1563 1423 1626 καί

275 1659 371 1736 οῦτως
383 1663 415 1728 ἐν
429 1668 556 1750 πτωχείᾳ
571 1668 695 1738 πίστεως
711 1660 766 1746 τῆν
783 1667 886 1730 ἐλπίδα
901 1665 969 1748 περὶ
985 1661 1078 1730 αῦτοῦ
1097 1665 1281 1746 κεκτημένος.
1327 1661 1422 1728 Αῦτολ

276 1763 309 1828 δὲ
324 1766 419 1846 δῆθεν
431 1762 637 1845 σεμνύνονται,
659 1763 783 1840 ίαοτοῦς
796 1764 959 1844 φάσκοντες
977 1763 1112 1848 πτωχοῦς
1127 1763 1176 1830 διά
1192 1763 1241 1843 τό,
1263 1768 1369 1844 φασίν,
1391 1767 1420 1830 ἐν

275 1862 396 1949 χρόνοις
409 1872 469 1929 τοῖν
484 1863 657 1931 άποστόλων
668 1874 775 1932 πωλεῖν
789 1865 824 1930 τά
838 1864 937 1932 αάτιῦν
954 1864 1135 1953 ὑπάρχοντα,
1152 1868 1203 1931 καί
1213 1867 1332 1932 τιθέναι
1341 1865 1421 1952 παρά

277 1963 347 2042 τοῦς
361 1965 458 2041 πόδας
480 1973 539 2031 τῦν
559 1963 743 2046 άποστόλων,
771 1969 821 2033 καί
841 1970 882 2042 είς
896 1973 1039 2050 πτωχείαν
1060 1971 1112 2033 καί
1134 1965 1295 2044 άτιοταξίαν
1311 1977 1420 2050 μετελη-

276 2068 409 2132 λοθέναι.
453 2070 515 2132 Καί
530 2067 580 2134 διά
597 2076 684 2133 τοῦτο
703 2077 856 2134 καλεῖσθαι
874 2066 933 2134 ῦπό
950 2067 1070 2136 πάντων
1087 2071 1161 2151 φασί
1179 2073 1299 2151 πτωχοί.
1347 2067 1422 2135 Οόδέ

277 2175 364 2234 τοῦτο
387 2169 420 2234 δί
443 2167 554 2251 άληθές
576 2167 644 2254 παρ’
664 2167 780 2248 αῦτοῖς,
811 2169 881 2234 α’λλά
899 2169 987 2251 φύσει
1007 2178 1049 2259 τρῖ
1073 2170 1137 2236 όντι
1151 2168 1263 2250 Ἐβίων
1285 2173 1422 2246 ἐκαλεῖτο,

277 2267 353 2334 κατά
370 2275 565 2354 προφητείαν,
593 2268 691 2354 οίμαι,
721 2269 868 2354 όπτωχός
888 2273 939 2336 καί
954 2269 1060 2352 τάλας,
1081 2269 1114 2338 τό
1136 2269 1231 2353 όνομα
1254 2273 1287 2336 ἐκ
1310 2271 1421 2356 πατρός

278 2367 372 2437 αῦτοῦ
387 2373 439 2436 καλ
456 2371 567 2457 μητρός
582 2369 675 2437 αῦτόῦ
690 2375 914 2455 κεκληρωμένος.
958 2371 1046 2438 Πόσα
1060 2375 1092 2438 δέ
1109 2371 1179 2438 άλλα
1198 2370 1279 2438 δεινά
1301 2375 1354 2438 καλ
1368 2399 1420 2437 πα-

278 2474 499 2554 ραπεποιημένα
514 2475 564 2538 καλ
580 2478 745 2558 μοχθηρίας
758 2475 885 2557 γέμοντα
898 2472 967 2559 παρ’
984 2471 1085 2550 αὐτοῖς
1098 2473 1299 2556 ἐπιτηδεύεται
1304 2502 1314 2552 ;
1328 2473 1419 2538 Ὅταν

278 2571 334 2658 γάρ
355 2600 383 2638 τι
403 2576 433 2650 ἐξ
448 2572 546 2639 αῦττῦν
560 2574 581 2656 ῆ
594 2573 673 2663 νόσρο
688 2577 858 2658 περιπέσοι,
880 2573 974 2658 ῆάπό
994 2577 1119 2662 ἑρπετοῦ
1133 2579 1272 2658 δηχθείη,
1293 2575 1420 2642 κάτεισιν
1497 2583 1498 2590 ’

278 2676 321 2748 είς
331 2671 368 2737 τά
380 2673 489 2754 ῦδατα,
509 2678 561 2741 καλ
578 2679 755 2742 ἐπικαλεῖται
769 2675 823 2752 τάς
840 2678 1010 2759 ἐπωνυμίας
1030 2675 1082 2752 τάς
1106 2679 1138 2743 ἐν
1151 2684 1191 2766 τῷ
1205 2674 1308 2753 Ἠλξαῒ
1323 2683 1377 2742 τοῦ
1390 2699 1420 2739 τε
1497 2713 1498 2760 ρ

279 2771 409 2856 οῦρανοῦ
431 2779 482 2841 καί
502 2785 557 2859 τῆς
579 2785 650 2862 γῆς,
678 2783 732 2842 τοῦ
751 2801 783 2842 τε
805 2774 875 2854 άλδς
892 2781 943 2844 καί
961 2785 1014 2845 τοῦ
1030 2777 1155 2858 ῦδατος,
1185 2784 1244 2844 τάν
1260 2803 1290 2842 τε
1306 2775 1422 2860 άνέμων
1497 2767 1498 2770 ¹

279 2878 330 2942 καί
347 2875 475 2962 άγγέλων
493 2886 547 2963 τῆς
561 2877 767 2960 δικαιοσύνης,
794 2881 884 2959 φασί,
913 2881 964 2946 καί
982 2885 1035 2945 τοῦ
1053 2877 1146 2965 άρτον
1166 2880 1217 2944 καί
1234 2881 1349 2957 ἐλαίου,
1370 2879 1420 2943 καί
1497 2895 1498 2916 ¹

279 2976 396 3061 άρχεται
415 2981 521 3064 λέγειν,
549 2981 688 3062 Βοηθῆτέ
709 3006 774 3061 μοι,
803 2981 855 3044 καί
875 2978 1053 3059 άπαλλάξατε
1077 2978 1127 3046 άτό
1152 2981 1225 3064 ἐμοῦ
1241 2980 1274 3046 τό
1296 2979 1420 3066 άλγημα.
1497 3015 1498 3074 ι

278 3077 358 3163 Ἤδη
378 3081 411 3145 δέ
432 3106 484 3161 μοι
506 3083 558 3146 καλ
572 3078 706 3166 άνωτέρω
730 3081 963 3165 προδεδήλωται,
995 3079 1036 3158 οίς
1054 3089 1146 3146 ταῦτα
1167 3083 1220 3164 μέν
1239 3079 1346 3164 Ἐβίων
1365 3079 1421 3146 οῦκ

279 3179 353 3270 ῆδει.
395 3180 485 3246 Μετά
507 3179 611 3266 καιρόν
628 3183 662 3248 δέ
684 3187 716 3248 οί
736 3183 791 3247 σῦν
810 3180 889 3271 αὐτῷ
911 3185 1113 3264 σοναφθέντες
1135 3190 1177 3272 τῷ
1191 3179 1312 3264 Ἠλξαῒ,
1340 3181 1421 3266 ἐσχή-

279 3304 348 3348 κασι
370 3283 423 3364 μὲν
444 3289 497 3348 τοῦ
510 3281 657 3366 Ἐβίωνος
676 3282 730 3366 τῆν
746 3283 906 3367 περιτομῆν
929 3287 980 3349 καί
998 3282 1031 3350 τό
1048 3283 1198 3367 σάββατον
1219 3289 1271 3350 καί
1293 3283 1330 3348 τά
1351 3287 1420 3365 ἔθη,
1497 3345 1498 3350 ,

170 3389 171 3392 ’
278 3392 333 3448 τοῦ
349 3385 380 3449 δέ
395 3381 506 3460 Ἠλξαί
521 3382 576 3467 τῆν
592 3390 754 3466 φαντασίαν
774 3385 844 3460 όίςτε
861 3390 988 3468 νομίζειν
1004 3386 1057 3468 μὲν
1078 3385 1129 3451 τόν
1147 3385 1276 3470 Χριστόν
1297 3383 1372 3451 είναί
1392 3411 1421 3450 τι

280 3483 480 3572 άνδροείκελον
500 3485 659 3568 ίκτῦπωμα
681 3484 808 3571 άόρατον
827 3483 1014 3569 άνθροίιτοις,
1043 3491 1146 3569 μιλίων
1160 3487 1363 3568 ένενηκονταέξ
1384 3484 1419 3550 τό

280 3595 391 3669 μῆκος,
411 3591 505 3670 δῆθεν
522 3592 644 3671 σχοίνων
659 3586 913 3673 εἰκοσιτεσσάρων,
942 3586 974 3654 τό
990 3589 1023 3653 δέ
1039 3587 1148 3664 πλάτος
1162 3592 1285 3672 σχοίνων
1298 3591 1349 3666 ἓξ,
1373 3615 1421 3669 μι-

279 3693 350 3754 λίων
366 3687 622 3774 εἰκοσιτεσσάρων,
642 3687 675 3754 τό
691 3687 784 3772 πάχος
798 3689 829 3753 δέ
846 3687 920 3754 κατά
937 3691 1075 3774 μέτρησιν
1095 3687 1183 3772 άλλην
1197 3688 1277 3754 τινά·
1298 3685 1422 3774 άντιιιρῦ

283 3791 315 3854 δέ
330 3787 422 3857 αῦτοῦ
444 3788 560 3856 ἑστάναι
581 3793 633 3854 καί
648 3788 681 3855 τό
699 3789 784 3876 άγιον
800 3798 916 3873 πνεῦμα
931 3793 963 3856 ἐν
977 3793 1048 3856 είδει
1063 3795 1184 3873 θηλείας
1201 3789 1348 3876 άοράτως,
1368 3790 1423 3854 καί

282 3890 314 3956 τό
334 3889 405 3957 αῦτό
428 3897 482 3956 τοῦ
505 3888 597 3956 αῦτοῦ
615 3893 732 3976 μέτρον.
775 3894 836 3956 Καὶ
854 3889 965 3970 πόθεν,
990 3893 1098 3974 φησίν,
1127 3893 1242 3977 ῑέγνων
1263 3891 1299 3956 τά
1322 3892 1423 3975 μίτρα.

280 3989 423 4075 Ἐπειδῆ,
444 3996 551 4075 φησίν,
579 3989 659 4058 είδον
678 3990 737 4058 άπδ
752 4000 813 4058 νῦν
831 3991 924 4078 όρέων
947 3994 993 4058 ότι
1016 3997 1051 4058 αί
1072 3995 1199 4074 κεφαλαί
1216 3995 1349 4072 ἔφθανον
1365 3990 1423 4056 αῦ-

281 4100 356 4172 τιῦν,
378 4096 427 4160 καλ
443 4093 476 4160 τό
495 4096 599 4180 μέτρον
614 4099 669 4160 τοῦ
685 4091 776 4179 ὅρους
794 4093 976 4176 καταμαθάν
993 4097 1084 4181 έγνων
1102 4101 1233 4177 Χριστοῦ
1251 4119 1281 4158 τε
1296 4095 1346 4160 καί
1365 4101 1425 4158 τοῦ
1497 4111 1498 4146 f

283 4189 368 4280 άγίοιι
390 4194 555 4280 πνεύματος
568 4195 605 4260 τά
622 4197 718 4280 μέτρα.
752 4192 839 4279 ’Ἦδη
864 4197 897 4260 δέ
919 4222 971 4279 μοι
991 4198 1057 4281 περί
1075 4194 1186 4261 τούτων
1205 4199 1315 4280 είρηται
1331 4196 1361 4259 ίν
1385 4202 1425 4283 τῇ
1497 4259 1498 4268 ,

315 4379 341 4432 6.
359 4383 485 4437 ίετθιικαλ
496 4381 643 4450 Ἑλληνίδος
658 4383 762 4451 μητρός.
772 4399 831 4449 οσον
897 4384 922 4436 7.
938 4389 1017 4440 παῖσα
1031 4387 1215 4436 desiderantia
1229 4388 1345 4446 camina
1361 4389 1385 4431 τι
1400 4387 1428 4432 ἐκ

281 4451 441 4500 δειίδιτοιιίιιτ
459 4455 484 4502 in
497 4455 655 4516 εδίί.γείιια.,
676 4456 710 4502 uti
726 4457 796 4504 είίαιιι
811 4457 837 4503 in
869 4455 920 4504 ωδ.
941 4456 1038 4518 θλεδίς.
1071 4456 1164 4516 nomm
1184 4455 1295 4505 Ρτίονλιιε
1316 4465 1344 4502 τε
1368 4453 1427 4500 ανδ.
1497 4471 1498 4496 ι

280 4518 331 4567 τοο.
339 4519 444 4581 Media„
455 4522 563 4571 Ρτιονίιιι
573 4524 693 4584 nuptm
706 4523 756 4572 οοδ.
765 4523 837 4573 λἀίίτ.
872 4523 944 4572 Vatia.
