3008 4996
374 261 508 314 PrtNhlill
525 262 589 314 Ltn.
602 263 622 314 1.
639 261 720 316 Tobl.
733 264 765 314 ll.
783 262 882 316 tisun.
897 263 1000 316 xxm
1191 254 1253 318 237

199 377 260 444 Sed
284 380 332 445 alii
351 378 526 447 Nazaraeos
552 381 665 468 seipsos
687 382 843 468 appellant.
895 379 1009 466 Quippe
1031 379 1387 458 nonannoeane.

107 491 197 548 secta
219 479 367 548 Christum
390 483 565 562 antecessit,
589 505 644 548 neo
667 503 731 548 eum
756 482 905 567 cognovit.
949 481 1060 548 Verum
1081 481 1253 568 Christiani,

108 595 146 648 ut
168 585 251 648 initio
275 585 390 662 monui,
414 585 450 648 ab
469 586 602 653 omnibus
617 583 767 650 Nazaraei
789 585 944 667 nuncupati
962 597 1046 664 sunt,
1070 590 1254 670 quemadmo-

109 686 179 750 dum
194 686 397 765 didiscerunt,
414 685 590 771 qniPaolnin
606 687 768 773 apostolom
782 697 975 750 accusarunte
994 691 1086 762 Hune,
1106 690 1250 773 inquiunt,
1265 707 1312 752 sec
1325 709 1359 764 aa,
1371 712 1391 756 a.

110 791 248 850 manahem
266 793 418 850 tarentinae
429 791 605 871 pestiferum,
629 801 661 850 et
672 801 890 868 corrumpentem
904 793 1047 870 poputum,
1071 803 1101 852 et
1113 805 1254 854 auctorem

109 901 206 952 metae
216 893 442 952 Nazaraeos-nm.
473 890 514 954 At
529 901 647 954 sanctus
662 890 811 976 apostolus
828 909 922 973 neque
937 911 1041 953 nouren
1056 891 1131 954 istud
1147 892 1253 972 eiurat,

109 991 229 1056 tametsi
249 991 283 1055 ab
305 992 419 1056 illorum
441 990 555 1056 haeresi
577 991 764 1070 abhorreret,
788 1001 817 1055 et
840 993 916 1074 quod
939 992 993 1055 sibi
1019 992 1253 1058 adversariorum

109 1091 296 1178 improbitate
321 1105 439 1179 propter
459 1088 608 1157 Christum
634 1093 797 1178 impositum
821 1103 886 1157 erat
908 1093 1098 1171 vocabulum,
1128 1094 1254 1160 libenter

110 1195 242 1257 admisit.
286 1192 331 1258 ita
352 1195 428 1258 eninr
451 1204 520 1258 ante
540 1195 665 1258 tribunal
687 1195 777 1273 dixit,
799 1197 897 1276 Nepae
914 1198 944 1257 r‘n
967 1199 1065 1274 templo
1089 1199 1321 1261 rhuencrnnttnru.
1335 1218 1366 1264 rt.

109 1319 153 1358 me
173 1318 237 1358 cnm
255 1301 350 1377 annuo
373 1300 575 1376 tripotentem,
604 1307 656 1358 out
673 1318 837 1358 coactarum
856 1299 1004 1378 facientem
1028 1297 1142 1369 terrine,
1166 1321 1255 1379 neque

110 1403 263 1480 quicquum
279 1420 374 1460 eonem
389 1399 545 1479 perinane
561 1409 697 1460 amarant
707 1402 816 1460 admen‘.
864 1401 1004 1478 Confiteor
1017 1409 1107 1460 antem
1122 1402 1174 1460 doc
1190 1401 1250 1482 tabi,

110 1503 189 1580 quod
209 1504 359 1562 omanadum
382 1513 501 1573 rectem,
525 1521 607 1580 qnam
630 1501 727 1560 dabrmt
743 1503 886 1573 tumeam,
909 1503 1114 1574 credereris,
1139 1505 1255 1564 credens

110 1603 241 1662 omnebus
258 1623 330 1682 qnae
346 1606 376 1662 r'n
392 1605 454 1680 lege
473 1613 504 1662 et
517 1604 663 1682 prophetis
677 1605 783 1681 scripta
804 1612 881 1662 sunt.
924 1598 1031 1685 Neque
1055 1621 1127 1666 vero
1150 1602 1253 1666 mirans

109 1711 158 1766 est
180 1702 344 1787 apostolum
367 1704 553 1787 semetipsum
568 1700 757 1766 Nazarenum
779 1700 929 1780 couliteri,
953 1723 1016 1764 cum
1034 1701 1164 1766 universi
1186 1714 1255 1767 tunc

110 1823 148 1868 eo
165 1803 287 1867 nomine
303 1799 487 1868 Christianos
505 1814 657 1880 vocarent,
681 1802 716 1867 ab
733 1801 837 1888 oppido
852 1799 996 1879 Nazaret,
1022 1825 1076 1866 nec
1092 1804 1167 1868 nllus
1183 1804 1255 1869 alte·

109 1905 174 1970 rina
195 1915 278 1969 esset
300 1906 381 1968 vocis
404 1925 474 1968 usus
497 1906 553 1969 illis
575 1904 769 1989 temporibus,
793 1924 848 1987 qua
868 1923 920 1966 eos
943 1904 991 1988 qni
1008 1901 1127 1969 Christo
1148 1916 1254 1969 nomen

109 2008 257 2070 dederant
279 2017 399 2091 possent
418 2006 596 2091 exprimere.
640 2002 687 2068 tte
709 2026 767 2089 qno
786 2025 857 2068 sane
879 2003 1017 2089 scriptum
1039 2015 1101 2081 est,
1125 2012 1404 2086 qnonrbmnnncaa.

109 2112 286 2170 Nnacrenaa
299 2109 452 2170 comhtnr.
488 2104 567 2172 Nam
583 2116 614 2170 et
628 2106 714 2170 hodie
727 2107 867 2170 haereses
882 2125 994 2179 omnes,
1017 2103 1184 2170 Manichaei
1198 2109 1256 2171 sci·

109 2209 201 2288 licet,
223 2205 453 2286 Marcionistae,
479 2207 631 2285 Gnostici,
662 2207 827 2291 caeterique
846 2207 894 2291 qui
912 2204 1070 2272 Christiani
1094 2228 1151 2270 non
1172 2218 1253 2287 sunt,

109 2308 350 2374 Christianorum
365 2321 461 2374 nmen
474 2310 510 2373 ab
522 2309 655 2373 omnihus
668 2309 784 2372 nomine
798 2307 1002 2393 comprehendi
1014 2308 1121 2387 solent,
1141 2319 1171 2372 et
1183 2331 1256 2374 una·

110 2431 248 2497 maeque
264 2421 362 2490 secta,
386 2411 455 2474 licet
472 2411 529 2474 alio
546 2411 662 2474 oomioe
678 2419 850 2488 censeatur,
874 2409 902 2472 id
919 2408 974 2472 sibi
991 2409 1116 2473 nominis
1132 2409 1256 2476 libenter

110 2513 247 2591 asciscit,
270 2514 345 2597 quod
361 2513 417 2576 boc
431 2533 499 2576 esse
516 2512 569 2576 sibi
587 2511 685 2576 decori
700 2522 785 2595 atque
802 2521 975 2574 ornamento
992 2510 1110 2576 iudicat.
1141 2510 1255 2598 Quippe

109 2616 179 2680 solo
195 2611 309 2680 Christi
324 2613 466 2678 vocabulo
483 2635 540 2678 non
556 2614 610 2678 ide
627 2623 712 2697 atque
730 2613 867 2697 operibus
882 2613 1001 2697 gloriari
1016 2610 1163 2680 ridentur.
1195 2611 1257 2677 tto·

109 2719 179 2782 de·
197 2717 285 2780 modo
301 2715 396 2779 sancti
413 2711 524 2780 Christi
542 2714 673 2802 discipuli
690 2735 757 2778 sese
772 2726 832 2778 tum
848 2715 875 2777 id
893 2714 968 2798 quod
986 2723 1070 2778 erant
1085 2711 1152 2778 lesu
1170 2715 1256 2780 disci·

110 2819 199 2904 pulos
217 2816 378 2880 vocabant:
404 2837 498 2902 neque
517 2827 615 2880 tomen
633 2837 696 2880 cnm
715 2815 751 2878 ab
768 2815 832 2880 aliis
851 2813 1004 2880 Nazaraei
1022 2815 1189 2879 dicerentur
1204 2837 1257 2880 no·

111 2941 182 2982 meo
206 2919 285 2982 istud
309 2919 502 2997 recusabant,
534 2939 599 2982 eum
622 2918 658 2982 ad
681 2937 782 2980 eorum
806 2938 824 2980 a
848 2917 953 3001 quibus
973 2915 1016 2982 sic
1039 2916 1257 3001 appellabantur

109 3025 201 3086 baem
221 3040 399 3104 scopumquo
422 3019 619 3105 respicerent,
642 3019 691 3102 qni
716 3017 771 3092 hoc
792 3038 860 3082 sese
882 3017 998 3081 nomine
1020 3012 1129 3082 Christi
1152 3036 1257 3082 caussa

109 3122 281 3200 donabaut3
304 3121 533 3206 quandoquidem
550 3131 581 3185 et
597 3117 680 3184 lesus
696 3118 759 3204 ipse
772 3117 948 3182 Nazarenua
966 3118 1126 3204 appellatus
1141 3128 1202 3197 ast,
1225 3128 1258 3184 ut

108 3225 139 3288 in
157 3222 326 3306 evangeliis
348 3233 378 3286 et
402 3221 597 3307 apostolorum
613 3221 737 3286 Actibus
752 3220 870 3302 legitur,
894 3241 946 3305 pro
960 3242 997 3284 eo
1013 3219 1087 3304 quod
1104 3219 1134 3284 io
1153 3221 1257 3306 oppido

106 3323 282 3402 Nazareti,
303 3324 352 3408 qui
372 3322 457 3386 hodie
479 3343 569 3408 pagus
589 3333 652 3400 est,
673 3322 705 3386 in
723 3321 843 3386 aedibus
861 3318 975 3406 losepbi
1000 3321 1087 3386 luerit
1103 3323 1255 3400 educatus,

109 3439 304 3512 posteaquam
318 3423 480 3490 bethleemi
496 3425 532 3487 de
547 3423 661 3508 virgine
676 3421 773 3488 Maria
787 3423 944 3486 secundum
962 3443 1079 3486 earnem
1097 3433 1181 3488 natos
1198 3434 1255 3502 est,

79 3579 83 3586 .
108 3550 190 3615 quac
207 3527 324 3612 quidem
343 3523 466 3611 losepho
484 3527 627 3611 desponsa
647 3527 757 3602 luerat,
781 3523 829 3608 qui
844 3522 987 3588 Nazareti
1007 3534 1075 3588 tunc
1097 3525 1255 3602 habitabat,

108 3653 180 3696 cum
206 3629 311 3694 relicto
332 3625 503 3692 Bethleemo
523 3628 553 3690 in
574 3625 706 3692 Galilaea
726 3624 900 3690 domicilium
922 3624 1106 3691 collocasset.

203 3728 291 3813 Quod
309 3749 380 3793 vero
398 3730 434 3793 ad
452 3728 615 3792 haereticos
633 3727 699 3791 illos
723 3726 843 3802 attinet,
868 3725 1021 3809 dequibus
1040 3728 1125 3790 modo
1146 3745 1258 3790 sermo·
1277 3740 1400 3810 crpvtt.

109 3857 183 3898 nem
209 3832 404 3910 instituimus,
427 3831 536 3894 omisso
554 3827 622 3894 lesu
643 3828 776 3905 nomine,
800 3847 895 3912 oeque
915 3825 1047 3890 lessaeos
1070 3828 1184 3910 seipsos
1205 3849 1259 3890 vo·

108 3947 202 4013 cant,
226 3953 321 4016 neque
338 3929 510 3996 ludaeorum
533 3931 704 3996 vocabulum
722 3931 868 4008 retinent,
893 3947 985 4013 neque
1006 3948 1040 3992 se
1059 3925 1256 4008 Christianos,
1358 3934 1361 3946 '

109 4039 165 4102 sed
183 4033 366 4100 Nazareuos
380 4035 416 4097 de
430 4033 479 4098 illa
494 4034 548 4098 loci
565 4033 755 4118 appellatione
773 4041 950 4118 nuncupant,
972 4051 1036 4094 cum
1051 4027 1168 4094 interim
1185 4031 1257 4094 meri

109 4140 171 4226 ipsi
190 4134 312 4214 ludaei,
341 4157 435 4220 neque
458 4136 535 4202 alind
558 4145 710 4222 praeterea
731 4134 801 4198 sint.
845 4130 940 4196 Porro
967 4152 1025 4194 oon
1048 4131 1142 4196 solum
1166 4152 1256 4210 novo,

143 4339 171 4395 4.
190 4331 272 4406 nicos
288 4341 339 4390 cod.
357 4343 430 4392 Venat.
740 4336 764 4390 7.
781 4335 839 4400 aeri,
862 4337 924 4399 qnod
943 4337 1005 4387 oben
1026 4349 1042 4384 u
1062 4337 1128 4385 tibris
1149 4337 1259 4400 minutis,

142 4411 172 4462 5.
190 4405 350 4472 πηοιηκότα
365 4410 417 4458 aad.
433 4410 507 4460 tenet.
681 4408 792 4456 tinaerni
807 4407 836 4456 de
852 4405 987 4456 annositate
1002 4404 1052 4454 cod
1068 4405 1141 4472 Vutic.

142 4475 172 4532 6·
190 4470 314 4542 ὁμολόγει
329 4477 380 4528 cod.
396 4477 470 4527 Venet.
