3018 4994
333 325 467 378 rnunnn
484 325 549 378 nro.
561 325 581 376 r.
598 324 680 378 rost.
692 325 723 376 tt.
739 322 951 378 rannaxxxt.
1154 311 1215 374 377

153 443 228 514 Cum
244 446 334 532 igitur
350 437 476 511 ecclesia
493 444 654 510 doctrinam
671 443 811 510 eiusmodi
827 437 989 530 fidemque,
1019 444 1060 508 oti
1075 443 1214 524 diximus,
1230 439 1346 562 xgppn

68 549 232 636 acceperit,
256 571 320 614 cam
339 549 384 614 vel
399 549 470 614 orbe
485 559 546 612 toto
562 547 666 612 diffissa
680 546 809 610 studiose
823 558 992 626 consecrat,
1017 547 1098 631 quasi
1114 546 1144 611 in
1160 567 1217 611 uua
1347 545 1354 559 '

67 653 190 738 quadam
212 653 299 716 dumo
321 651 472 730 habitans,
504 671 539 714 ac
561 650 695 714 similiter
712 649 844 713 omnibus
866 649 924 713 illis
942 649 1118 727 assentitur,
1153 658 1216 712 tan-

66 777 150 840 quam
169 754 266 820 auima
285 775 342 818 uua
360 753 521 838 eodemque
537 753 626 816 corde
642 752 788 839 praedita,
812 751 970 836 eademque
987 750 1217 814 concordissime

65 859 128 936 sic,
152 858 234 941 quasi
248 879 337 922 unum
354 877 388 920 os
406 856 527 934 babeat,
551 856 637 918 docet
651 875 685 918 ac
701 853 858 939 praedicat.
903 851 1020 916 Etenim
1036 854 1151 918 tametsi
1166 853 1218 918 ho·

66 961 176 1024 minum
199 959 317 1044 linguae
338 959 398 1022 siut
420 958 595 1037 dissimiles,
627 957 726 1022 eadem
744 967 840 1020 tamen
861 956 985 1020 traditae
1002 955 1153 1019 doetrinae
1171 956 1217 1019 vis

66 1072 114 1127 est
131 1061 256 1147 ubiqoe3
280 1081 374 1145 neque
392 1070 442 1124 aot
456 1060 629 1124 corrstitutue
645 1060 674 1122 in
694 1057 853 1123 Germania
868 1058 1011 1122 ecclesiae
1027 1057 1150 1120 credunt
1164 1056 1216 1120 ali·

65 1177 113 1230 ter
128 1185 163 1228 ac
181 1185 251 1228 suos
266 1165 436 1248 perdocent,
460 1172 511 1226 aut
527 1183 601 1246 qoac
616 1160 646 1225 in
661 1159 810 1246 Hispaniis
824 1182 858 1224 ao
873 1158 977 1224 Galliis
994 1161 1094 1223 autad
1109 1156 1216 1224 Orien·

65 1280 144 1346 tem,
168 1276 219 1330 aut
237 1267 266 1329 io
284 1265 421 1351 Aegypto
443 1264 492 1328 vel
509 1261 606 1350 Libya
625 1264 757 1329 mediove
776 1264 845 1328 orbe
864 1262 1021 1327 stabilitae.
1067 1257 1127 1326 Sed
1147 1281 1218 1346 que·

65 1369 250 1434 mndmudom
267 1368 311 1432 sol
330 1367 539 1432 nobilissimum
557 1367 602 1431 dei
618 1389 691 1452 opus
709 1387 783 1430 uuus
798 1365 828 1430 iu
844 1377 905 1430 toto
922 1367 1028 1430 mundo
1041 1378 1127 1451 atque
1142 1365 1218 1428 idom

64 1483 113 1537 est
130 1491 265 1557 semper,
295 1471 338 1534 sic
357 1469 491 1534 veritatis
508 1469 686 1554 praedicatio
708 1469 814 1554 ubique
831 1479 974 1532 terrarum
993 1466 1155 1548 illucescit,
1185 1489 1219 1532 ac

65 1572 208 1638 mortales
224 1593 326 1637 omncs
340 1573 483 1652 illustrat,
507 1569 556 1657 qoi
572 1572 687 1656 quidem
702 1571 779 1635 illius
796 1571 830 1634 ad
849 1571 980 1635 notitiam
998 1569 1153 1657 pervenire
1167 1592 1219 1634 vo·

65 1675 188 1741 luerint.
235 1677 364 1740 Adeunt
379 1695 473 1760 neque
488 1673 514 1737 is
530 1673 579 1758 qui
594 1675 673 1738 iuter
687 1674 875 1738 ecelesiarum
889 1674 1035 1739 antistites
1048 1673 1162 1738 dicendi
1177 1675 1220 1737 la·

67 1778 181 1842 cultate
198 1777 296 1860 pollet,
321 1777 357 1842 ab
372 1777 429 1841 illis
444 1777 562 1840 diversa
579 1777 749 1862 profiteatur
765 1779 866 1856 (nemo
880 1776 958 1840 enim
973 1787 1019 1840 est
1031 1787 1221 1862 praeceptore

65 1903 121 1946 suo
146 1879 315 1965 superior),
347 1899 441 1964 neque
465 1879 514 1964 qui
534 1879 631 1942 inlaus
655 1889 701 1944 est
722 1889 752 1942 et
771 1878 945 1959 indisertus,
978 1882 1014 1944 de
1036 1877 1142 1942 tradita
1164 1877 1218 1942 sibi

65 1981 222 2068 disciplina
234 1982 385 2066 quicquam
398 1981 548 2046 diminuat.
583 1977 730 2064 Quoniam
744 1981 821 2045 enim
835 2003 890 2046 una
903 1995 949 2047 cst
963 1983 1120 2067 eademque
1134 1979 1217 2058 fides,

65 2105 164 2170 oeque
186 2084 235 2167 qui
257 2084 294 2147 de
315 2104 349 2147 ea
371 2084 490 2169 copiose
513 2094 609 2168 potest
631 2084 730 2148 dicere
752 2084 815 2170 plus
838 2084 942 2170 aliquid
966 2083 1095 2165 obtinet,
1126 2103 1220 2169 oeque

65 2188 178 2264 miuus,
202 2184 252 2270 qui
264 2205 356 2270 paura
371 2186 515 2250 duntaxat
529 2187 626 2270 eloqui
643 2197 749 2271 potest.
795 2185 879 2271 Quod
895 2197 991 2252 autem
1008 2187 1071 2273 plus
1086 2187 1219 2250 minusve

65 2287 201 2354 nonnulli
216 2285 406 2371 intelligentia
422 2309 457 2352 ac
473 2288 596 2353 scientia
613 2299 840 2372 consequantur,
864 2289 934 2353 nibil
949 2290 1004 2354 hoc
1020 2289 1055 2353 ad
1069 2289 1221 2352 immutan-

66 2393 135 2456 dam
152 2389 313 2454 doctrinam
334 2389 477 2474 pertiuet3
508 2411 602 2475 neque
624 2390 733 2455 idcirco
751 2392 834 2454 deum
852 2391 937 2455 alium
956 2403 1072 2478 praeter
1090 2390 1221 2455 condito-

65 2515 132 2558 rem
150 2492 323 2576 excogitant
337 2503 424 2577 atque
442 2493 527 2557 boios
547 2493 746 2558 universitatis
763 2494 902 2558 artidecm
919 2505 950 2557 et
965 2495 1106 2574 altorem,
1139 2495 1220 2579 quasi

67 2595 190 2660 minime
206 2596 265 2660 sint
281 2596 375 2660 alteru
391 2595 441 2659 illo
457 2597 603 2674 contenti,
628 2615 722 2680 oeque
736 2595 824 2659 alium
840 2592 1001 2676 Christum,
1024 2617 1119 2681 neque
1134 2617 1221 2682 porro

67 2696 259 2782 Unigenitum
283 2697 382 2760 alium.
429 2694 488 2761 Sed
512 2697 590 2760 inid
615 2699 755 2762 duntaxat
777 2697 890 2762 illorum
914 2699 1044 2762 elaborat
1067 2697 1219 2776 industria,

66 2811 194 2886 atquae
214 2799 408 2884 aenigmatum
427 2799 597 2884 quibusdam
615 2800 775 2864 involucris
794 2803 908 2866 obtecta
927 2812 996 2866 sunt
1013 2801 1163 2887 expoliant
1179 2812 1221 2864 at-

67 2923 124 2986 que
145 2901 312 2986 explicent,
344 2912 374 2965 et
393 2902 428 2966 ad
445 2903 606 2966 eommunis
625 2902 692 2966 bdei
708 2903 869 2970 institutum
889 2905 1125 2983 accommodent,
1156 2902 1220 2968 sive

67 3016 100 3068 ut
114 3003 248 3069 divinum
265 3003 335 3068 illud
355 3003 384 3067 in
403 3003 550 3068 homiuum
566 3005 660 3068 salute
674 3005 856 3090 procuranda
872 3007 1018 3090 negotium
1037 3005 1221 3070 administra·

67 3107 238 3190 tionemque
256 3127 372 3170 omnem
392 3116 558 3192 exponant,
582 3107 667 3192 idque
686 3108 778 3192 ipsum
794 3108 959 3187 declarent,
984 3109 1127 3194 quomodo
1143 3107 1222 3172 illam

67 3209 222 3274 rebellium
246 3209 397 3294 spirituum
416 3209 610 3273 delectionem
630 3209 834 3295 bominumque
850 3211 1061 3275 contumaciam
1084 3212 1155 3275 deus
1174 3232 1223 3296 pa·

68 3310 245 3376 tientissime
265 3310 381 3390 tulerit,
404 3311 471 3394 quid
489 3331 613 3376 caussae
627 3312 665 3375 sit
682 3333 735 3376 cur
748 3334 823 3376 onus
838 3313 971 3398 idemque
991 3315 1062 3378 deus
1079 3314 1136 3377 alia
1152 3324 1224 3378 tem·

68 3412 206 3498 porario,
238 3412 296 3475 alia
318 3413 496 3498 sempiterna
520 3415 640 3494 lecerit,
671 3413 797 3499 itemque
819 3415 957 3480 coelestia
975 3415 1134 3501 quaedam,
1166 3415 1223 3480 alia

67 3529 207 3594 terrena,
239 3535 293 3578 cur
310 3515 359 3599 qui
370 3515 468 3580 oculis
486 3517 577 3602 aspici
596 3517 712 3602 nequit,
744 3517 891 3604 propbetis
911 3539 969 3582 ooo
988 3539 1045 3584 uua
1065 3519 1163 3604 speeie
1180 3518 1224 3582 vi·

67 3619 193 3683 sendum
211 3637 245 3682 se
263 3617 447 3704 praebuerit,
477 3621 529 3682 sed
548 3619 612 3683 aliis
630 3619 687 3682 alio
704 3621 789 3685 modo
806 3641 880 3705 quae
895 3621 985 3686 vellet
1001 3621 1222 3704 significaverit,

68 3741 122 3786 cur
137 3731 314 3786 testamenta
332 3719 416 3805 pluro
429 3720 488 3784 sint
503 3721 667 3786 bominibus
683 3722 816 3802 condita,
841 3743 954 3808 quaeve
970 3724 1121 3808 utriusque
1137 3735 1224 3789 nuuc

66 3845 101 3887 ac
115 3823 238 3909 propria
254 3821 345 3888 veluti
359 3821 533 3886 lineamenta
550 3824 626 3888 sint:
650 3825 765 3890 utillud
782 3826 869 3890 etiarn
883 3825 1042 3910 inquirant,
1061 3847 1114 3891 cur
1127 3825 1223 3890 omnia

67 3925 142 3991 deus
162 3923 362 4011 perduellione
378 3924 573 4006 concluserit,
595 3939 627 3991 ut
645 3927 772 3991 omnium
788 3928 921 3992 misereri
939 3939 1057 4015 posset,
1081 3939 1167 4013 atque
1186 3928 1223 3993 ob

68 4027 96 4090 id
112 4029 239 4112 insuper
252 4029 360 4112 gratias
378 4037 483 4112 agant,
513 4028 588 4112 quod
607 4027 737 4093 Verbum
755 4031 801 4094 dei
821 4051 891 4095 caro
909 4031 1013 4094 lactum
1031 4051 1065 4094 ac
1082 4031 1222 4116 supplicio

68 4140 115 4192 est
133 4129 292 4208 affectum,
322 4128 390 4192 illud
411 4130 498 4193 etiam
516 4130 698 4212 edisserant,
731 4153 782 4198 cur
803 4135 834 4197 iu
853 4146 985 4197 extrema
1007 4143 1136 4218 tempora
1155 4129 1239 4197 Filii·

69 4229 115 4294 dei
134 4231 282 4295 adventus
299 4229 451 4310 inciderit,
482 4232 537 4295 boc
560 4243 606 4296 est
627 4255 679 4299 our
695 4235 821 4299 omuium
839 4257 906 4300 sese
923 4235 1091 4321 principium
1115 4236 1144 4299 in
1167 4237 1223 4301 line

69 4333 250 4418 prodiderit:
274 4333 310 4397 ad
328 4333 399 4398 baec
416 4334 451 4398 de
467 4336 566 4399 mundi
582 4336 665 4400 exito
678 4337 838 4424 latorisque
855 4338 944 4402 rebus
962 4357 1159 4424 quaecumque
1176 4359 1222 4402 sa-

69 4437 128 4499 cris
147 4435 336 4518 reperiuntur
350 4435 380 4498 iu
398 4433 497 4517 libris,
528 4439 695 4518 excutiunt,
726 4461 780 4504 uec
797 4441 867 4506 illud
883 4451 1017 4520 taceant,
1048 4462 1101 4506 cur
1120 4443 1223 4528 despe·
1340 4523 1342 4526 Ι

103 4569 128 4624 fi.
145 4569 260 4623 aaron
277 4571 402 4623 radten.
