3010 5000
175 279 178 286 '
239 283 300 346 524
655 289 776 344 οιαοτι
799 287 968 342 τειεαιαιι

119 441 169 486 pag.
181 429 227 474 ωε.
240 434 344 493 ναμιν,
373 411 421 476 καλ
441 411 673 492 ’καταλαβοῦσα
689 408 720 473 λυ
737 402 813 495 αῦτή
829 406 945 491 σπέρμα
959 410 1013 486 τῆς
1029 400 1147 470 ῦνωθεν
1160 402 1325 486 Δυνόμεως
1342 410 1400 472 καλ

239 510 291 578 τόν
307 519 458 595 σπινθῆρα
473 508 524 576 τδν
539 509 656 575 ἄνωθεν
671 509 846 592 πεμφθέντα
862 509 904 583 είς
918 504 1037 592 πρῶτην
1050 504 1217 589 καταβολήν
1232 514 1285 572 τοῦ
1302 511 1398 592 σπέρ-

240 640 331 699 ματος
352 615 401 678 καὶ
420 610 596 689 συστάσεως·
626 611 677 678 καλ
694 607 771 675 εἶναι
785 607 894 692 ταύτην
910 607 1049 675 σύστασιν
1063 615 1116 690 τῆς
1131 607 1322 692 δικαιοσύνης
1340 614 1399 676 παλ

239 713 361 801 ἐκλογήν
385 715 548 800 σπέρματος
568 716 619 779 καλ
640 714 757 799 γένους·
787 711 871 789 ὅπως
891 709 942 778 διολ
962 718 1015 794 τῆς
1030 708 1140 794 ταότης
1156 709 1323 787 συστάσεως
1340 715 1398 778 καλ

238 817 345 884 τοῦτον
361 824 413 882 τοῦ
431 818 597 900 σπέρματος
612 819 836 900 καθαιρεθεῖσαν
851 817 885 879 αί
896 811 1035 896 δυνόμεις
1051 820 1111 878 τῶν
1124 809 1251 899 όγγίλων
1265 819 1325 879 τῶν
1340 813 1398 882 τόν

238 920 349 1005 κόσμον
364 917 586 1002 πεποιηκότων,
613 922 666 983 καί
682 915 753 992 τοῦς
768 914 823 981 δόο
841 913 892 981 ἄπ’
905 913 997 1000 οίρχῆς
1010 913 1200 1001 δνθρῶπονς.
1244 912 1303 980 Διό
1320 916 1395 982 ταῦ·

238 1049 292 1105 την
306 1015 362 1088 οῦν
376 1018 430 1103 τήν
445 1023 542 1085 αἰτίαν
557 1021 609 1085 καλ
623 1017 656 1084 τό
674 1019 758 1104 γένος
773 1025 827 1083 τοῦ
843 1016 916 1100 Σήθ
932 1015 1100 1104 όφορισθέν
1115 1021 1253 1084 ἐντεῦθεν
1267 1016 1397 1104 κατόγε·

238 1152 301 1204 ται,
330 1127 450 1208 ἐκλογῆς
467 1121 503 1188 δν
519 1123 571 1188 καλ
588 1121 809 1205 διακεκριμένον
826 1125 879 1186 τοῦ
895 1118 982 1185 ῦλλου
1000 1122 1111 1206 γένους.
1158 1119 1398 1206 Προβαινόντων

238 1228 271 1292 δέ
286 1232 344 1292 τῶν
360 1231 486 1310 καιρῶν,
516 1226 605 1305 φασί,
633 1225 684 1288 καὶ
701 1219 776 1306 όμοῦ
796 1220 890 1288 ὄντων
906 1229 966 1288 τῶν
982 1220 1036 1288 δόο
1054 1229 1163 1308 γενῶν,
1192 1229 1246 1287 τοῦ
1261 1247 1292 1286 τε
1311 1222 1399 1290 Κόῑν

238 1331 289 1396 καί
308 1335 362 1394 τοῦ
373 1325 463 1409 ’Ἅβελ
485 1328 526 1403 είς
541 1324 575 1392 τδ
595 1323 666 1391 αότό
685 1322 890 1390 συνελθόντων
908 1324 957 1389 διό
973 1329 1080 1389 κακίαν
1094 1322 1215 1407 πολλήν,
1243 1325 1295 1389 καὶ
1313 1323 1398 1408 όμοῦ

238 1433 417 1516 μιχθέντων,
447 1426 642 1513 ἀποβλέψασα
664 1424 684 1510 ή
705 1425 825 1492 πάντων
847 1424 959 1509 Μήτηρ
980 1424 1118 1511 καθαρδν
1139 1424 1171 1492 τό
1194 1427 1309 1510 σπέρμα
1330 1436 1398 1494 τῶν

239 1531 411 1619 οίνθροόπων
427 1527 587 1614 ἠβουλήθη
605 1527 842 1615 όπεργόσασθαι,
873 1525 914 1604 ῶς
929 1537 1090 1615 προεῖπον,
1120 1526 1169 1593 διό
1186 1525 1219 1595 τό
1236 1526 1288 1594 τόν
1300 1527 1398 1612 Ἀβελ

239 1634 432 1712 όπεκταλνθαι,
450 1633 501 1697 καὶ
515 1639 620 1698 τοῦτον
635 1629 687 1697 τόν
702 1629 774 1714 Σήθ
788 1632 942 1710 ἐξελέξατο,
958 1634 1009 1697 καλ
1023 1628 1162 1716 καθαρόν
1176 1633 1274 1710 ἔδειξε,
1293 1635 1345 1698 καλ
1363 1636 1398 1700 έν

240 1735 334 1826 τοότμ
355 1735 388 1801 τδ
404 1737 487 1821 γένος
503 1733 585 1822 μόνῳ
604 1741 656 1815 τῆς
670 1731 761 1816 αῦτής
777 1731 931 1815 δυνάμεως
947 1736 999 1798 καί
1014 1732 1221 1819 καθαρότητος
1238 1737 1395 1802 κατέθετο.

107 1851 172 1919 Κεφ,
191 1847 223 1918 γ’.
325 1835 441 1902 Ἰδοῦσα
454 1835 588 1920 δέ-πόλιν
600 1831 709 1917 πολλήν
724 1836 871 1917 ἐπιμιξίαν
885 1837 935 1901 καί
947 1834 1072 1901 ῦτακτον
1085 1833 1179 1920 όρμήν
1191 1843 1251 1900 τῶν
1262 1835 1396 1924 ἀγγέλων

239 1942 362 2006 καὶτῶν
377 1936 562 2023 όνθρῶπων,
586 1941 627 2014 είς
643 1941 722 2018 μίξιν
738 1943 796 2001 τῶν
812 1936 866 2002 δόο
883 1945 974 2023 γενῶν
990 1937 1153 2016 έλθόντων,
1174 1941 1225 2004 καὶ
1239 1937 1395 2016 συστάσεις

238 2049 330 2128 γενῶν
344 2067 424 2116 τινας
436 2039 491 2124 τήν
505 2038 604 2106 αῦτῶν
617 2037 738 2117 όταξίαν
751 2038 962 2122 ἒμποιήσασαν,
983 2050 1164 2126 πορευθεῖσα
1180 2038 1269 2106 πόλιν
1282 2038 1303 2124 ή
1315 2039 1392 2126 αῦτή

240 2143 352 2229 Μήτηρ
367 2167 397 2208 τε
411 2145 462 2209 καλ
480 2142 587 2225 Θήλεια
604 2139 808 2225 κατακλυσμόν
824 2139 941 2228 ἤνεγκε,
963 2145 1014 2208 καλ
1030 2139 1160 2210 όπῶλεσε
1174 2151 1274 2210 πᾶσαν
1289 2143 1392 2210 στόσιν

238 2244 403 2331 οίνθροόπου
424 2243 536 2320 παντός
556 2245 660 2331 γένους
682 2245 829 2309 ἐναντίου·
856 2248 906 2310 ἵνα
928 2248 1023 2326 δῆθεν
1043 2245 1077 2311 τό
1096 2244 1234 2331 καθαρδν
1250 2248 1336 2332 γένος
1354 2246 1390 2312 τό

238 2345 297 2414 τίπό
314 2354 366 2412 τοῦ
384 2344 472 2430 Σήθ,
501 2348 550 2411 καλ
566 2350 697 2423 δίκαιον,
727 2344 819 2429 μόνον
834 2351 916 2436 μείνη
933 2349 964 2412 έν
977 2347 1093 2437 κόσμῳ,
1123 2350 1165 2424 είς
1180 2347 1319 2414 οόσταοιν
1335 2357 1390 2414 τοῦ

238 2447 356 2516 δίνωθεν
371 2451 475 2535 γένους
491 2473 522 2513 τε
540 2450 589 2514 καλ
606 2455 773 2533 σπινθῆρος
791 2455 844 2531 τῆς
860 2447 1056 2532 δικαιοσύνης.
1092 2447 1228 2516 ’Ἐλαθον
1247 2452 1280 2516 δέ
1295 2449 1389 2533 αῦτήν

237 2551 325 2618 πόλιν
346 2555 377 2616 ολ
392 2548 506 2636 δι’γγελοι
528 2553 578 2616 καλ
601 2553 751 2626 είςίδυσαν
770 2548 821 2617 τόν
841 2549 912 2633 Χῦμ
933 2554 974 2627 είς
995 2549 1049 2634 τήν
1069 2551 1212 2634 κιβωτόν,
1244 2551 1315 2618 ῦντα
1334 2560 1389 2619 τοῦ

238 2651 336 2720 αότῶν
348 2653 522 2736 σπέρματος.
558 2649 649 2718 Ὀκτῶ
665 2651 722 2738 γόρ
735 2660 841 2736 ψυχῶν
857 2657 1008 2720 σωθεισ-ῶν
1024 2656 1056 2720 ἐν
1069 2661 1105 2743 τῇ
1119 2653 1183 2720 τότε
1197 2653 1321 2741 λόρναια
1335 2663 1389 2721 τοῦ

239 2762 310 2822 Νῶε
331 2752 403 2820 έπτό
426 2755 479 2836 μέν
497 2751 572 2819 εἶναι
590 2761 643 2820 τοῦ
661 2759 800 2840 καθαροῦ
816 2757 920 2840 γένους
937 2761 1025 2836 φασί·
1055 2753 1107 2821 τόν
1127 2757 1159 2822 δὲ
1176 2759 1229 2822 ἕνα
1247 2753 1322 2822 εἶναι
1337 2755 1389 2824 τόν

239 2856 308 2940 Χολμ
329 2863 381 2940 τῆς
402 2853 489 2938 όίλλης
511 2855 665 2938 δυνόμεως
686 2853 872 2942 όπόρχοντα,
902 2856 937 2924 δν
956 2860 1086 2933 είςδῦνατ
1102 2857 1234 2926 λαθόντα
1253 2857 1307 2942 τήν
1327 2858 1387 2926 ὄνοι

237 2961 371 3044 Μητέρα.
414 2955 488 3023 ‘Tuo'
506 2963 565 3022 τῶν
581 2955 708 3043 α’γγέλων
724 2960 756 3024 δέ
771 2957 804 3024 τό
821 2967 939 3026 τοιοῦτο
956 2961 1158 3026 συσκευασθλν
1172 2959 1269 3038 οῦτως
1283 2959 1385 3028 όποττ-

234 3069 390 3144 λεσθῆνοιι·
418 3058 538 3141 Ἐπειδὴ
555 3058 628 3146 γόρ,
658 3063 765 3140 φασὶν,
794 3063 925 3145 ἔγνωσαν
941 3064 973 3126 οἴ
988 3058 1102 3148 ῦγγελοτ
1120 3061 1165 3128 ότι
1182 3064 1260 3145 μέλει
1276 3071 1336 3130 πᾶν
1351 3061 1385 3128 τό

235 3165 350 3249 σπέρμα
372 3159 470 3228 αὐτῶν
489 3158 706 3242 όπαλείφεσθαι
727 3165 759 3228 έν
778 3169 819 3252 τῷ
832 3171 1042 3252 κατακλυσμῷ,
1072 3171 1240 3253 πανουργίᾳ
1261 3169 1318 3232 τινί
1335 3163 1384 3231 τόν

153 3349 155 3352 ¹
235 3266 450 3351 προειρημένον
475 3261 546 3346 Χδμ
570 3266 612 3338 είς
631 3263 804 3350 διατήρησιν
824 3271 877 3330 τοῦ
897 3261 948 3330 ὕπ’
970 3263 1068 3332 αῦτῶν
1088 3268 1262 3344 κτισθέντος
1284 3271 1384 3354 γένους

235 3375 287 3449 τῆς
304 3371 410 3444 κακίας
425 3366 642 3450 παρειςέβαλον.
687 3369 749 3431 Καί
770 3369 803 3432 ίκ
818 3365 928 3432 τοῦτον
942 3366 1024 3451 λήθη
1045 3369 1095 3435 καλ
1116 3368 1212 3452 πλόνη
1234 3374 1301 3456 περὶ
1317 3368 1382 3446 τοῦς

236 3467 434 3552 οίνθρόπους,
462 3469 514 3533 καί
535 3465 653 3533 ότακτοι
674 3470 767 3554 φοραὶ
783 3466 1014 3553 όμαρτημότων,
1045 3473 1095 3538 καί
1111 3477 1269 3553 πολυμιξία
1284 3477 1382 3547 κακίας

236 3573 267 3636 ίν
287 3578 327 3660 τρῦ
343 3569 446 3660 κόσμῳ
465 3571 629 3654 γεγένηται·
659 3572 710 3634 καί
727 3568 823 3646 οὕτως
841 3567 859 3636 ό
875 3568 986 3654 κόσμος
1004 3575 1045 3648 εἰς
1059 3573 1092 3638 τό
1111 3572 1233 3659 ολρχαῐον
1250 3581 1304 3658 τῆς
1318 3573 1381 3640 τίτα-

114 3676 300 3772 1,ηἠηηξίας
321 3665 413 3748 αὖθις
434 3667 603 3756 α’νέκαμψε,
633 3675 684 3738 καλ
705 3673 870 3756 ἐνεπλήσθη
891 3680 1008 3753 κακῶν,
1039 3673 1079 3752 τός
1101 3677 1130 3754 ίξ
1146 3673 1238 3761 ἆρχῆς
1259 3676 1316 3764 πρδ
1332 3681 1380 3742 τοῦ

237 3782 451 3857 κατακλυσμοῦ.
493 3769 566 3840 Ἀπό
591 3775 624 3840 δέ
645 3781 699 3840 τοῦ
717 3773 790 3858 Σήθ
805 3774 881 3840 κατολ
895 3777 1011 3861 σπέρμα
1030 3780 1083 3844 καλ
1097 3777 1172 3842 κατδ
1186 3779 1327 3864 διαδοχήν
1339 3777 1378 3864 γί-

237 3903 309 3954 νους
325 3873 344 3942 ό
362 3875 490 3962 Χριστός
508 3870 600 3959 ήλθεν
617 3875 706 3954 αῦτός
719 3875 844 3960 Ἰησοῦς,
867 3874 932 3961 οῦγλ
946 3877 1022 3944 κατῦ
1041 3881 1202 3965 ιγέννησιν,
1225 3879 1296 3946 α’λλιλ
1309 3891 1376 3946 θαα-

237 3985 353 4062 μαατῶς
374 3981 407 4045 έν
426 3986 467 4068 τῷ
488 3977 590 4067 κόσμιμ
612 3977 765 4061 πεφηνῶς,
794 3979 828 4056 ῦς
849 3982 926 4046 ἔστιν
947 3977 1038 4058 αῦτός
1057 3977 1075 4048 ό
1097 3981 1170 4065 Σήθ
1190 3981 1209 4048 ό
1229 3986 1307 4063 τότε,
1332 3983 1376 4048 καλ

238 4079 365 4166 Χριστός
386 4087 442 4146 νῦν
461 4079 654 4164 έπεφοιτήτας
670 4087 711 4169 τῷ
730 4082 805 4166 γένει
822 4088 882 4148 τῶν
898 4079 1085 4168 όνθροόπων,
1113 4082 1174 4150 duo*
1192 4093 1246 4170 τῆς
1260 4081 1375 4170 Μητρός

235 4181 354 4248 ῦνωθεν
376 4179 596 4266 όπεσταλμένος.

107 4319 173 4388 329,
188 4318 219 4376 μ,
325 4291 424 4350 Ταῦτα
446 4283 543 4350 πόντα
572 4283 649 4353 οῦτω
673 4291 850 4373 γεγενῆσθαί
872 4307 964 4369 φασιν
987 4291 1102 4354 ἐκεῖνοι.
1150 4289 1252 4376 Μωρολ
1278 4290 1310 4354 δὲ
1329 4286 1371 4352 sd

267 4438 292 4488 λ.
306 4440 484 4507 καταβαλοῦσα
495 4445 606 4493 Petamus
614 4445 716 4494 coniecit.
738 4445 795 4494 οου-
829 4452 917 4504 tutem,
937 4395 1011 4511 q'num
1023 4445 1172 4513 suscepisset
1186 4445 1210 4497 ἰα
1223 4445 1321 4512 τείρωτι
1334 4455 1368 4490 τι·

235 4509 317 4556 sarius
330 4511 412 4556 υιτίιλε
427 4517 454 4556 et
466 4507 491 4557 iu
504 4508 553 4560 hoc
566 4509 649 4577 posuit
661 4527 730 4561 susm
742 4509 794 4560 vir·
829 4528 885 4562 men
900 4528 1022 4579 supernas
1035 4512 1147 4577 virtutis,
1166 4523 1193 4566 et
1206 4513 1330 4566 santium
1343 4522 1367 4560 τε
