3008 4996
346 301 481 355 rsuunu
499 301 562 354 ure.
573 302 593 353 r.
611 303 693 354 rou.
704 303 737 352 n.
755 301 853 356 nunu.
869 289 989 354 xxrut.
1177 293 1238 358 etr

96 443 160 506 gere
181 421 258 487 istud
283 421 387 501 debet,
419 421 490 485 nibil
513 441 580 486 esse
602 432 662 485 totu
685 421 738 484 bac
755 422 959 485 circulatorum
978 421 1090 486 officina
1107 421 1236 488 stultius.

97 521 173 605 Quos
191 525 305 610 quidem
328 525 389 589 suis
408 523 537 610 ipsorum
557 523 656 587 verbis
673 521 866 606 ignominiose
885 523 1061 587 convincere
1079 523 1134 587 boc
1151 527 1237 588 mcdc

97 647 256 710 possumus.
301 625 418 690 Etenim
442 628 467 690 si
488 623 572 688 Iesns
592 621 728 690 Christus
751 645 809 688 non
831 625 867 688 de
889 626 1003 708 vitgine
1020 623 1117 690 Maria
1138 637 1236 706 natus,

95 729 139 790 sed
155 729 191 791 de
209 725 326 812 Iosepbi
343 728 472 808 semine,
505 729 664 811 eademque
678 724 774 790 Maria
789 738 966 812 propagatus
983 738 1047 805 est,
1073 737 1103 790 et
1117 727 1143 790 is
1159 728 1238 791 salu·

96 839 146 892 tem
165 829 351 916 adipiscitur,
375 831 462 893 etiam
479 830 545 894 iilos
561 830 608 913 qui
627 829 719 914 ipsum
736 828 892 912 genuerint
908 849 975 890 esse
992 828 1091 892 salvos
1107 839 1236 913 oportet.

96 927 146 1012 Qui
160 931 186 996 si
201 953 219 996 a
232 952 345 996 summo
362 931 411 996 iIIo
429 931 530 1017 opifice
545 930 613 994 iacti
628 943 707 1007 sunt,
727 951 800 993 sane
814 929 890 992 bunc
904 949 970 992 esse
984 939 1146 993 creatorem
1161 931 1239 996 inter

94 1033 151 1096 idos
166 1032 323 1114 convenit,
347 1054 441 1116 neque
458 1033 506 1117 qui
523 1030 678 1117 Iosepbum
694 1029 876 1117 Mariamque
894 1031 1020 1095 condidit
1034 1032 1158 1096 defectui
1176 1053 1238 1096 am·

94 1134 160 1216 ptius
174 1135 356 1215 ascribetur,
380 1156 396 1197 a
415 1136 518 1219 quibus
533 1131 617 1198 Iesus
633 1145 715 1198 ortus
730 1145 792 1212 est,
817 1133 864 1217 qni
883 1133 919 1196 ub
934 1132 1035 1217 ignoto
1050 1132 1100 1196 itto
1116 1145 1237 1217 parente

95 1237 236 1318 protectus
254 1249 311 1300 εει.
358 1234 412 1302 Sin
432 1234 516 1300 Iesus
535 1237 622 1300 etiam
638 1236 673 1300 ab
690 1235 802 1317 erigetis
819 1244 934 1298 erectus
952 1245 1015 1313 est,
1039 1244 1070 1296 et
1086 1245 1132 1298 est
1147 1255 1238 1318 ange-

95 1337 179 1402 Inrum
199 1359 274 1402 unus
291 1339 392 1424 opifex
407 1341 487 1424 ipsc,
510 1341 540 1402 in
558 1359 645 1402 unum
664 1351 694 1400 et
711 1338 785 1400 idem
803 1336 957 1400 absurdum
976 1335 1065 1399 relabi
1082 1338 1238 1400 unicersos

94 1457 211 1502 necesse
235 1450 298 1518 est,
329 1439 359 1502 iu
381 1441 456 1525 quod
480 1451 510 1504 et
532 1440 626 1522 angeli
646 1439 761 1523 ipsimet
776 1438 978 1516 incurrerunt,
1012 1457 1105 1520 neque
1122 1437 1236 1502 ittorum

95 1539 183 1604 tabula
201 1541 365 1622 constabit,
395 1542 489 1606 IetaIis
508 1541 656 1605 cuinsdam
672 1540 779 1602 veneni
797 1561 831 1602 ac
849 1540 1005 1624 pestiferae
1023 1539 1172 1603 doctrinae
1189 1561 1237 1602 re-

94 1642 173 1706 icrta.
219 1639 280 1706 Sed
296 1663 368 1722 uos,
399 1645 549 1728 profligata
569 1644 623 1706 bac
640 1641 755 1706 haeresi
771 1651 803 1704 ct
817 1640 847 1702 in
867 1641 961 1722 tugano
979 1661 1139 1720 conversa,
1165 1645 1237 1726 ‘per-

93 1742 153 1807 inde
168 1766 203 1807 ac
219 1746 366 1829 serpentis
385 1746 480 1836 capite
496 1746 561 1808 bdci
577 1765 612 1808 ac
626 1743 759 1807 veritatis
777 1741 879 1806 bacuio
896 1743 973 1805 bumi
990 1742 1082 1819 illiso,
1113 1744 1149 1806 ad
1165 1741 1237 1808 alias

94 1856 284 1910 monstrorum
301 1846 462 1911 horrendas
480 1846 591 1931 effigies
606 1857 739 1931 promoto
755 1845 847 1930 gradu
865 1845 992 1909 funditus
1012 1864 1062 1908 ens
1079 1845 1177 1909 deiero
1194 1855 1238 1909 at·

95 1967 144 2026 que
166 1960 304 2011 evertere
327 1947 507 2012 conabimur.

277 2186 574 2264 ADVERSUS
610 2185 1045 2280 GERIN'IIIIANOS,

115 2306 182 2382 sire
202 2305 461 2400 IIcriutbianos,
489 2331 570 2402 quac
596 2315 647 2381 εει
672 2305 950 2399 haerescunt,
975 2306 1030 2381 nel
1047 2304 1211 2380 XXVIII.

174 2455 315 2543 Sequitur
337 2455 514 2536 Cerintbns‚
548 2479 565 2520 n
588 2479 644 2542 quo
668 2453 849 2520 Corinthiaci
872 2455 1011 2520 baeretici
1036 2455 1233 2534 nominantur,
1254 2461 1313 2530 cap.
1328 2462 1349 2513 t.

95 2557 137 2640 qui
153 2560 257 2628 ,eodem
283 2579 321 2622 ex
341 2558 435 2624 ferino
455 2569 520 2624 satu
540 2569 710 2642 procreatus
728 2559 808 2622 virus
825 2579 908 2622 suum
925 2558 954 2620 in
974 2557 1073 2620 orbem
1092 2568 1237 2621 terrarum

92 2661 223 2740 protudit.
268 2662 367 2744 Atque
384 2661 409 2723 is
424 2660 493 2724 nibil
509 2661 714 2746 propemodum
733 2659 808 2724 aliud
825 2681 907 2743 quam
925 2679 943 2722 e
958 2657 1042 2722 nobis
1055 2677 1143 2741 supra
1158 2679 1237 2722 cnm·
1336 2689 1339 2698 ,

94 2773 264 2825 memoratus
279 2762 327 2824 itte
345 2758 511 2847 Carpocrns
524 2762 669 2842 asseruit,
693 2761 851 2844 eademqne
866 2783 931 2824 cum
945 2781 983 2823 eo
997 2759 1094 2823 letalia
1109 2759 1138 2822 in
1153 2780 1237 2823 muu-

94 2860 157 2924 dum
174 2884 288 2927 veuena
307 2865 487 2949 propagavit.
534 2861 685 2947 Siquidem
705 2863 766 2949 pari
789 2862 818 2924 iu
838 2858 987 2927 CbrIstum
1007 2859 1149 2924 calumnia
1167 2881 1237 2924 ceu·

93 2973 153 3041 εει,
182 2965 258 3029 bunc
275 2986 292 3028 ε
307 2961 405 3029 Maria
422 2963 596 3049 Iosepbique
611 2964 723 3029 semine
741 2984 808 3027 esse
823 2975 1014 3049 prognatum,
1043 2961 1237 3044 mundumque

94 3063 219 3130 simititer
235 3067 272 3130 ab
289 3067 402 3150 angelis
419 3066 600 3129 fabricatum.
642 3055 750 3150 Neque
768 3066 825 3130 uIIa
841 3065 896 3128 aIin
919 3085 951 3128 re
969 3065 1180 3147 discrepantem
1199 3061 1235 3124 ab

92 3163 137 3228 iilo
155 3167 314 3232 doctrinam
334 3168 466 3246 invexit,
500 3166 555 3231 nisi
574 3167 649 3251 quod
668 3164 801 3231 Iudaicos
820 3166 905 3229 etiam
924 3167 998 3230 ritus
1016 3164 1149 3229 adscivit.
1194 3163 1237 3226 At

92 3264 163 3331 idem
184 3269 278 3354 Iegem
302 3291 337 3332 ac
359 3271 516 3356 propbetas
538 3268 574 3331 ab
594 3267 705 3351 angelis
725 3270 872 3353 proiectos
892 3268 1015 3348 asserit,
1046 3285 1170 3350 eumque
1187 3263 1236 3350 qni

92 3365 179 3450 Iegem
195 3372 297 3436 tuterit
314 3393 354 3436 ex
374 3393 473 3435 rorum
492 3371 662 3453 angelorum
680 3391 747 3434 csse
765 3389 903 3446 numero,
934 3391 952 3432 a
972 3367 1074 3453 quibus
1093 3367 1173 3431 orbis
1190 3376 1236 3430 est

92 3471 230 3537 conditus.
273 3471 370 3537 Porro
396 3469 554 3537 Cerintbus
576 3472 633 3535 iste
658 3471 687 3534 in
711 3471 784 3534 Asia
808 3480 943 3534 versatus
968 3470 1128 3534 doctrinam
1151 3488 1235 3532 suam

91 3572 217 3652 proferre
239 3575 307 3639 istic
327 3575 434 3659 coepit.
481 3570 556 3655 (ξεῖ,
588 3582 618 3636 nt
637 3582 705 3636 ante
725 3571 870 3650 diximus,
901 3571 1018 3634 minime
1040 3593 1057 3633 a
1075 3571 1168 3655 prima
1186 3569 1235 3632 illa

91 3691 277 3760 supremoque
293 3675 412 3740 Virtute
429 3674 599 3738 fabricatum
620 3693 685 3738 esse
704 3674 839 3738 mundum
859 3672 983 3736 censuit.
1029 3672 1107 3736 Tum
1125 3671 1166 3734 ita
1183 3671 1235 3734 dc-

90 3773 164 3836 cuit:
184 3773 341 3862 Postquam
356 3778 406 3841 iIIe
419 3774 503 3840 Iesus
519 3776 664 3854 adolevit,
688 3776 736 3859 qni
751 3796 791 3838 ex
806 3772 921 3859 Iosepbi
936 3770 1107 3857 Marinequc
1121 3771 1234 3836 semine

91 3884 174 3938 natos
191 3890 251 3957 cst,
283 3879 312 3942 in
332 3880 408 3942 bunc
425 3877 573 3962 delapsum
592 3898 609 3940 a
626 3899 739 3941 summo
755 3876 806 3940 itto
823 3877 878 3939 dec
895 3895 963 3939 csse
980 3871 1146 3951 Christum,
1178 3872 1234 3936 boe

90 3985 134 4038 est
149 3977 277 4062 spiritum
294 3991 425 4044 sanctum
442 3977 593 4044 columbae
610 3978 708 4064 specie
724 3979 759 4041 ad
778 3975 948 4056 Iordanem,
979 3997 1013 4040 ac
1032 3987 1091 4038 tum
1108 3975 1134 4038 ci
1151 3975 1233 4038 iuco-

90 4076 196 4158 guitnrn
213 4078 388 4160 Parentem,
412 4093 443 4144 et
461 4080 607 4166 perillum
625 4081 751 4164 posteris
767 4080 954 4165 patefecisse.
1000 4073 1047 4141 Ob
1063 4077 1147 4161 idque
1164 4097 1235 4140 mox

90 4187 121 4239 ut
144 4179 174 4241 in
193 4181 285 4265 ipsum
308 4182 445 4246 coelestis
467 4183 515 4246 iIIn
533 4201 601 4246 sese
624 4183 717 4245 virtus
736 4181 859 4260 intutu,
889 4188 1022 4265 portenta
1041 4199 1076 4240 nc
1097 4177 1236 4266 miracula

90 4281 236 4362 patrasse,
266 4303 301 4347 sc
320 4283 434 4348 demum
451 4295 639 4369 posteaquam
656 4304 759 4368 passus
778 4293 840 4361 est,
873 4283 948 4365 quod
966 4301 982 4344 ε
998 4280 1081 4344 coelo
1099 4289 1233 4358 venerat,

122 4495 182 4546 Cur.
197 4503 215 4550 t.
233 4530 264 4543 -
284 4505 304 4555 t.
321 4499 366 4557 icc
383 4508 439 4556 vett.
455 4506 583 4568 Eptpbonto'
597 4507 651 4556 ttbri
666 4506 912 4569 intermittuntque,
929 4517 974 4555 non
991 4501 1044 4556 dcc·
