2986 4996
695 373 861 426 ttttntltn
878 373 1058 427 ustottsto

604 609 1162 722 Ηιαειινισιιιὶι

299 799 379 898 πρὸς
402 797 479 886 τούς
504 801 575 898 περί
590 797 747 874 Ἀκάκιον
772 803 832 873 καὶ
850 801 982 873 Παῦλον
1006 805 1238 897 πρεσβυτέρους
1259 794 1321 870 ὑπὸ
1342 793 1438 868 αὐτοῦ

250 969 259 986 .
322 917 536 1015 Ἐπιφανίοο,
562 917 640 1016 πρὸς
664 917 709 992 τά
733 915 786 992 ὑπ’
814 917 923 992 αὐτῶν
948 915 1038 1018 αύτῷ
1057 923 1242 1017 γραφέντα,
1268 915 1417 1014 περὶτοῦ

602 1036 696 1110 κατά
714 1039 862 1136 αἱρέσεων
882 1034 1011 1134 γράψαι
1036 1033 1146 1109 αύτύν.

386 1205 509 1286 Κυρίοις
528 1198 712 1283 τιμιωτάτοις
732 1197 871 1281 άδελφοῖς
890 1201 942 1265 καλ
961 1201 1228 1286 συμπρεσβυτίροις
1247 1195 1374 1286 Ἀκακίῳ
1395 1197 1441 1260 καλ

302 1302 413 1392 Παύλῳ
432 1300 609 1384 Ἐπιφάνιος
629 1303 661 1367 ἐν
681 1305 774 1390 κυρίῳ
794 1304 911 1387 γαίριιν.

386 1408 568 1490 Προοίμιον,
598 1401 648 1467 είτ’
674 1395 729 1468 ούν
755 1401 871 1482 λαλιάν,
907 1400 1097 1488 ιἐπιγραφήν
1117 1401 1213 1487 ῶςπερ
1234 1399 1442 1487 διαγράφοντες

299 1508 419 1572 παλαιοί
434 1512 612 1590 συγγραφεῖς
625 1502 676 1568 διά
687 1511 741 1569 τοῦ
754 1505 927 1590 αἰνίγματος
937 1501 1091 1586 ύπόφασιν
1104 1507 1254 1570 ἐδείκνυον
1266 1502 1364 1583 πάσης
1375 1497 1441 1564 ύπο-

301 1609 436 1691 κειμίνης
451 1609 657 1691 πραγματείας.
690 1603 789 1670 Ὅθεν
803 1608 855 1671 καί
870 1603 956 1671 αύτολ
968 1613 1009 1694 τῷ
1025 1603 1106 1694 αύτῷ
1121 1605 1293 1689 κεχρημένοι
1307 1606 1443 1688 χαρακτή-

300 1736 330 1794 ρι
344 1705 598 1794 προοιμιαζόμεθα
614 1703 702 1789 ύμῖν,
729 1705 889 1792 άγαπητοί,
918 1703 979 1770 ’τά
993 1714 1046 1790 τῆς
1059 1704 1134 1773 κατά
1152 1709 1293 1792 αίρίσεων
1309 1702 1445 1786 αίτήσεως

300 1808 401 1892 ύμῶν,
431 1811 463 1874 ἒν
479 1805 566 1897 ύλίγῳ
581 1806 637 1890 τήν
652 1806 779 1890 δύναμιν
796 1807 1104 1890 άνακεφαλτιιούμενοι.
1145 1805 1266 1890 Ἐπειδή
1282 1805 1338 1892 γάρ
1353 1806 1443 1888 μέλλο-

301 1936 354 1994 μεν
368 1908 439 1993 ύμῖν
453 1907 489 1974 τά
505 1934 536 1974 τε
550 1908 681 1992 ύνάματα
696 1917 757 1975 τῶν
773 1911 913 1996 αίρίσεων
927 1912 1046 1992 δηλοῦν,
1067 1908 1121 1986 τάς
1135 1935 1167 1974 τε
1179 1905 1249 1995 παρ’
1264 1907 1367 1983 αύτοῐς
1380 1904 1443 1969 άθε-

301 2017 404 2095 μίτους
426 2009 547 2097 πράξεις
570 2008 797 2090 άνακαλύπτειν,
828 2009 924 2095 ῶςιιερ
950 2009 1015 2086 ίούς
1036 2012 1087 2075 καί
1104 2010 1265 2094 δηλητήρια
1283 2008 1368 2086 ὄντα,
1395 2003 1447 2070 σύν

301 2111 402 2188 αύτοῖς
420 2113 453 2176 δὲ
469 2111 530 2196 ἅμα
549 2114 601 2177 καί
616 2111 791 2188 ύντιδύτονς
807 2110 1061 2198 ίφαρμοσάμενοι,
1084 2109 1256 2198 ἀλεξητήρια
1271 2119 1333 2177 τῶν
1349 2113 1446 2192 δεδηγ-

300 2216 397 2297 μίνων
416 2215 468 2280 καλ
489 2213 747 2298 προκαταληπτικά
771 2221 830 2279 τῶν
850 2211 1008 2297 μελλόντων
1025 2217 1067 2289 τίς
1084 2221 1171 2280 τοῦτο
1190 2215 1360 2296 ἐμπίπτειν,
1389 2217 1448 2282 τοῖς

300 2313 470 2394 φιλοκάλοις
487 2313 690 2401 διαγράφωμεν
710 2312 783 2380 αύτδ
804 2321 892 2381 τοῦτο
913 2314 947 2381 τύ
974 2319 1168 2399 3προοίμιον,
1199 2313 1373 2400 Πανάριον,
1401 2307 1447 2375 εἴτ’

299 2409 356 2483 ούν
379 2414 521 2500 κιβάτιον
542 2415 676 2503 ίατρικύν
695 2420 747 2483 καλ
763 2414 1010 2502 θηριοδηκτικύν,
1042 2416 1265 2501 ἑρμηνεύοντες,
1295 2415 1368 2499 ὅπερ
1390 2411 1448 2478 ἐστὶ

299 2515 349 2583 διά
365 2523 487 2602 βιβλίαν
503 2525 593 2603 τριῶν
613 2521 738 2604 αίρίσεις
752 2517 949 2605 ὀγδοήκοντα,
977 2521 1085 2594 αίτινίς
1101 2521 1154 2583 είσι
1172 2521 1306 2602 θηρίων,
1329 2513 1379 2582 εἶτ’
1396 2505 1448 2578 ούν

300 2623 445 2704 ἑρπετῶν,
475 2623 663 2706 4αίνίγματιι.
706 2625 777 2686 Μία
796 2621 828 2686 tt
848 2618 919 2702 μετά
934 2617 987 2696 τάς
1003 2617 1186 2706 ὀγδοήκοντα
1202 2616 1224 2701 ή
1240 2627 1295 2701 τῆς
1311 2617 1449 2699 ύληθείας

299 2721 386 2805 βάσις
406 2721 468 2804 ῶμα
489 2723 542 2786 καλ
564 2725 751 2798 διδασκαλία,
779 2723 831 2786 καλ
851 2720 995 2806 σωτήριος
1015 2724 1215 2807 πραγματεία,
1243 2722 1295 2785 καί
1321 2721 1448 2804 Χριστοῦ

299 2823 404 2906 νύμφη
429 2820 497 2908 άγία
519 2825 672 2904 ἐκκλησία,
704 2815 779 2888 ούσα
802 2824 855 2905 μὲν
878 2821 928 2888 εἶπ’
949 2826 1073 2901 αἰῶνος,
1102 2820 1152 2888 διά
1176 2823 1209 2887 δὲ
1229 2829 1285 2904 τῆς
1307 2818 1450 2904 ἔνσύρκον

302 2930 434 3006 Χριστοῦ
460 2928 625 3008 παρουσίας
648 2923 724 2988 κατά
746 2922 801 3007 τήν
821 2921 960 3008 διαδοχήν
981 2931 1036 2990 τοῦ
1058 2921 1167 3010 χρόνον
1187 2924 1276 3005 μέσον
1299 2929 1360 2986 τῶν
1381 2944 1449 3004 προ·

301 3025 462 3111 ειρημίνων
475 3023 730 3106 ύποκαλνφθεῖσα,
751 3027 804 3091 καλ
820 3022 872 3106 ύφ’
887 3023 972 3108 ήμῶν
986 3027 1018 3091 ἐν
1032 3023 1196 3108 ύπομνήσει
1212 3021 1261 3089 διά
1275 3031 1332 3089 τοῦ
1345 3018 1449 3106 κηρύγ-

300 3151 392 3210 ματος
414 3131 545 3213 Χριστοῦ
565 3135 721 3210 ταγθεῖσα,
750 3129 802 3192 καλ
828 3126 917 3192 πάλιν
938 3124 1009 3210 μετά
1035 3124 1132 3202 πάσας
1158 3125 1211 3202 τάς
1230 3131 1290 3190 τῶν
1312 3125 1450 3210 αἱρέσεων

1159 3233 1218 3291 τῶν
1235 3227 1380 3310 αίρίσεων
1403 3220 1451 3288 διά

299 3335 353 3411 τῆς
369 3327 560 3415 ύναγνῶσεως
574 3328 753 3396 διελθόντων
770 3327 823 3412 ύφ’
839 3327 925 3413 ήμῶν
941 3327 1000 3411 μετ’
1016 3333 1158 3411 ἐπιτομῆς
1176 3335 1230 3392 τοῦ
1247 3324 1357 3413 λόγον,
1378 3321 1450 3408 κατά

299 3427 354 3514 τήν
373 3437 433 3498 τῶν
454 3429 626 3498 άποστύλων
647 3435 853 3511 διδασκαλίαν,
876 3437 981 3513 σαφῶς
1002 3428 1226 3515 άπαγγελθεῖσα.

165 3551 232 3620 Κεφ,
250 3548 283 3605 α’.
385 3532 604 3619 Παραιλήθηιε
622 3533 654 3597 δλ
673 3531 781 3609 πάντες
799 3536 831 3598 οί
847 3531 1013 3614 φιλοκάλως
1028 3529 1249 3616 ἐντυγχάνοντες
1267 3535 1309 3618 τῷ
1327 3553 1359 3593 τι
1381 3551 1450 3609 προ-

300 3638 387 3724 οιμίῳ
409 3637 461 3700 καλ
486 3644 551 3710 ταῖς
569 3635 720 3718 μετέπειτα
745 3635 886 3720 αίρίσεσι,
914 3636 966 3699 καὶ
987 3640 1025 3723 τῇ
1047 3634 1115 3717 περὶ
1139 3629 1280 3714 άληθείας
1305 3628 1451 3714 άπολογίφ

301 3761 331 3802 τι
350 3738 400 3802 καί
419 3739 592 3826 διδασκαλίᾳ
611 3743 666 3818 τῆς
681 3731 837 3818 άληθείας,
864 3737 916 3802 καί
931 3739 1025 3800 πίστει
1043 3739 1096 3816 τῆς
1118 3730 1203 3818 άγίας
1219 3737 1389 3815 καθολικῆς
1409 3733 1454 3796 ἐκ·

333 3889 356 3942 1.
373 3895 401 3942 ίιι
422 3891 490 3942 editis
506 3891 640 3942 distinctum
661 3897 693 3944 τοί
714 3895 765 3942 ila:
788 3889 857 3957 Προ-
894 3889 920 3940 in
933 3890 1036 3940 brevem
1048 3905 1168 3939 summam
1183 3885 1341 3954 colligentes.
1366 3887 1454 3948 Quan-

300 3957 386 4024 σλμιον,
399 3953 444 4012 εἶτ’
456 3949 499 4012 σύν
509 3955 595 4010 λαλιάν
606 3956 755 4024 ἐπιγραφήν,
769 3951 855 4024 ῶσπερ
895 3957 1029 4025 ύοηαίδοιιι
1042 3957 1108 4006 enim
1123 3954 1271 4006 declamari
1283 3971 1371 4005 sumu:
1385 3951 1455 4004 vobi·

300 4023 479 4092 διαγράφοντες
499 4031 549 4076 cett.
586 4028 713 4077 Carnarius
733 4030 857 4078 convertit:
895 4035 921 4075 et
938 4024 1039 4076 nomina
1056 4034 1192 4084 sectarum,
1218 4033 1245 4073 et
1260 4023 1374 4074 αείαιίαο
1390 4016 1455 4088 apud
1486 4057 1487 4076 t

299 4093 474 4172 „Ptooemium
492 4093 741 4173 εἰναρτεείαιὶοιιεαι
759 4104 857 4174 τειρεεε
894 4092 962 4160 ipsos
973 4092 1082 4172 αοιὶοορο
1093 4089 1235 4170 τενρίαεατὶ,
1249 4107 1313 4158 quae
1325 4089 1399 4169 γαίριε
1409 4103 1454 4136 τε·

298 4161 859 4294 {matti:⁰2⁶31'223t3'352221'21
895 4167 1308 4294 ἓὲἓϊὲίίίέλῗῖδζὲτῖλῗ
1323 4169 1458 4276 λίῗὲἲιδὲἰ

299 4293 426 4345 subiectae
438 4295 595 4346 tractationis
606 4293 723 4346 indicium
734 4295 857 4362 μενοίνεο-
895 4311 1090 4346 commortorum
1106 4293 1286 4344 medicamenta
1304 4301 1331 4342 et
1350 4307 1456 4360 praeoc-

299 4373 373 4413 nmt:
394 4362 478 4413 unde“
497 4369 547 4414 οιίί.
895 4362 1010 4430 σσραεὶτι
1023 4377 1110 4412 eornm
1125 4361 1168 4429 qui
1184 4361 1251 4411 forte
1267 4358 1384 4426 ἰίίιιμιατί
1399 4359 1457 4416 nint.

331 4429 356 4482 2
376 4433 519 4482 θαναστίιιιτ
537 4459 590 4493 ,,-
599 4429 742 4498 praefamur
754 4429 788 4481 οδ
801 4447 856 4493 τοι,
893 4430 1015 4481 bonarum
1038 4446 1119 4479 rerum
1142 4427 1259 4479 studiosis
1281 4427 1455 4482 describimus,

298 4496 427 4559 οοτίιιὶαιί,
438 4513 468 4548 οι
477 4514 540 4566 quae
549 4497 581 4549 αδ
592 4497 740 4566 petitionem
748 4507 856 4549 vostram
893 4497 943 4550 hoc
958 4497 1039 4564 ipsum
1055 4495 1211 4564 prooemium
1228 4493 1379 4556 panarium,
1405 4491 1457 4544 sive

298 4575 386 4617 σοαλτα
400 4565 515 4617 haereses
527 4565 676 4633 scripsimus,
692 4583 790 4618 omnem
804 4583 856 4618 rem
895 4563 1025 4632 capsulam
1039 4564 1169 4624 ταοδίαιιπ,
1186 4573 1210 4613 et
1226 4561 1347 4614 adversus
1362 4561 1457 4614 besti·-
