<?xml version="1.0" encoding="UTF-8"?>
<!DOCTYPE html PUBLIC "-//W3C//DTD XHTML 1.0 Transitional//EN"
    "http://www.w3.org/TR/xhtml1/DTD/xhtml1-transitional.dtd">
<html xmlns="http://www.w3.org/1999/xhtml" xml:lang="en" lang="en">
 <head>
  <title>
</title>
<meta http-equiv="Content-Type" content="text/html;charset=utf-8" />
  <meta name='ocr-system' content='tesseract 3.04.00' />
  <meta name='ocr-capabilities' content='ocr_page ocr_carea ocr_par ocr_line ocrx_word'/>
</head>
<body>
  <div class='ocr_page' id='page_1' title='image "./corporishaerese03oehlgoog_0582.png"; bbox 0 0 2994 5024; ppageno 0'>
   <div class='ocr_carea' id='block_1_1' title="bbox 331 323 1214 386">
    <p class='ocr_par' dir='ltr' id='par_1_1' title="bbox 331 323 1214 386">
     <span class='ocr_line' id='line_1_1' title="bbox 331 323 1214 386; baseline 0.001 -3"><span class='ocrx_word' id='word_1_1' title='bbox 331 331 732 384; x_wconf 80' lang='lat' dir='ltr'><strong>rnuanumo.r.rou.ur.</strong></span> <span class='ocrx_word' id='word_1_2' title='bbox 750 329 942 382; x_wconf 78' lang='lat' dir='ltr'><strong>ununxou.</strong></span> <span class='ocrx_word' id='word_1_3' title='bbox 1154 323 1214 386; x_wconf 77' lang='lat'><strong>565</strong></span> 
     </span>
    </p>
   </div>
   <div class='ocr_carea' id='block_1_2' title="bbox 52 449 1366 4635">
    <p class='ocr_par' dir='ltr' id='par_1_2' title="bbox 57 449 1216 1444">
     <span class='ocr_line' id='line_1_2' title="bbox 61 449 1216 536; baseline 0.002 -21"><span class='ocrx_word' id='word_1_4' title='bbox 61 453 116 515; x_wconf 93' lang='lat' dir='ltr'><strong>rit.</strong></span> <span class='ocrx_word' id='word_1_5' title='bbox 161 449 253 536; x_wconf 82' lang='lat' dir='ltr'><strong>lgitur</strong></span> <span class='ocrx_word' id='word_1_6' title='bbox 271 454 371 518; x_wconf 87' lang='lat' dir='ltr'><strong>demus</strong></span> <span class='ocrx_word' id='word_1_7' title='bbox 390 453 469 516; x_wconf 93' lang='lat' dir='ltr'><strong>illurn</strong></span> <span class='ocrx_word' id='word_1_8' title='bbox 487 452 597 515; x_wconf 83' lang='lat' dir='ltr'><strong>uiribus</strong></span> <span class='ocrx_word' id='word_1_9' title='bbox 614 451 753 535; x_wconf 88' lang='lat' dir='ltr'><strong>imparem</strong></span> <span class='ocrx_word' id='word_1_10' title='bbox 770 471 855 529; x_wconf 89' lang='lat' dir='ltr'><strong>esse,</strong></span> <span class='ocrx_word' id='word_1_11' title='bbox 888 471 1028 534; x_wconf 83' lang='lat' dir='ltr'><strong>nusquam</strong></span> <span class='ocrx_word' id='word_1_12' title='bbox 1047 451 1216 518; x_wconf 80' lang='lat' dir='ltr'><strong>fabricatum</strong></span> 
     </span>
     <span class='ocr_line' id='line_1_3' title="bbox 61 552 1216 640; baseline 0.003 -24"><span class='ocrx_word' id='word_1_13' title='bbox 61 577 138 639; x_wconf 90' lang='lat' dir='ltr'><strong>opus</strong></span> <span class='ocrx_word' id='word_1_14' title='bbox 154 557 190 618; x_wconf 93' lang='lat' dir='ltr'><strong>ab</strong></span> <span class='ocrx_word' id='word_1_15' title='bbox 203 577 239 618; x_wconf 91' lang='lat' dir='ltr'><strong>co</strong></span> <span class='ocrx_word' id='word_1_16' title='bbox 256 569 392 620; x_wconf 74' lang='lat' dir='ltr'><strong>constare</strong></span> <span class='ocrx_word' id='word_1_17' title='bbox 405 555 527 640; x_wconf 91' lang='lat' dir='ltr'><strong>poterit,</strong></span> <span class='ocrx_word' id='word_1_18' title='bbox 551 556 602 617; x_wconf 89' lang='lat' dir='ltr'><strong>sed</strong></span> <span class='ocrx_word' id='word_1_19' title='bbox 617 553 784 638; x_wconf 86' lang='lat' dir='ltr'><strong>iampridem</strong></span> <span class='ocrx_word' id='word_1_20' title='bbox 801 552 982 617; x_wconf 86' lang='lat' dir='ltr'><strong>interciderit</strong></span> <span class='ocrx_word' id='word_1_21' title='bbox 994 565 1126 640; x_wconf 75' lang='lat' dir='ltr'>oportet,</span> <span class='ocrx_word' id='word_1_22' title='bbox 1150 577 1216 620; x_wconf 84' lang='lat' dir='ltr'><strong>cunr</strong></span> 
     </span>
     <span class='ocr_line' id='line_1_4' title="bbox 61 655 1216 743; baseline 0.003 -23"><span class='ocrx_word' id='word_1_23' title='bbox 61 658 169 722; x_wconf 88' lang='lat' dir='ltr'><strong>diebus</strong></span> <span class='ocrx_word' id='word_1_24' title='bbox 183 659 305 742; x_wconf 85' lang='lat' dir='ltr'><strong>siugulis</strong></span> <span class='ocrx_word' id='word_1_25' title='bbox 321 659 488 743; x_wconf 87' lang='lat' dir='ltr'><strong>decerptum</strong></span> <span class='ocrx_word' id='word_1_26' title='bbox 504 657 628 720; x_wconf 83' lang='lat' dir='ltr'>indidem</span> <span class='ocrx_word' id='word_1_27' title='bbox 645 655 751 740; x_wconf 91' lang='lat' dir='ltr'><strong>aliquid</strong></span> <span class='ocrx_word' id='word_1_28' title='bbox 771 655 874 741; x_wconf 91' lang='lat' dir='ltr'><strong>partim</strong></span> <span class='ocrx_word' id='word_1_29' title='bbox 894 677 912 718; x_wconf 91' lang='lat' dir='ltr'><strong>a</strong></span> <span class='ocrx_word' id='word_1_30' title='bbox 929 657 1004 722; x_wconf 91' lang='lat' dir='ltr'><strong>malo</strong></span> <span class='ocrx_word' id='word_1_31' title='bbox 1023 658 1166 742; x_wconf 88' lang='lat' dir='ltr'><strong>propriam</strong></span> <span class='ocrx_word' id='word_1_32' title='bbox 1186 659 1216 724; x_wconf 92' lang='lat' dir='ltr'><strong>in</strong></span> 
     </span>
     <span class='ocr_line' id='line_1_5' title="bbox 60 757 1215 846; baseline 0.003 -24"><span class='ocrx_word' id='word_1_33' title='bbox 60 761 233 844; x_wconf 80' lang='lat' dir='ltr'><strong>regionem,</strong></span> <span class='ocrx_word' id='word_1_34' title='bbox 267 761 369 846; x_wconf 91' lang='lat' dir='ltr'><strong>partim</strong></span> <span class='ocrx_word' id='word_1_35' title='bbox 392 783 408 823; x_wconf 88' lang='lat' dir='ltr'><strong>a</strong></span> <span class='ocrx_word' id='word_1_36' title='bbox 430 759 507 823; x_wconf 90' lang='lat' dir='ltr'><strong>bono</strong></span> <span class='ocrx_word' id='word_1_37' title='bbox 529 761 559 823; x_wconf 93' lang='lat' dir='ltr'><strong>in</strong></span> <span class='ocrx_word' id='word_1_38' title='bbox 576 761 727 845; x_wconf 76' lang='lat' dir='ltr'><strong>superiora</strong></span> <span class='ocrx_word' id='word_1_39' title='bbox 746 761 950 822; x_wconf 75' lang='lat' dir='ltr'><strong>transferatur.</strong></span> <span class='ocrx_word' id='word_1_40' title='bbox 998 757 1120 824; x_wconf 86' lang='lat' dir='ltr'><strong>Ubinam</strong></span> <span class='ocrx_word' id='word_1_41' title='bbox 1144 782 1215 846; x_wconf 83' lang='lat' dir='ltr'><strong>ergo</strong></span> 
     </span>
     <span class='ocr_line' id='line_1_6' title="bbox 60 859 1213 948; baseline 0.003 -24"><span class='ocrx_word' id='word_1_42' title='bbox 60 865 178 926; x_wconf 85' lang='lat' dir='ltr'><strong>dentum</strong></span> <span class='ocrx_word' id='word_1_43' title='bbox 195 863 264 926; x_wconf 91' lang='lat' dir='ltr'><strong>illud</strong></span> <span class='ocrx_word' id='word_1_44' title='bbox 280 862 423 948; x_wconf 82' lang='lat' dir='ltr'><strong>opificium</strong></span> <span class='ocrx_word' id='word_1_45' title='bbox 441 861 602 926; x_wconf 76' lang='lat' dir='ltr'><strong>consistet?</strong></span> <span class='ocrx_word' id='word_1_46' title='bbox 646 859 679 926; x_wconf 89' lang='lat' dir='ltr'><strong>Si</strong></span> <span class='ocrx_word' id='word_1_47' title='bbox 696 862 830 947; x_wconf 89' lang='lat' dir='ltr'><strong>paulatim</strong></span> <span class='ocrx_word' id='word_1_48' title='bbox 847 861 1006 924; x_wconf 90' lang='lat' dir='ltr'><strong>desiturum</strong></span> <span class='ocrx_word' id='word_1_49' title='bbox 1022 863 1213 946; x_wconf 82' lang='lat' dir='ltr'><strong>respondeas,</strong></span> 
     </span>
     <span class='ocr_line' id='line_1_7' title="bbox 59 965 1215 1050; baseline 0.003 -23"><span class='ocrx_word' id='word_1_50' title='bbox 59 987 97 1027; x_wconf 87' lang='lat' dir='ltr'><strong>ac</strong></span> <span class='ocrx_word' id='word_1_51' title='bbox 120 965 187 1028; x_wconf 91' lang='lat' dir='ltr'><strong>boui</strong></span> <span class='ocrx_word' id='word_1_52' title='bbox 209 987 280 1029; x_wconf 88' lang='lat' dir='ltr'><strong>cura</strong></span> <span class='ocrx_word' id='word_1_53' title='bbox 305 965 458 1050; x_wconf 89' lang='lat' dir='ltr'><strong>studioque</strong></span> <span class='ocrx_word' id='word_1_54' title='bbox 483 967 567 1028; x_wconf 85' lang='lat' dir='ltr'><strong>tinent</strong></span> <span class='ocrx_word' id='word_1_55' title='bbox 585 965 739 1049; x_wconf 87' lang='lat' dir='ltr'><strong>aliquando</strong></span> <span class='ocrx_word' id='word_1_56' title='bbox 753 976 995 1042; x_wconf 82' lang='lat' dir='ltr'><strong>consecuturum,</strong></span> <span class='ocrx_word' id='word_1_57' title='bbox 1028 985 1124 1028; x_wconf 90' lang='lat' dir='ltr'><strong>nonne</strong></span> <span class='ocrx_word' id='word_1_58' title='bbox 1144 966 1215 1030; x_wconf 87' lang='lat' dir='ltr'><strong>illoti</strong></span> 
     </span>
     <span class='ocr_line' id='line_1_8' title="bbox 59 1067 1214 1152; baseline 0.002 -22"><span class='ocrx_word' id='word_1_59' title='bbox 59 1068 160 1130; x_wconf 88' lang='lat' dir='ltr'><strong>damni</strong></span> <span class='ocrx_word' id='word_1_60' title='bbox 178 1068 290 1152; x_wconf 89' lang='lat' dir='ltr'><strong>culpam</strong></span> <span class='ocrx_word' id='word_1_61' title='bbox 309 1068 401 1132; x_wconf 90' lang='lat' dir='ltr'><strong>bouus</strong></span> <span class='ocrx_word' id='word_1_62' title='bbox 420 1069 475 1131; x_wconf 91' lang='lat' dir='ltr'><strong>istc</strong></span> <span class='ocrx_word' id='word_1_63' title='bbox 492 1069 665 1146; x_wconf 84' lang='lat' dir='ltr'><strong>sustinebit,</strong></span> <span class='ocrx_word' id='word_1_64' title='bbox 689 1067 737 1151; x_wconf 92' lang='lat' dir='ltr'><strong>qui</strong></span> <span class='ocrx_word' id='word_1_65' title='bbox 754 1068 829 1151; x_wconf 90' lang='lat' dir='ltr'><strong>quod</strong></span> <span class='ocrx_word' id='word_1_66' title='bbox 846 1067 913 1130; x_wconf 92' lang='lat' dir='ltr'><strong>boni</strong></span> <span class='ocrx_word' id='word_1_67' title='bbox 931 1068 1035 1129; x_wconf 83' lang='lat' dir='ltr'><strong>iecisse</strong></span> <span class='ocrx_word' id='word_1_68' title='bbox 1054 1078 1156 1151; x_wconf 88' lang='lat' dir='ltr'><strong>postea</strong></span> <span class='ocrx_word' id='word_1_69' title='bbox 1171 1069 1214 1132; x_wconf 89' lang='lat' dir='ltr'><strong>vi-</strong></span> 
     </span>
     <span class='ocr_line' id='line_1_9' title="bbox 57 1169 1215 1255; baseline 0.002 -21"><span class='ocrx_word' id='word_1_70' title='bbox 57 1191 114 1234; x_wconf 86' lang='lat' dir='ltr'><strong>sus</strong></span> <span class='ocrx_word' id='word_1_71' title='bbox 133 1182 194 1246; x_wconf 90' lang='lat' dir='ltr'><strong>est,</strong></span> <span class='ocrx_word' id='word_1_72' title='bbox 219 1192 276 1232; x_wconf 88' lang='lat' dir='ltr'><strong>nnn</strong></span> <span class='ocrx_word' id='word_1_73' title='bbox 296 1170 344 1233; x_wconf 92' lang='lat' dir='ltr'><strong>diu</strong></span> <span class='ocrx_word' id='word_1_74' title='bbox 360 1181 445 1248; x_wconf 91' lang='lat' dir='ltr'><strong>autc,</strong></span> <span class='ocrx_word' id='word_1_75' title='bbox 470 1173 601 1255; x_wconf 88' lang='lat' dir='ltr'><strong>adeoque</strong></span> <span class='ocrx_word' id='word_1_76' title='bbox 616 1170 699 1234; x_wconf 90' lang='lat' dir='ltr'><strong>initio</strong></span> <span class='ocrx_word' id='word_1_77' title='bbox 715 1169 889 1254; x_wconf 76' lang='lat' dir='ltr'><strong>perfecerit,</strong></span> <span class='ocrx_word' id='word_1_78' title='bbox 914 1180 1066 1252; x_wconf 88' lang='lat' dir='ltr'><strong>antequam</strong></span> <span class='ocrx_word' id='word_1_79' title='bbox 1084 1169 1215 1255; x_wconf 83' lang='lat' dir='ltr'><strong>plerique</strong></span> 
     </span>
     <span class='ocr_line' id='line_1_10' title="bbox 58 1271 1215 1358; baseline 0.003 -24"><span class='ocrx_word' id='word_1_80' title='bbox 58 1272 196 1335; x_wconf 87' lang='lat' dir='ltr'><strong>iniuriam</strong></span> <span class='ocrx_word' id='word_1_81' title='bbox 213 1273 396 1358; x_wconf 80' lang='lat' dir='ltr'><strong>arriperent,</strong></span> <span class='ocrx_word' id='word_1_82' title='bbox 427 1283 456 1336; x_wconf 89' lang='lat' dir='ltr'><strong>et</strong></span> <span class='ocrx_word' id='word_1_83' title='bbox 472 1275 501 1336; x_wconf 92' lang='lat' dir='ltr'><strong>io</strong></span> <span class='ocrx_word' id='word_1_84' title='bbox 517 1273 620 1337; x_wconf 85' lang='lat' dir='ltr'><strong>iudicis</strong></span> <span class='ocrx_word' id='word_1_85' title='bbox 638 1283 782 1357; x_wconf 84' lang='lat' dir='ltr'><strong>potestate</strong></span> <span class='ocrx_word' id='word_1_86' title='bbox 800 1271 908 1336; x_wconf 91' lang='lat' dir='ltr'><strong>detenti</strong></span> <span class='ocrx_word' id='word_1_87' title='bbox 929 1271 1068 1336; x_wconf 77' lang='lat' dir='ltr'><strong>inferiore</strong></span> <span class='ocrx_word' id='word_1_88' title='bbox 1086 1273 1151 1338; x_wconf 88' lang='lat' dir='ltr'><strong>loeo</strong></span> <span class='ocrx_word' id='word_1_89' title='bbox 1168 1295 1215 1338; x_wconf 90' lang='lat' dir='ltr'><strong>re·</strong></span> 
     </span>
     <span class='ocr_line' id='line_1_11' title="bbox 57 1375 236 1444; baseline -0.011 -6"><span class='ocrx_word' id='word_1_90' title='bbox 57 1375 236 1444; x_wconf 82' lang='lat' dir='ltr'><strong>manerent?</strong></span> 
     </span>
    </p>

    <p class='ocr_par' dir='ltr' id='par_1_3' title="bbox 52 1474 1366 4635">
     <span class='ocr_line' id='line_1_12' title="bbox 149 1474 1366 1566; baseline 0 -24"><span class='ocrx_word' id='word_1_91' title='bbox 149 1474 208 1542; x_wconf 88' lang='lat' dir='ltr'><strong>lam</strong></span> <span class='ocrx_word' id='word_1_92' title='bbox 226 1478 301 1561; x_wconf 92' lang='lat' dir='ltr'><strong>quod</strong></span> <span class='ocrx_word' id='word_1_93' title='bbox 319 1497 335 1542; x_wconf 92' lang='lat' dir='ltr'><strong>e</strong></span> <span class='ocrx_word' id='word_1_94' title='bbox 351 1478 443 1541; x_wconf 88' lang='lat' dir='ltr'><strong>sacris</strong></span> <span class='ocrx_word' id='word_1_95' title='bbox 459 1479 655 1564; x_wconf 89' lang='lat' dir='ltr'><strong>depromptum</strong></span> <span class='ocrx_word' id='word_1_96' title='bbox 672 1476 765 1541; x_wconf 90' lang='lat' dir='ltr'><strong>literis</strong></span> <span class='ocrx_word' id='word_1_97' title='bbox 782 1477 884 1555; x_wconf 77' lang='lat' dir='ltr'><strong>affert,</strong></span> <span class='ocrx_word' id='word_1_98' title='bbox 909 1497 945 1539; x_wconf 93' lang='lat' dir='ltr'><strong>eo</strong></span> <span class='ocrx_word' id='word_1_99' title='bbox 962 1497 1113 1562; x_wconf 87' lang='lat' dir='ltr'><strong>perperam</strong></span> <span class='ocrx_word' id='word_1_100' title='bbox 1129 1479 1213 1542; x_wconf 90' lang='lat' dir='ltr'><strong>intel·</strong></span> <span class='ocrx_word' id='word_1_101' title='bbox 1231 1497 1290 1566; x_wconf 72' lang='lat' dir='ltr'><strong>cip.</strong></span> <span class='ocrx_word' id='word_1_102' title='bbox 1302 1499 1366 1550; x_wconf 80' lang='lat' dir='ltr'><strong>vrri,</strong></span> 
     </span>
     <span class='ocr_line' id='line_1_13' title="bbox 55 1579 1212 1665; baseline 0 -21"><span class='ocrx_word' id='word_1_103' title='bbox 55 1583 155 1659; x_wconf 87' lang='lat' dir='ltr'><strong>lecto,</strong></span> <span class='ocrx_word' id='word_1_104' title='bbox 186 1590 272 1663; x_wconf 87' lang='lat' dir='ltr'><strong>atque</strong></span> <span class='ocrx_word' id='word_1_105' title='bbox 291 1581 414 1664; x_wconf 89' lang='lat' dir='ltr'><strong>apostoli</strong></span> <span class='ocrx_word' id='word_1_106' title='bbox 435 1581 590 1665; x_wconf 87' lang='lat' dir='ltr'><strong>depravata</strong></span> <span class='ocrx_word' id='word_1_107' title='bbox 610 1579 773 1659; x_wconf 87' lang='lat' dir='ltr'><strong>sententie,</strong></span> <span class='ocrx_word' id='word_1_108' title='bbox 805 1579 970 1642; x_wconf 87' lang='lat' dir='ltr'><strong>rudioribus</strong></span> <span class='ocrx_word' id='word_1_109' title='bbox 990 1582 1084 1644; x_wconf 84' lang='lat' dir='ltr'><strong>lucum</strong></span> <span class='ocrx_word' id='word_1_110' title='bbox 1102 1580 1212 1661; x_wconf 92' lang='lat' dir='ltr'><strong>obiicit,</strong></span> 
     </span>
     <span class='ocr_line' id='line_1_14' title="bbox 56 1681 1364 1766; baseline 0.003 -20"><span class='ocrx_word' id='word_1_111' title='bbox 56 1705 126 1746; x_wconf 87' lang='lat' dir='ltr'><strong>cum</strong></span> <span class='ocrx_word' id='word_1_112' title='bbox 144 1683 183 1746; x_wconf 80' lang='lat' dir='ltr'><strong>ite</strong></span> <span class='ocrx_word' id='word_1_113' title='bbox 199 1681 327 1765; x_wconf 87' lang='lat' dir='ltr'><strong>loquitur</strong></span> <span class='ocrx_word' id='word_1_114' title='bbox 342 1682 506 1766; x_wconf 83' lang='lat' dir='ltr'><strong>apostolus:</strong></span> <span class='ocrx_word' id='word_1_115' title='bbox 533 1687 662 1744; x_wconf 81' lang='lat' dir='ltr'><strong>Cdrr&#39;stus</strong></span> <span class='ocrx_word' id='word_1_116' title='bbox 676 1705 727 1744; x_wconf 85' lang='lat' dir='ltr'><strong>nos</strong></span> <span class='ocrx_word' id='word_1_117' title='bbox 743 1705 761 1743; x_wconf 93' lang='lat' dir='ltr'><strong>o</strong></span> <span class='ocrx_word' id='word_1_118' title='bbox 778 1686 924 1744; x_wconf 74' lang='lat' dir='ltr'><strong>moledtbto</strong></span> <span class='ocrx_word' id='word_1_119' title='bbox 938 1687 1069 1757; x_wconf 66' lang='lat' dir='ltr'><strong>redemti,</strong></span> <span class='ocrx_word' id='word_1_120' title='bbox 1090 1706 1145 1764; x_wconf 82' lang='lat' dir='ltr'><strong>pro</strong></span> <span class='ocrx_word' id='word_1_121' title='bbox 1161 1707 1211 1745; x_wconf 86' lang='lat' dir='ltr'><strong>no-</strong></span> <span class='ocrx_word' id='word_1_122' title='bbox 1223 1701 1364 1758; x_wconf 68' lang='lat' dir='ltr'><strong>oatstatt</strong></span> 
     </span>
     <span class='ocr_line' id='line_1_15' title="bbox 55 1783 1214 1871; baseline 0.003 -24"><span class='ocrx_word' id='word_1_123' title='bbox 55 1789 103 1847; x_wconf 79' lang='lat' dir='ltr'><strong>bis</strong></span> <span class='ocrx_word' id='word_1_124' title='bbox 111 1788 214 1868; x_wconf 84' lang='lat' dir='ltr'><strong>suetus</strong></span> <span class='ocrx_word' id='word_1_125' title='bbox 230 1789 416 1846; x_wconf 79' lang='lat' dir='ltr'><strong>meledictum.</strong></span> <span class='ocrx_word' id='word_1_126' title='bbox 464 1783 511 1848; x_wconf 79' lang='lat' dir='ltr'><strong>En</strong></span> <span class='ocrx_word' id='word_1_127' title='bbox 529 1806 585 1869; x_wconf 93' lang='lat' dir='ltr'><strong>quo</strong></span> <span class='ocrx_word' id='word_1_128' title='bbox 600 1787 676 1848; x_wconf 88' lang='lat' dir='ltr'><strong>istud</strong></span> <span class='ocrx_word' id='word_1_129' title='bbox 691 1785 812 1868; x_wconf 82' lang='lat' dir='ltr'><strong>colligit,</strong></span> <span class='ocrx_word' id='word_1_130' title='bbox 837 1784 862 1847; x_wconf 88' lang='lat' dir='ltr'><strong>si</strong></span> <span class='ocrx_word' id='word_1_131' title='bbox 879 1785 970 1871; x_wconf 87' lang='lat' dir='ltr'><strong>ipsius</strong></span> <span class='ocrx_word' id='word_1_132' title='bbox 985 1805 1130 1865; x_wconf 90' lang='lat' dir='ltr'><strong>essemus,</strong></span> <span class='ocrx_word' id='word_1_133' title='bbox 1155 1807 1214 1852; x_wconf 89' lang='lat' dir='ltr'><strong>uon</strong></span> 
     </span>
     <span class='ocr_line' id='line_1_16' title="bbox 56 1883 1214 1973; baseline 0.001 -22"><span class='ocrx_word' id='word_1_134' title='bbox 56 1889 161 1972; x_wconf 91' lang='lat' dir='ltr'><strong>utiquc</strong></span> <span class='ocrx_word' id='word_1_135' title='bbox 182 1888 257 1972; x_wconf 92' lang='lat' dir='ltr'><strong>quod</strong></span> <span class='ocrx_word' id='word_1_136' title='bbox 281 1888 336 1950; x_wconf 90' lang='lat' dir='ltr'><strong>iam</strong></span> <span class='ocrx_word' id='word_1_137' title='bbox 360 1907 442 1950; x_wconf 86' lang='lat' dir='ltr'><strong>suum</strong></span> <span class='ocrx_word' id='word_1_138' title='bbox 462 1899 526 1950; x_wconf 90' lang='lat' dir='ltr'><strong>erat</strong></span> <span class='ocrx_word' id='word_1_139' title='bbox 545 1889 760 1973; x_wconf 84' lang='lat' dir='ltr'><strong>redempturum</strong></span> <span class='ocrx_word' id='word_1_140' title='bbox 782 1887 882 1951; x_wconf 88' lang='lat' dir='ltr'><strong>luisse.</strong></span> <span class='ocrx_word' id='word_1_141' title='bbox 931 1883 1004 1951; x_wconf 87' lang='lat' dir='ltr'><strong>Cum</strong></span> <span class='ocrx_word' id='word_1_142' title='bbox 1024 1887 1113 1970; x_wconf 77' lang='lat' dir='ltr'><strong>igitur</strong></span> <span class='ocrx_word' id='word_1_143' title='bbox 1130 1891 1214 1952; x_wconf 90' lang='lat' dir='ltr'><strong>rede·</strong></span> 
     </span>
     <span class='ocr_line' id='line_1_17' title="bbox 56 1989 1214 2074; baseline 0.002 -20"><span class='ocrx_word' id='word_1_144' title='bbox 56 1992 151 2054; x_wconf 87' lang='lat' dir='ltr'><strong>misse</strong></span> <span class='ocrx_word' id='word_1_145' title='bbox 170 1991 298 2070; x_wconf 84' lang='lat' dir='ltr'><strong>dir-atur,</strong></span> <span class='ocrx_word' id='word_1_146' title='bbox 332 2011 454 2054; x_wconf 90' lang='lat' dir='ltr'><strong>necesse</strong></span> <span class='ocrx_word' id='word_1_147' title='bbox 474 2003 520 2054; x_wconf 91' lang='lat' dir='ltr'><strong>est</strong></span> <span class='ocrx_word' id='word_1_148' title='bbox 536 1990 661 2053; x_wconf 88' lang='lat' dir='ltr'><strong>alienum</strong></span> <span class='ocrx_word' id='word_1_149' title='bbox 677 1989 707 2051; x_wconf 93' lang='lat' dir='ltr'><strong>iu</strong></span> <span class='ocrx_word' id='word_1_150' title='bbox 728 1991 863 2052; x_wconf 90' lang='lat' dir='ltr'><strong>muudum</strong></span> <span class='ocrx_word' id='word_1_151' title='bbox 882 1990 983 2074; x_wconf 89' lang='lat' dir='ltr'><strong>pedem</strong></span> <span class='ocrx_word' id='word_1_152' title='bbox 999 1991 1148 2074; x_wconf 83' lang='lat' dir='ltr'><strong>posuisse,</strong></span> <span class='ocrx_word' id='word_1_153' title='bbox 1183 2003 1214 2056; x_wconf 90' lang='lat' dir='ltr'><strong>ut</strong></span> 
     </span>
     <span class='ocr_line' id='line_1_18' title="bbox 56 2089 1211 2178; baseline -0.002 -22"><span class='ocrx_word' id='word_1_154' title='bbox 56 2115 134 2173; x_wconf 92' lang='lat' dir='ltr'><strong>nos,</strong></span> <span class='ocrx_word' id='word_1_155' title='bbox 168 2093 387 2178; x_wconf 89' lang='lat' dir='ltr'><strong>quiilliosnnn</strong></span> <span class='ocrx_word' id='word_1_156' title='bbox 407 2114 557 2170; x_wconf 86' lang='lat' dir='ltr'><strong>essemus,</strong></span> <span class='ocrx_word' id='word_1_157' title='bbox 589 2092 758 2156; x_wconf 90' lang='lat' dir='ltr'><strong>redimeret.</strong></span> <span class='ocrx_word' id='word_1_158' title='bbox 805 2089 888 2176; x_wconf 85' lang='lat' dir='ltr'><strong>Opus</strong></span> <span class='ocrx_word' id='word_1_159' title='bbox 908 2091 985 2154; x_wconf 91' lang='lat' dir='ltr'><strong>enim</strong></span> <span class='ocrx_word' id='word_1_160' title='bbox 1005 2094 1211 2156; x_wconf 85' lang='lat' dir='ltr'><strong>erarnusalte-</strong></span> 
     </span>
     <span class='ocr_line' id='line_1_19' title="bbox 55 2191 1211 2280; baseline -0.003 -19"><span class='ocrx_word' id='word_1_161' title='bbox 55 2198 141 2276; x_wconf 89' lang='lat' dir='ltr'><strong>rios,</strong></span> <span class='ocrx_word' id='word_1_162' title='bbox 171 2196 295 2280; x_wconf 89' lang='lat' dir='ltr'><strong>ideoque</strong></span> <span class='ocrx_word' id='word_1_163' title='bbox 317 2217 370 2260; x_wconf 90' lang='lat' dir='ltr'><strong>nos</strong></span> <span class='ocrx_word' id='word_1_164' title='bbox 392 2197 480 2260; x_wconf 89' lang='lat' dir='ltr'><strong>vitam</strong></span> <span class='ocrx_word' id='word_1_165' title='bbox 503 2197 537 2260; x_wconf 91' lang='lat' dir='ltr'><strong>ad</strong></span> <span class='ocrx_word' id='word_1_166' title='bbox 557 2216 637 2259; x_wconf 90' lang='lat' dir='ltr'><strong>suam</strong></span> <span class='ocrx_word' id='word_1_167' title='bbox 658 2196 898 2280; x_wconf 89' lang='lat' dir='ltr'><strong>transportandos</strong></span> <span class='ocrx_word' id='word_1_168' title='bbox 918 2195 1052 2258; x_wconf 88' lang='lat' dir='ltr'><strong>redemit.</strong></span> <span class='ocrx_word' id='word_1_169' title='bbox 1098 2191 1211 2258; x_wconf 89' lang='lat' dir='ltr'><strong>Verum</strong></span> 
     </span>
     <span class='ocr_line' id='line_1_20' title="bbox 56 2278 1306 2382; baseline -0.003 -19"><span class='ocrx_word' id='word_1_170' title='bbox 56 2301 129 2364; x_wconf 92' lang='lat' dir='ltr'><strong>illud</strong></span> <span class='ocrx_word' id='word_1_171' title='bbox 154 2299 299 2362; x_wconf 90' lang='lat' dir='ltr'><strong>bominum</strong></span> <span class='ocrx_word' id='word_1_172' title='bbox 322 2298 527 2362; x_wconf 89' lang='lat' dir='ltr'><strong>stolidissimus</strong></span> <span class='ocrx_word' id='word_1_173' title='bbox 550 2299 683 2382; x_wconf 83' lang='lat' dir='ltr'><strong>ignorat,</strong></span> <span class='ocrx_word' id='word_1_174' title='bbox 719 2319 899 2382; x_wconf 88' lang='lat' dir='ltr'><strong>nequaquam</strong></span> <span class='ocrx_word' id='word_1_175' title='bbox 921 2295 1070 2361; x_wconf 84' lang='lat' dir='ltr'><strong>Christum</strong></span> <span class='ocrx_word' id='word_1_176' title='bbox 1093 2297 1211 2360; x_wconf 89' lang='lat' dir='ltr'><strong>maledi·</strong></span> <span class='ocrx_word' id='word_1_177' title='bbox 1299 2278 1306 2292; x_wconf 51' lang='lat'>⁸</span> 
     </span>
     <span class='ocr_line' id='line_1_21' title="bbox 57 2399 1210 2486; baseline -0.002 -20"><span class='ocrx_word' id='word_1_178' title='bbox 57 2414 138 2466; x_wconf 91' lang='lat' dir='ltr'><strong>ctum</strong></span> <span class='ocrx_word' id='word_1_179' title='bbox 162 2402 269 2478; x_wconf 87' lang='lat' dir='ltr'><strong>luisse,</strong></span> <span class='ocrx_word' id='word_1_180' title='bbox 300 2401 376 2464; x_wconf 86' lang='lat' dir='ltr'><strong>absit</strong></span> <span class='ocrx_word' id='word_1_181' title='bbox 395 2411 427 2463; x_wconf 91' lang='lat' dir='ltr'><strong>ut</strong></span> <span class='ocrx_word' id='word_1_182' title='bbox 443 2401 583 2464; x_wconf 90' lang='lat' dir='ltr'><strong>eiusmodi</strong></span> <span class='ocrx_word' id='word_1_183' title='bbox 603 2400 735 2486; x_wconf 81' lang='lat' dir='ltr'><strong>quiddam</strong></span> <span class='ocrx_word' id='word_1_184' title='bbox 756 2401 947 2478; x_wconf 88' lang='lat' dir='ltr'><strong>arbitremur,</strong></span> <span class='ocrx_word' id='word_1_185' title='bbox 980 2399 1031 2462; x_wconf 90' lang='lat' dir='ltr'><strong>sed</strong></span> <span class='ocrx_word' id='word_1_186' title='bbox 1051 2421 1115 2462; x_wconf 94' lang='lat' dir='ltr'><strong>cum</strong></span> <span class='ocrx_word' id='word_1_187' title='bbox 1134 2401 1210 2465; x_wconf 91' lang='lat' dir='ltr'><strong>ultro</strong></span> 
     </span>
     <span class='ocr_line' id='line_1_22' title="bbox 55 2501 1212 2587; baseline -0.001 -20"><span class='ocrx_word' id='word_1_188' title='bbox 55 2523 178 2568; x_wconf 90' lang='lat' dir='ltr'><strong>crucem</strong></span> <span class='ocrx_word' id='word_1_189' title='bbox 197 2502 353 2582; x_wconf 78' lang='lat' dir='ltr'><strong>subiisset,</strong></span> <span class='ocrx_word' id='word_1_190' title='bbox 377 2513 557 2568; x_wconf 88' lang='lat' dir='ltr'><strong>contractum</strong></span> <span class='ocrx_word' id='word_1_191' title='bbox 576 2525 591 2566; x_wconf 91' lang='lat' dir='ltr'><strong>a</strong></span> <span class='ocrx_word' id='word_1_192' title='bbox 611 2503 695 2566; x_wconf 90' lang='lat' dir='ltr'><strong>nobis</strong></span> <span class='ocrx_word' id='word_1_193' title='bbox 713 2524 752 2565; x_wconf 82' lang='lat' dir='ltr'><strong>ex</strong></span> <span class='ocrx_word' id='word_1_194' title='bbox 772 2515 891 2587; x_wconf 91' lang='lat' dir='ltr'><strong>peccato</strong></span> <span class='ocrx_word' id='word_1_195' title='bbox 911 2501 1092 2565; x_wconf 88' lang='lat' dir='ltr'><strong>maledictum</strong></span> <span class='ocrx_word' id='word_1_196' title='bbox 1112 2503 1212 2566; x_wconf 90' lang='lat' dir='ltr'><strong>abstu-</strong></span> 
     </span>
     <span class='ocr_line' id='line_1_23' title="bbox 55 2605 1209 2690; baseline -0.001 -20"><span class='ocrx_word' id='word_1_197' title='bbox 55 2609 149 2684; x_wconf 89' lang='lat' dir='ltr'><strong>lissc,</strong></span> <span class='ocrx_word' id='word_1_198' title='bbox 183 2615 214 2668; x_wconf 88' lang='lat' dir='ltr'><strong>ut</strong></span> <span class='ocrx_word' id='word_1_199' title='bbox 236 2627 314 2670; x_wconf 89' lang='lat' dir='ltr'><strong>mors</strong></span> <span class='ocrx_word' id='word_1_200' title='bbox 338 2607 549 2690; x_wconf 89' lang='lat' dir='ltr'><strong>quodammodo</strong></span> <span class='ocrx_word' id='word_1_201' title='bbox 573 2607 675 2670; x_wconf 88' lang='lat' dir='ltr'><strong>mortis</strong></span> <span class='ocrx_word' id='word_1_202' title='bbox 698 2615 778 2668; x_wconf 89' lang='lat' dir='ltr'><strong>esset</strong></span> <span class='ocrx_word' id='word_1_203' title='bbox 807 2605 890 2690; x_wconf 90' lang='lat' dir='ltr'><strong>culpa</strong></span> <span class='ocrx_word' id='word_1_204' title='bbox 919 2613 1017 2668; x_wconf 89' lang='lat' dir='ltr'><strong>nostra</strong></span> <span class='ocrx_word' id='word_1_205' title='bbox 1043 2615 1209 2690; x_wconf 80' lang='lat' dir='ltr'><strong>susceptae,</strong></span> 
     </span>
     <span class='ocr_line' id='line_1_24' title="bbox 53 2703 1210 2794; baseline -0.001 -23"><span class='ocrx_word' id='word_1_206' title='bbox 53 2710 208 2794; x_wconf 85' lang='lat' dir='ltr'><strong>ipsiusque</strong></span> <span class='ocrx_word' id='word_1_207' title='bbox 234 2709 378 2773; x_wconf 88' lang='lat' dir='ltr'><strong>maledieti</strong></span> <span class='ocrx_word' id='word_1_208' title='bbox 404 2709 598 2773; x_wconf 87' lang='lat' dir='ltr'><strong>maledictum.</strong></span> <span class='ocrx_word' id='word_1_209' title='bbox 651 2704 751 2789; x_wconf 85' lang='lat' dir='ltr'><strong>Quare</strong></span> <span class='ocrx_word' id='word_1_210' title='bbox 781 2706 963 2770; x_wconf 88' lang='lat' dir='ltr'><strong>maledictum</strong></span> <span class='ocrx_word' id='word_1_211' title='bbox 990 2703 1125 2772; x_wconf 83' lang='lat' dir='ltr'><strong>Cbristus</strong></span> <span class='ocrx_word' id='word_1_212' title='bbox 1151 2727 1210 2771; x_wconf 89' lang='lat' dir='ltr'><strong>non</strong></span> 
     </span>
     <span class='ocr_line' id='line_1_25' title="bbox 54 2809 1211 2888; baseline -0.002 -14"><span class='ocrx_word' id='word_1_213' title='bbox 54 2823 121 2888; x_wconf 88' lang='lat' dir='ltr'><strong>est,</strong></span> <span class='ocrx_word' id='word_1_214' title='bbox 156 2811 207 2874; x_wconf 89' lang='lat' dir='ltr'><strong>scd</strong></span> <span class='ocrx_word' id='word_1_215' title='bbox 231 2811 382 2875; x_wconf 90' lang='lat' dir='ltr'><strong>dissolutio</strong></span> <span class='ocrx_word' id='word_1_216' title='bbox 405 2811 567 2888; x_wconf 88' lang='lat' dir='ltr'><strong>maledicti,</strong></span> <span class='ocrx_word' id='word_1_217' title='bbox 602 2821 703 2874; x_wconf 84' lang='lat' dir='ltr'><strong>corrtra</strong></span> <span class='ocrx_word' id='word_1_218' title='bbox 726 2829 798 2874; x_wconf 89' lang='lat' dir='ltr'><strong>veru</strong></span> <span class='ocrx_word' id='word_1_219' title='bbox 821 2809 985 2872; x_wconf 87' lang='lat' dir='ltr'><strong>benedictio</strong></span> <span class='ocrx_word' id='word_1_220' title='bbox 1009 2809 1143 2874; x_wconf 88' lang='lat' dir='ltr'><strong>omuibus</strong></span> <span class='ocrx_word' id='word_1_221' title='bbox 1165 2819 1211 2873; x_wconf 87' lang='lat' dir='ltr'><strong>cst</strong></span> 
     </span>
     <span class='ocr_line' id='line_1_26' title="bbox 53 2909 1207 2995; baseline -0.003 -17"><span class='ocrx_word' id='word_1_222' title='bbox 53 2916 85 2978; x_wconf 94' lang='lat' dir='ltr'><strong>in</strong></span> <span class='ocrx_word' id='word_1_223' title='bbox 105 2935 172 2977; x_wconf 88' lang='lat' dir='ltr'><strong>eom</strong></span> <span class='ocrx_word' id='word_1_224' title='bbox 190 2935 260 2977; x_wconf 87' lang='lat' dir='ltr'><strong>vere</strong></span> <span class='ocrx_word' id='word_1_225' title='bbox 281 2936 315 2978; x_wconf 92' lang='lat' dir='ltr'><strong>ao</strong></span> <span class='ocrx_word' id='word_1_226' title='bbox 333 2916 448 2978; x_wconf 89' lang='lat' dir='ltr'><strong>sincere</strong></span> <span class='ocrx_word' id='word_1_227' title='bbox 466 2913 662 2977; x_wconf 88' lang='lat' dir='ltr'><strong>credentibus.</strong></span> <span class='ocrx_word' id='word_1_228' title='bbox 708 2909 793 2976; x_wconf 88' lang='lat' dir='ltr'><strong>Unde</strong></span> <span class='ocrx_word' id='word_1_229' title='bbox 812 2923 841 2974; x_wconf 89' lang='lat' dir='ltr'><strong>et</strong></span> <span class='ocrx_word' id='word_1_230' title='bbox 857 2917 974 2973; x_wconf 81' lang='lat' dir='ltr'><strong>redemit</strong></span> <span class='ocrx_word' id='word_1_231' title='bbox 992 2912 1130 2995; x_wconf 89' lang='lat' dir='ltr'><strong>seriptum</strong></span> <span class='ocrx_word' id='word_1_232' title='bbox 1149 2921 1207 2990; x_wconf 90' lang='lat' dir='ltr'><strong>est,</strong></span> 
     </span>
     <span class='ocr_line' id='line_1_27' title="bbox 55 3013 1209 3101; baseline -0.002 -21"><span class='ocrx_word' id='word_1_233' title='bbox 55 3039 116 3080; x_wconf 94' lang='lat' dir='ltr'><strong>non</strong></span> <span class='ocrx_word' id='word_1_234' title='bbox 133 3023 210 3078; x_wconf 79' lang='lat' dir='ltr'><strong>mart.</strong></span> <span class='ocrx_word' id='word_1_235' title='bbox 251 3014 357 3101; x_wconf 89' lang='lat' dir='ltr'><strong>Neque</strong></span> <span class='ocrx_word' id='word_1_236' title='bbox 373 3017 450 3080; x_wconf 90' lang='lat' dir='ltr'><strong>enim</strong></span> <span class='ocrx_word' id='word_1_237' title='bbox 468 3017 495 3078; x_wconf 91' lang='lat' dir='ltr'><strong>iu</strong></span> <span class='ocrx_word' id='word_1_238' title='bbox 512 3016 634 3078; x_wconf 89' lang='lat' dir='ltr'><strong>alienam</strong></span> <span class='ocrx_word' id='word_1_239' title='bbox 652 3016 867 3100; x_wconf 89' lang='lat' dir='ltr'><strong>possessionem</strong></span> <span class='ocrx_word' id='word_1_240' title='bbox 883 3013 1034 3098; x_wconf 91' lang='lat' dir='ltr'><strong>diripiendi</strong></span> <span class='ocrx_word' id='word_1_241' title='bbox 1049 3015 1096 3078; x_wconf 89' lang='lat' dir='ltr'><strong>vel</strong></span> <span class='ocrx_word' id='word_1_242' title='bbox 1110 3035 1209 3078; x_wconf 86' lang='lat' dir='ltr'><strong>ennen-</strong></span> 
     </span>
     <span class='ocr_line' id='line_1_28' title="bbox 54 3115 1206 3202; baseline -0.002 -20"><span class='ocrx_word' id='word_1_243' title='bbox 54 3120 83 3182; x_wconf 94' lang='lat' dir='ltr'><strong>di</strong></span> <span class='ocrx_word' id='word_1_244' title='bbox 110 3118 204 3200; x_wconf 80' lang='lat' dir='ltr'><strong>gratia</strong></span> <span class='ocrx_word' id='word_1_245' title='bbox 228 3121 319 3182; x_wconf 89' lang='lat' dir='ltr'><strong>veuit.</strong></span> <span class='ocrx_word' id='word_1_246' title='bbox 366 3117 442 3182; x_wconf 87' lang='lat' dir='ltr'><strong>Nanr</strong></span> <span class='ocrx_word' id='word_1_247' title='bbox 468 3121 492 3181; x_wconf 90' lang='lat' dir='ltr'><strong>si</strong></span> <span class='ocrx_word' id='word_1_248' title='bbox 517 3128 644 3197; x_wconf 89' lang='lat' dir='ltr'><strong>emeret,</strong></span> <span class='ocrx_word' id='word_1_249' title='bbox 678 3119 754 3202; x_wconf 93' lang='lat' dir='ltr'><strong>quod</strong></span> <span class='ocrx_word' id='word_1_250' title='bbox 775 3129 842 3179; x_wconf 89' lang='lat' dir='ltr'><strong>ante</strong></span> <span class='ocrx_word' id='word_1_251' title='bbox 863 3138 920 3179; x_wconf 93' lang='lat' dir='ltr'><strong>non</strong></span> <span class='ocrx_word' id='word_1_252' title='bbox 941 3115 1065 3180; x_wconf 89' lang='lat' dir='ltr'><strong>babebat</strong></span> <span class='ocrx_word' id='word_1_253' title='bbox 1084 3128 1206 3196; x_wconf 89' lang='lat' dir='ltr'><strong>emeret,</strong></span> 
     </span>
     <span class='ocr_line' id='line_1_29' title="bbox 53 3216 1209 3305; baseline -0.001 -22"><span class='ocrx_word' id='word_1_254' title='bbox 53 3243 91 3283; x_wconf 91' lang='lat' dir='ltr'><strong>ac</strong></span> <span class='ocrx_word' id='word_1_255' title='bbox 110 3220 235 3284; x_wconf 89' lang='lat' dir='ltr'><strong>mendici</strong></span> <span class='ocrx_word' id='word_1_256' title='bbox 256 3223 349 3286; x_wconf 87' lang='lat' dir='ltr'><strong>instar</strong></span> <span class='ocrx_word' id='word_1_257' title='bbox 366 3220 470 3305; x_wconf 87' lang='lat' dir='ltr'><strong>quibus</strong></span> <span class='ocrx_word' id='word_1_258' title='bbox 487 3229 621 3283; x_wconf 90' lang='lat' dir='ltr'><strong>caruerat</strong></span> <span class='ocrx_word' id='word_1_259' title='bbox 642 3219 696 3282; x_wconf 88' lang='lat' dir='ltr'><strong>sibi</strong></span> <span class='ocrx_word' id='word_1_260' title='bbox 715 3231 907 3304; x_wconf 88' lang='lat' dir='ltr'><strong>compareret.</strong></span> <span class='ocrx_word' id='word_1_261' title='bbox 954 3216 1047 3282; x_wconf 84' lang='lat' dir='ltr'><strong>Cuius</strong></span> <span class='ocrx_word' id='word_1_262' title='bbox 1066 3229 1162 3282; x_wconf 91' lang='lat' dir='ltr'><strong>autom</strong></span> <span class='ocrx_word' id='word_1_263' title='bbox 1178 3219 1209 3282; x_wconf 91' lang='lat' dir='ltr'><strong>in</strong></span> 
     </span>
     <span class='ocr_line' id='line_1_30' title="bbox 55 3322 1206 3408; baseline -0.002 -22"><span class='ocrx_word' id='word_1_264' title='bbox 55 3323 172 3408; x_wconf 90' lang='lat' dir='ltr'><strong>peculio</strong></span> <span class='ocrx_word' id='word_1_265' title='bbox 195 3343 327 3402; x_wconf 89' lang='lat' dir='ltr'><strong>eramus,</strong></span> <span class='ocrx_word' id='word_1_266' title='bbox 359 3325 478 3387; x_wconf 88' lang='lat' dir='ltr'><strong>omnino</strong></span> <span class='ocrx_word' id='word_1_267' title='bbox 500 3333 631 3406; x_wconf 80' lang='lat' dir='ltr'><strong>egestate</strong></span> <span class='ocrx_word' id='word_1_268' title='bbox 655 3343 708 3386; x_wconf 90' lang='lat' dir='ltr'><strong>uos</strong></span> <span class='ocrx_word' id='word_1_269' title='bbox 727 3341 884 3406; x_wconf 85' lang='lat' dir='ltr'><strong>oppressus</strong></span> <span class='ocrx_word' id='word_1_270' title='bbox 901 3322 995 3406; x_wconf 89' lang='lat' dir='ltr'><strong>aliqua</strong></span> <span class='ocrx_word' id='word_1_271' title='bbox 1016 3322 1206 3401; x_wconf 88' lang='lat' dir='ltr'><strong>vendidisset,</strong></span> 
     </span>
     <span class='ocr_line' id='line_1_31' title="bbox 55 3421 1208 3512; baseline -0.003 -23"><span class='ocrx_word' id='word_1_272' title='bbox 55 3425 141 3508; x_wconf 89' lang='lat' dir='ltr'><strong>quasi</strong></span> <span class='ocrx_word' id='word_1_273' title='bbox 163 3446 180 3488; x_wconf 92' lang='lat' dir='ltr'><strong>a</strong></span> <span class='ocrx_word' id='word_1_274' title='bbox 199 3427 344 3490; x_wconf 84' lang='lat' dir='ltr'><strong>creditore</strong></span> <span class='ocrx_word' id='word_1_275' title='bbox 363 3425 497 3512; x_wconf 89' lang='lat' dir='ltr'><strong>quopiam</strong></span> <span class='ocrx_word' id='word_1_276' title='bbox 518 3436 648 3490; x_wconf 86' lang='lat' dir='ltr'><strong>coaetus.</strong></span> <span class='ocrx_word' id='word_1_277' title='bbox 693 3421 798 3508; x_wconf 82' lang='lat' dir='ltr'><strong>Longe</strong></span> <span class='ocrx_word' id='word_1_278' title='bbox 819 3445 889 3488; x_wconf 88' lang='lat' dir='ltr'><strong>vero</strong></span> <span class='ocrx_word' id='word_1_279' title='bbox 908 3445 974 3486; x_wconf 87' lang='lat' dir='ltr'><strong>sese</strong></span> <span class='ocrx_word' id='word_1_280' title='bbox 993 3423 1078 3487; x_wconf 91' lang='lat' dir='ltr'><strong>aliter</strong></span> <span class='ocrx_word' id='word_1_281' title='bbox 1093 3445 1142 3488; x_wconf 92' lang='lat' dir='ltr'><strong>res</strong></span> <span class='ocrx_word' id='word_1_282' title='bbox 1159 3424 1208 3486; x_wconf 88' lang='lat' dir='ltr'><strong>ba·</strong></span> 
     </span>
     <span class='ocr_line' id='line_1_32' title="bbox 54 3522 1207 3604; baseline 0.001 -14"><span class='ocrx_word' id='word_1_283' title='bbox 54 3529 118 3590; x_wconf 90' lang='lat' dir='ltr'><strong>bet.</strong></span> <span class='ocrx_word' id='word_1_284' title='bbox 163 3525 234 3592; x_wconf 91' lang='lat' dir='ltr'><strong>Non</strong></span> <span class='ocrx_word' id='word_1_285' title='bbox 250 3529 326 3590; x_wconf 87' lang='lat' dir='ltr'><strong>enirn</strong></span> <span class='ocrx_word' id='word_1_286' title='bbox 343 3527 455 3591; x_wconf 89' lang='lat' dir='ltr'><strong>emendi</strong></span> <span class='ocrx_word' id='word_1_287' title='bbox 473 3529 562 3592; x_wconf 85' lang='lat' dir='ltr'><strong>verbo</strong></span> <span class='ocrx_word' id='word_1_288' title='bbox 579 3547 650 3590; x_wconf 88' lang='lat' dir='ltr'><strong>usus</strong></span> <span class='ocrx_word' id='word_1_289' title='bbox 667 3539 729 3604; x_wconf 90' lang='lat' dir='ltr'><strong>est,</strong></span> <span class='ocrx_word' id='word_1_290' title='bbox 753 3528 803 3590; x_wconf 90' lang='lat' dir='ltr'><strong>sed</strong></span> <span class='ocrx_word' id='word_1_291' title='bbox 823 3525 994 3590; x_wconf 89' lang='lat' dir='ltr'><strong>redimendi.</strong></span> <span class='ocrx_word' id='word_1_292' title='bbox 1041 3522 1098 3590; x_wconf 90' lang='lat' dir='ltr'><strong>Cui</strong></span> <span class='ocrx_word' id='word_1_293' title='bbox 1113 3526 1207 3591; x_wconf 87' lang='lat' dir='ltr'><strong>simile</strong></span> 
     </span>
     <span class='ocr_line' id='line_1_33' title="bbox 54 3627 1345 3716; baseline 0.002 -22"><span class='ocrx_word' id='word_1_294' title='bbox 54 3641 101 3694; x_wconf 88' lang='lat' dir='ltr'><strong>est</strong></span> <span class='ocrx_word' id='word_1_295' title='bbox 126 3631 213 3706; x_wconf 89' lang='lat' dir='ltr'><strong>illud,</strong></span> <span class='ocrx_word' id='word_1_296' title='bbox 248 3631 322 3713; x_wconf 91' lang='lat' dir='ltr'><strong>qood</strong></span> <span class='ocrx_word' id='word_1_297' title='bbox 347 3631 423 3695; x_wconf 90' lang='lat' dir='ltr'><strong>idem</strong></span> <span class='ocrx_word' id='word_1_298' title='bbox 448 3629 596 3716; x_wconf 89' lang='lat' dir='ltr'><strong>apostolus</strong></span> <span class='ocrx_word' id='word_1_299' title='bbox 619 3629 676 3694; x_wconf 90' lang='lat' dir='ltr'><strong>alio</strong></span> <span class='ocrx_word' id='word_1_300' title='bbox 694 3630 758 3693; x_wconf 89' lang='lat' dir='ltr'><strong>loco</strong></span> <span class='ocrx_word' id='word_1_301' title='bbox 775 3630 865 3693; x_wconf 82' lang='lat' dir='ltr'><strong>dixit:</strong></span> <span class='ocrx_word' id='word_1_302' title='bbox 899 3627 1074 3691; x_wconf 74' lang='lat' dir='ltr'><strong>ltedr&#39;rnentei</strong></span> <span class='ocrx_word' id='word_1_303' title='bbox 1088 3642 1203 3710; x_wconf 84' lang='lat' dir='ltr'><strong>ternpus,</strong></span> <span class='ocrx_word' id='word_1_304' title='bbox 1220 3649 1345 3709; x_wconf 68' lang='lat' dir='ltr'><strong>tepuere.</strong></span> 
     </span>
     <span class='ocr_line' id='line_1_34' title="bbox 52 3731 1206 3818; baseline 0.001 -23"><span class='ocrx_word' id='word_1_305' title='bbox 52 3737 185 3814; x_wconf 71' lang='lat' dir='ltr'><strong>queamus</strong></span> <span class='ocrx_word' id='word_1_306' title='bbox 202 3736 262 3794; x_wconf 83' lang='lat' dir='ltr'><strong>dies</strong></span> <span class='ocrx_word' id='word_1_307' title='bbox 278 3737 347 3794; x_wconf 75' lang='lat' dir='ltr'><strong>mole·</strong></span> <span class='ocrx_word' id='word_1_308' title='bbox 360 3747 436 3794; x_wconf 80' lang='lat' dir='ltr'><strong>erent.</strong></span> <span class='ocrx_word' id='word_1_309' title='bbox 483 3733 573 3817; x_wconf 82' lang='lat' dir='ltr'><strong>Atqui</strong></span> <span class='ocrx_word' id='word_1_310' title='bbox 589 3753 682 3816; x_wconf 90' lang='lat' dir='ltr'><strong>neque</strong></span> <span class='ocrx_word' id='word_1_311' title='bbox 698 3731 760 3795; x_wconf 88' lang='lat' dir='ltr'><strong>dics</strong></span> <span class='ocrx_word' id='word_1_312' title='bbox 776 3743 910 3796; x_wconf 88' lang='lat' dir='ltr'><strong>emuntur</strong></span> <span class='ocrx_word' id='word_1_313' title='bbox 925 3753 941 3794; x_wconf 90' lang='lat' dir='ltr'><strong>a</strong></span> <span class='ocrx_word' id='word_1_314' title='bbox 959 3731 1059 3808; x_wconf 91' lang='lat' dir='ltr'><strong>nobis,</strong></span> <span class='ocrx_word' id='word_1_315' title='bbox 1082 3753 1137 3796; x_wconf 90' lang='lat' dir='ltr'><strong>nec</strong></span> <span class='ocrx_word' id='word_1_316' title='bbox 1155 3755 1206 3818; x_wconf 95' lang='lat' dir='ltr'><strong>pro</strong></span> 
     </span>
     <span class='ocr_line' id='line_1_35' title="bbox 54 3833 1205 3919; baseline 0.001 -21"><span class='ocrx_word' id='word_1_317' title='bbox 54 3835 114 3898; x_wconf 90' lang='lat' dir='ltr'><strong>illis</strong></span> <span class='ocrx_word' id='word_1_318' title='bbox 139 3835 263 3918; x_wconf 90' lang='lat' dir='ltr'><strong>pretium</strong></span> <span class='ocrx_word' id='word_1_319' title='bbox 287 3836 374 3898; x_wconf 90' lang='lat' dir='ltr'><strong>ullum</strong></span> <span class='ocrx_word' id='word_1_320' title='bbox 398 3835 607 3919; x_wconf 86' lang='lat' dir='ltr'><strong>persolvimus,</strong></span> <span class='ocrx_word' id='word_1_321' title='bbox 641 3834 690 3897; x_wconf 91' lang='lat' dir='ltr'><strong>sed</strong></span> <span class='ocrx_word' id='word_1_322' title='bbox 715 3836 750 3898; x_wconf 92' lang='lat' dir='ltr'><strong>ad</strong></span> <span class='ocrx_word' id='word_1_323' title='bbox 774 3833 942 3918; x_wconf 92' lang='lat' dir='ltr'><strong>patientiam</strong></span> <span class='ocrx_word' id='word_1_324' title='bbox 966 3855 1000 3898; x_wconf 92' lang='lat' dir='ltr'><strong>ac</strong></span> <span class='ocrx_word' id='word_1_325' title='bbox 1022 3835 1205 3899; x_wconf 89' lang='lat' dir='ltr'><strong>tolerantiam</strong></span> 
     </span>
     <span class='ocr_line' id='line_1_36' title="bbox 55 3936 1203 4022; baseline 0 -22"><span class='ocrx_word' id='word_1_326' title='bbox 55 3938 204 4021; x_wconf 87' lang='lat' dir='ltr'><strong>animique</strong></span> <span class='ocrx_word' id='word_1_327' title='bbox 222 3937 414 4000; x_wconf 86' lang='lat' dir='ltr'><strong>constantiam</strong></span> <span class='ocrx_word' id='word_1_328' title='bbox 431 3937 650 4022; x_wconf 84' lang='lat' dir='ltr'><strong>exprimendam</strong></span> <span class='ocrx_word' id='word_1_329' title='bbox 669 3957 731 4000; x_wconf 90' lang='lat' dir='ltr'><strong>eam</strong></span> <span class='ocrx_word' id='word_1_330' title='bbox 750 3937 884 4021; x_wconf 90' lang='lat' dir='ltr'><strong>loquendi</strong></span> <span class='ocrx_word' id='word_1_331' title='bbox 903 3936 1044 4000; x_wconf 87' lang='lat' dir='ltr'><strong>rationem</strong></span> <span class='ocrx_word' id='word_1_332' title='bbox 1063 3937 1203 4002; x_wconf 87' lang='lat' dir='ltr'><strong>adhibuit.</strong></span> 
     </span>
     <span class='ocr_line' id='line_1_37' title="bbox 55 4038 1207 4125; baseline 0.003 -23"><span class='ocrx_word' id='word_1_333' title='bbox 55 4038 203 4122; x_wconf 80' lang='lat' dir='ltr'><strong>Quocirca</strong></span> <span class='ocrx_word' id='word_1_334' title='bbox 230 4039 387 4102; x_wconf 90' lang='lat' dir='ltr'><strong>redimendi</strong></span> <span class='ocrx_word' id='word_1_335' title='bbox 413 4042 534 4103; x_wconf 88' lang='lat' dir='ltr'><strong>verbum</strong></span> <span class='ocrx_word' id='word_1_336' title='bbox 559 4049 648 4102; x_wconf 86' lang='lat' dir='ltr'><strong>toturn</strong></span> <span class='ocrx_word' id='word_1_337' title='bbox 671 4039 738 4103; x_wconf 91' lang='lat' dir='ltr'><strong>illud</strong></span> <span class='ocrx_word' id='word_1_338' title='bbox 761 4041 888 4125; x_wconf 88' lang='lat' dir='ltr'><strong>suscepti</strong></span> <span class='ocrx_word' id='word_1_339' title='bbox 911 4061 963 4124; x_wconf 92' lang='lat' dir='ltr'><strong>pro</strong></span> <span class='ocrx_word' id='word_1_340' title='bbox 987 4041 1080 4104; x_wconf 89' lang='lat' dir='ltr'><strong>salute</strong></span> <span class='ocrx_word' id='word_1_341' title='bbox 1105 4053 1207 4106; x_wconf 91' lang='lat' dir='ltr'><strong>nostra</strong></span> 
     </span>
     <span class='ocr_line' id='line_1_38' title="bbox 55 4140 1206 4228; baseline 0.003 -24"><span class='ocrx_word' id='word_1_342' title='bbox 55 4140 190 4226; x_wconf 89' lang='lat' dir='ltr'><strong>corporis</strong></span> <span class='ocrx_word' id='word_1_343' title='bbox 211 4143 410 4225; x_wconf 82' lang='lat' dir='ltr'><strong>adventusque</strong></span> <span class='ocrx_word' id='word_1_344' title='bbox 434 4141 582 4226; x_wconf 80' lang='lat' dir='ltr'><strong>negotium</strong></span> <span class='ocrx_word' id='word_1_345' title='bbox 608 4142 767 4225; x_wconf 80' lang='lat' dir='ltr'><strong>signifieat,</strong></span> <span class='ocrx_word' id='word_1_346' title='bbox 800 4163 857 4226; x_wconf 94' lang='lat' dir='ltr'><strong>quo</strong></span> <span class='ocrx_word' id='word_1_347' title='bbox 880 4143 993 4226; x_wconf 91' lang='lat' dir='ltr'><strong>quidem</strong></span> <span class='ocrx_word' id='word_1_348' title='bbox 1023 4143 1080 4228; x_wconf 88' lang='lat' dir='ltr'><strong>pati</strong></span> <span class='ocrx_word' id='word_1_349' title='bbox 1107 4155 1206 4208; x_wconf 88' lang='lat' dir='ltr'><strong>nostra</strong></span> 
     </span>
     <span class='ocr_line' id='line_1_39' title="bbox 55 4242 1204 4330; baseline 0.003 -24"><span class='ocrx_word' id='word_1_350' title='bbox 55 4264 162 4308; x_wconf 88' lang='lat' dir='ltr'><strong>caussa</strong></span> <span class='ocrx_word' id='word_1_351' title='bbox 177 4243 371 4327; x_wconf 82' lang='lat' dir='ltr'><strong>dignatusest</strong></span> <span class='ocrx_word' id='word_1_352' title='bbox 386 4244 469 4322; x_wconf 89' lang='lat' dir='ltr'><strong>deus,</strong></span> <span class='ocrx_word' id='word_1_353' title='bbox 491 4246 539 4328; x_wconf 90' lang='lat' dir='ltr'><strong>qui</strong></span> <span class='ocrx_word' id='word_1_354' title='bbox 553 4243 611 4330; x_wconf 88' lang='lat' dir='ltr'><strong>pati</strong></span> <span class='ocrx_word' id='word_1_355' title='bbox 627 4243 696 4308; x_wconf 87' lang='lat' dir='ltr'><strong>nibil</strong></span> <span class='ocrx_word' id='word_1_356' title='bbox 709 4242 815 4327; x_wconf 91' lang='lat' dir='ltr'><strong>alioqui</strong></span> <span class='ocrx_word' id='word_1_357' title='bbox 829 4255 953 4328; x_wconf 88' lang='lat' dir='ltr'><strong>poterat,</strong></span> <span class='ocrx_word' id='word_1_358' title='bbox 977 4265 1041 4309; x_wconf 87' lang='lat' dir='ltr'><strong>curn</strong></span> <span class='ocrx_word' id='word_1_359' title='bbox 1058 4246 1086 4308; x_wconf 92' lang='lat' dir='ltr'><strong>in</strong></span> <span class='ocrx_word' id='word_1_360' title='bbox 1102 4248 1204 4310; x_wconf 90' lang='lat' dir='ltr'><strong>eodem</strong></span> 
     </span>
     <span class='ocr_line' id='line_1_40' title="bbox 55 4343 1205 4432; baseline 0.003 -22"><span class='ocrx_word' id='word_1_361' title='bbox 55 4357 135 4410; x_wconf 87' lang='lat' dir='ltr'><strong>statu</strong></span> <span class='ocrx_word' id='word_1_362' title='bbox 151 4343 330 4424; x_wconf 83' lang='lat' dir='ltr'><strong>divinitatis,</strong></span> <span class='ocrx_word' id='word_1_363' title='bbox 360 4347 484 4431; x_wconf 89' lang='lat' dir='ltr'><strong>patiendi</strong></span> <span class='ocrx_word' id='word_1_364' title='bbox 503 4346 656 4423; x_wconf 72' lang='lat' dir='ltr'><strong>videlicet,</strong></span> <span class='ocrx_word' id='word_1_365' title='bbox 685 4347 870 4410; x_wconf 86' lang='lat' dir='ltr'><strong>nihilomiuus</strong></span> <span class='ocrx_word' id='word_1_366' title='bbox 891 4347 1072 4432; x_wconf 85' lang='lat' dir='ltr'><strong>persisteret.</strong></span> <span class='ocrx_word' id='word_1_367' title='bbox 1119 4345 1205 4432; x_wconf 82' lang='lat' dir='ltr'><strong>Quod</strong></span> 
     </span>
     <span class='ocr_line' id='line_1_41' title="bbox 56 4447 1265 4538; baseline 0.007 -30"><span class='ocrx_word' id='word_1_368' title='bbox 56 4469 129 4511; x_wconf 87' lang='lat' dir='ltr'><strong>rero</strong></span> <span class='ocrx_word' id='word_1_369' title='bbox 151 4447 262 4534; x_wconf 91' lang='lat' dir='ltr'><strong>perpeti</strong></span> <span class='ocrx_word' id='word_1_370' title='bbox 286 4448 392 4532; x_wconf 89' lang='lat' dir='ltr'><strong>aliquid</strong></span> <span class='ocrx_word' id='word_1_371' title='bbox 415 4470 467 4533; x_wconf 91' lang='lat' dir='ltr'><strong>pro</strong></span> <span class='ocrx_word' id='word_1_372' title='bbox 490 4449 573 4512; x_wconf 91' lang='lat' dir='ltr'><strong>nobis</strong></span> <span class='ocrx_word' id='word_1_373' title='bbox 596 4447 703 4527; x_wconf 88' lang='lat' dir='ltr'><strong>voluit,</strong></span> <span class='ocrx_word' id='word_1_374' title='bbox 736 4471 793 4512; x_wconf 92' lang='lat' dir='ltr'><strong>non</strong></span> <span class='ocrx_word' id='word_1_375' title='bbox 814 4449 843 4512; x_wconf 92' lang='lat' dir='ltr'><strong>id</strong></span> <span class='ocrx_word' id='word_1_376' title='bbox 867 4451 980 4514; x_wconf 82' lang='lat' dir='ltr'><strong>emetrdi</strong></span> <span class='ocrx_word' id='word_1_377' title='bbox 999 4453 1092 4516; x_wconf 91' lang='lat' dir='ltr'><strong>nostri</strong></span> <span class='ocrx_word' id='word_1_378' title='bbox 1111 4453 1205 4538; x_wconf 83' lang='lat' dir='ltr'><strong>gratia</strong></span> <span class='ocrx_word' id='word_1_379' title='bbox 1256 4451 1265 4470; x_wconf 59' lang='lat'>⁸</span> 
     </span>
     <span class='ocr_line' id='line_1_42' title="bbox 57 4550 1206 4635; baseline 0.006 -23"><span class='ocrx_word' id='word_1_380' title='bbox 57 4550 220 4633; x_wconf 89' lang='lat' dir='ltr'><strong>praestitit,</strong></span> <span class='ocrx_word' id='word_1_381' title='bbox 252 4550 333 4634; x_wconf 89' lang='lat' dir='ltr'><strong>quasi</strong></span> <span class='ocrx_word' id='word_1_382' title='bbox 356 4551 452 4616; x_wconf 88' lang='lat' dir='ltr'><strong>alieno</strong></span> <span class='ocrx_word' id='word_1_383' title='bbox 471 4551 613 4635; x_wconf 85' lang='lat' dir='ltr'><strong>mancipio</strong></span> <span class='ocrx_word' id='word_1_384' title='bbox 633 4562 816 4631; x_wconf 89' lang='lat' dir='ltr'><strong>teneremur,</strong></span> <span class='ocrx_word' id='word_1_385' title='bbox 848 4553 899 4618; x_wconf 86' lang='lat' dir='ltr'><strong>sed</strong></span> <span class='ocrx_word' id='word_1_386' title='bbox 918 4574 976 4617; x_wconf 88' lang='lat' dir='ltr'><strong>ooo</strong></span> <span class='ocrx_word' id='word_1_387' title='bbox 995 4552 1136 4620; x_wconf 77' lang='lat' dir='ltr'><strong>duntaxat</strong></span> <span class='ocrx_word' id='word_1_388' title='bbox 1153 4576 1206 4620; x_wconf 89' lang='lat' dir='ltr'><strong>oo·</strong></span> 
     </span>
    </p>
   </div>
   <div class='ocr_carea' id='block_1_3' title="bbox 0 0 1502 5024">
    <p class='ocr_par' dir='ltr' id='par_1_4' title="bbox 0 0 1502 5024">
     <span class='ocr_line' id='line_1_43' title="bbox 0 0 1502 5024; baseline 0 1"><span class='ocrx_word' id='word_1_389' title='bbox 0 0 1502 5024; x_wconf 95' lang='lat' dir='ltr'><strong> </strong></span> 
     </span>
    </p>
   </div>
  </div>
 </body>
</html>
