3010 5000
404 337 539 389 raanan
558 339 619 389 aaa.
632 339 651 392 1.
667 337 749 390 uum.
762 339 804 390 ιιι,
822 337 920 390 uana.
932 339 991 390 xe.
1210 327 1268 388 541

126 465 239 516 testatas
254 467 330 530 snat,
354 478 372 518 o
387 461 437 518 deo
451 461 597 522 ordinatae
611 471 687 534 snat,
712 459 752 522 ait
767 457 925 543 apostolus.
970 463 1069 541 ltaque
1081 463 1133 540 pai
1139 465 1276 539 potestati

123 561 246 632 mnae,
279 563 328 620 dei
342 563 516 622 ordabatrbai
531 566 649 623 resrbtit.
697 565 770 623 Nam
786 565 928 642 principes
949 583 1004 624 aaa
1020 549 1089 624 rant
1105 573 1204 623 contro
1224 563 1270 622 bo·

123 681 204 734 anm,
235 665 288 722 sed
305 683 359 742 pro
381 663 469 738 bono,
501 685 589 746 aeque
611 676 679 726 snat
698 675 797 726 contro
815 667 974 738 acritatem,
1005 669 1056 726 red
1069 685 1123 746 pro
1140 669 1266 726 ueritate.

124 766 173 823 Vir
193 775 286 824 antem
308 785 362 826 aaa
382 769 479 826 timere
490 773 678 847 potestatem?
719 771 824 828 Boanm
834 769 904 850 sae,
937 767 1217 830 calamistrata
1235 790 1272 828 ear

123 866 185 924 r'lla.
231 868 296 928 Noa
309 871 380 928 enim
397 873 458 929 salae
473 889 573 931 cauam
586 873 714 950 gladium
727 881 834 950 portat.
876 873 1013 930 Beieaim
1028 873 1155 931 minister
1169 875 1209 932 od
1219 873 1271 932 loe

122 970 211 1046 aprum
230 971 363 1031 adversas
377 973 513 1034 scelerate
529 977 667 1053 quaepiam
681 983 824 1052 gerentem
841 993 858 1032 a
874 975 924 1033 deo
940 977 1118 1034 constitutas.
1166 969 1270 1036 Vides·

122 1089 160 1130 ne
176 1079 209 1132 ut
224 1069 295 1132 baec
311 1072 407 1136 mundi
424 1083 553 1157 potestus
570 1075 657 1138 adeo
671 1073 797 1138 stabilita
816 1073 870 1150 sit,
901 1073 1046 1158 gladiique
1062 1074 1108 1138 ius
1123 1073 1271 1137 obtineat

120 1167 229 1254 Neque
252 1193 323 1236 vero
346 1174 373 1237 ia
392 1175 525 1253 aliunde,
559 1195 680 1260 quamn
703 1177 758 1238 dea
778 1175 812 1238 nd
829 1175 1030 1238 vindicandum
1052 1175 1166 1261 accipit.
1213 1171 1271 1240 Ce-

120 1282 217 1338 terum
234 1276 309 1359 quod
327 1275 469 1340 eiusmodi
488 1277 547 1341 sint
567 1278 595 1341 in
614 1278 720 1342 mundo
738 1276 915 1364 principatus
932 1299 967 1341 ao
983 1287 1160 1363 potestates,
1186 1299 1271 1341 nemo

120 1373 237 1440 illorum
259 1397 357 1462 regom
381 1389 534 1464 propterea
555 1397 654 1464 regem
677 1401 744 1444 esse
768 1380 936 1464 negaverit,
966 1381 1017 1444 sed
1035 1381 1074 1444 ita
1093 1379 1270 1464 principatus

119 1477 189 1542 illos
210 1501 245 1542 ac
261 1491 420 1565 potestates
442 1481 471 1545 in
493 1482 599 1546 mundo
617 1502 683 1546 esse
705 1481 858 1561 fatebitur,
888 1492 919 1545 ut
936 1482 1050 1546 interim
1069 1482 1183 1545 illorum
1203 1501 1269 1546 esse

120 1601 222 1664 regem
240 1594 391 1666 agnoscat.
437 1579 726 1670 Igiturlaocipsum,
757 1583 830 1668 qaod
847 1583 877 1647 in
895 1584 982 1650 terris
999 1583 1119 1658 accidit,
1151 1585 1270 1648 demon·

119 1683 290 1762 stravimus,
314 1705 372 1748 raon
387 1706 454 1750 esse
468 1685 532 1770 regi
547 1687 724 1772 principatus
739 1685 913 1765 contrarios,
937 1688 988 1751 sed
1003 1688 1038 1751 ad
1054 1685 1165 1770 imperii
1182 1686 1270 1749 totius

15 1795 17 1806 ’
119 1785 401 1851 administrationem
422 1799 576 1873 terraeque
596 1789 822 1852 moderationem
842 1789 1005 1869 subiectos3
1036 1787 1084 1852 ubi
1103 1789 1208 1852 caedes
1226 1789 1269 1852 vi-

120 1888 228 1952 delicet
244 1909 278 1952 aa
292 1890 399 1975 praelia
414 1892 484 1969 siut,
502 1891 742 1974 ignorantiaeque
758 1913 793 1954 ac
810 1891 990 1975 disciplinae,
1007 1890 1173 1954 observatio
1188 1891 1269 1954 deal-

121 2011 179 2075 que
202 1991 298 2076 legum
321 2013 354 2055 ac
377 1993 585 2078 transgressio.
636 1987 729 2057 Cuius
753 1993 796 2056 rei
820 1993 914 2078 gratia
938 2004 1097 2080 potestates
1119 1993 1269 2056 institutae

120 2105 206 2172 sunt,
238 2105 269 2158 ut
287 2095 322 2158 ad
342 2105 437 2179 aptam
459 2095 546 2160 totius
567 2094 647 2159 orbis
667 2095 912 2181 compositamque
930 2094 1169 2180 gubernationem
1187 2115 1270 2180 prae-

120 2195 201 2259 clare
224 2217 241 2258 a
263 2197 318 2260 deo
341 2197 555 2262 constituantur
578 2219 613 2262 ac
637 2207 778 2282 regantur
799 2197 947 2262 universa.
994 2195 1073 2261 ldem
1092 2207 1121 2261 et
1139 2197 1168 2260 ia
1187 2199 1269 2261 coelo

120 2317 236 2383 quoque
254 2299 425 2384 contingere
441 2321 565 2364 necesse
580 2312 644 2381 est,
675 2321 768 2384 eoque
784 2301 894 2386 magis,
925 2301 999 2384 quod
1015 2298 1074 2364 illic
1089 2321 1143 2364 nec
1160 2299 1268 2364 invidia

118 2421 176 2463 nec
192 2401 365 2480 aemulatio,
389 2423 484 2487 neque
501 2402 596 2488 legum
615 2402 737 2468 violatio
758 2423 813 2467 nec
831 2383 936 2467 seditio
954 2402 1080 2480 allusit,
1103 2423 1160 2466 aon
1178 2400 1269 2466 iusiu-

119 2502 261 2581 randum,
287 2525 344 2567 non
364 2505 483 2590 rapina,
507 2525 565 2568 nna
583 2506 690 2591 aliquid
706 2504 861 2570 eiusmodi.
907 2501 1008 2588 Quare
1024 2503 1144 2569 alterius
1160 2503 1268 2589 negotii

119 2625 225 2668 caussa
244 2601 412 2671 potestates
434 2606 579 2672 stabilitae
600 2619 678 2671 sunt.
724 2603 884 2672 Cuiusnam
904 2609 995 2672 recol
1037 2603 1182 2671 Nimirum
1203 2626 1268 2690 pro·

120 2717 188 2792 pter
204 2707 366 2773 divinarum
379 2710 493 2773 laudum
508 2721 681 2774 concentum
698 2719 728 2773 et
742 2709 934 2774 immortalem
949 2709 1026 2772 illam
1044 2708 1168 2773 numinis
1186 2727 1269 2793 prae·

119 2810 308 2874 dicationem.
354 2805 447 2875 Cuius
468 2811 562 2896 gratia
585 2832 713 2875 summus
735 2812 785 2876 ille
807 2813 879 2876 deus
899 2833 933 2875 ac
951 2811 1085 2896 princeps
1103 2810 1197 2874 omnis
1216 2831 1270 2874 ex·

119 2931 189 2996 pers
210 2911 337 2978 invidiae
354 2933 437 2978 suum
455 2914 560 2998 cuique
576 2914 709 2993 illorum,
739 2935 812 2998 quos
829 2914 985 2998 produxit,
1016 2923 1218 2977 ornamentum
1234 2932 1267 2976 ac

119 3014 210 3080 decus
233 3015 378 3095 attribuit,
415 3024 445 3078 ut
467 3015 581 3101 imperii
605 3016 651 3080 sui
675 3016 813 3102 splendor
835 3027 922 3100 atque
946 3016 1121 3099 sempiterna
1145 3015 1269 3100 dignitas

119 3127 261 3202 perpetuo
282 3117 457 3182 celebretur.
503 3116 651 3202 Quocirca
673 3119 862 3183 uehementer
881 3128 981 3182 errant
1001 3117 1049 3182 isti
1069 3116 1118 3201 qui
1135 3117 1182 3180 dei
1201 3139 1267 3202 gra-

119 3219 190 3282 tiam
214 3217 360 3300 ignorant.

206 3317 279 3384 lllud
297 3343 369 3385 vero
387 3322 507 3409 iusuper
521 3323 680 3402 affirmant,
705 3323 780 3408 qnod
799 3343 815 3386 a
835 3343 879 3385 mc
895 3333 980 3385 autea
998 3323 1103 3385 dictam
1122 3331 1185 3399 est,
1208 3319 1269 3384 dia·
1292 3324 1351 3394 esp.
1369 3327 1399 3378 V·

117 3423 218 3486 bolum
239 3423 379 3509 seplimae
398 3422 573 3504 Potestatis,
599 3426 653 3488 boc
671 3436 717 3488 est
735 3423 882 3501 Sabaoth,
908 3443 973 3487 esse
994 3424 1093 3488 lilium.
1139 3420 1267 3488 Sabaoth

118 3547 208 3612 porro
226 3523 397 3590 ludaeorum
415 3547 481 3590 esse
499 3527 601 3606 deum,
634 3525 716 3590 ouius
734 3527 825 3590 malus
845 3526 918 3588 lilius
936 3525 975 3589 sit
993 3525 1141 3590 diabolus:
1171 3525 1218 3610 qui
1237 3525 1267 3588 in

117 3639 200 3692 terra
217 3629 381 3692 consistens
398 3629 511 3713 parenti
528 3651 582 3694 suo
599 3629 769 3693 reluctetur.
814 3626 947 3691 Eundem
965 3649 1036 3691 vero
1053 3639 1200 3712 parentem
1218 3646 1268 3689 ne·

119 3751 176 3815 que
196 3731 355 3808 eiusmodi,
378 3731 433 3796 boc
452 3743 498 3795 est
514 3733 637 3810 malum,
663 3751 748 3809 esse,
773 3749 867 3814 neque
887 3729 971 3794 deum
990 3740 1085 3793 tamen
1103 3729 1181 3794 illum
1201 3747 1267 3792 esse

118 3833 169 3917 qai
193 3833 397 3918 comprehendi
424 3846 564 3918 nequeat,
599 3834 650 3896 sed
676 3834 710 3897 ad
735 3833 882 3896 sinistram
905 3829 1083 3894 Potestatem
1107 3829 1265 3916 pertinere.

101 3935 240 4008 ¹Addunt
258 3947 288 3999 et
303 3935 388 4000 aliam
405 3936 566 4000 istiusmodi
585 3936 727 4000 labulam:
753 3934 896 3998 diabolum
915 3935 949 3996 ad
970 3931 1063 3997 Evam
1081 3933 1266 3995 accedentem

118 4059 184 4100 cum
198 4059 232 4102 ca
248 4037 366 4122 perinde
382 4058 415 4101 ac
431 4039 477 4102 air
492 4059 556 4102 cum
572 4039 692 4102 muliere
709 4038 785 4102 solet
798 4035 1037 4100 consuelndinem
1051 4033 1198 4112 babuisse,
1217 4033 1266 4096 de-

118 4161 176 4223 que
198 4160 232 4204 ea
249 4137 372 4205 Caicum
395 4150 424 4204 et
440 4139 565 4205 Abelum
584 4139 763 4225 suscepisse.
808 4135 856 4202 Ea
876 4159 933 4222 quo
955 4138 1061 4200 laetam
1079 4145 1216 4200 asserunt
1237 4145 1267 4199 ut

117 4239 150 4306 in
167 4240 288 4308 alterum
305 4263 380 4308 uuas
395 4243 577 4328 insurgeret,
602 4263 655 4329 pra
673 4261 707 4308 ea
721 4239 859 4307 videlicet
874 4239 983 4305 invidia
999 4259 1055 4323 qua
1071 4237 1102 4302 in
1117 4258 1152 4304 se
1168 4249 1266 4302 mutuo

118 4433 205 4482 romae.
709 4433 760 4484 cod.
779 4433 898 4482 Vaticano.

153 4497 211 4548 Car.
225 4499 256 4549 V.
276 4527 309 4538 --
332 4499 355 4552 1.
374 4500 440 4568 γῆς,
457 4502 519 4564 qnod
533 4502 678 4552 decidantur
743 4499 769 4551 2.
787 4501 861 4563 talpa
878 4495 963 4564 φησιν.

116 4569 144 4618 ln
159 4567 209 4619 cod.
221 4569 320 4632 Rbrdlm
335 4573 356 4620 et
371 4570 439 4621 adbit
454 4570 533 4632 tama,
557 4571 633 4621 odiam
648 4583 678 4620 ee
