2986 4996
715 299 832 352 merl
852 301 1016 354 ΕΡΙΡΗΛΝΙΙ

163 643 228 712 Κεφ,
246 638 279 698 α’.
384 629 432 712 Τῷ
458 620 490 687 δέ
515 617 595 710 αύτρῖ
615 617 715 708 τρύπρο
742 617 795 695 τολς
814 621 954 706 τέσσαρας
974 619 1081 698 ταύτας
1102 624 1227 708 αἱρέσεις
1246 621 1426 708 άνατρεπτέον

297 725 348 794 διά
368 724 422 808 τῆν
443 726 600 806 συντομίαν
619 729 673 806 τῆς
693 718 891 807 ύναγνοέσεως.
931 720 1088 788 Ἐντεῦθεν
1104 725 1154 789 καλ
1173 722 1308 811 ύνωτέρω
1322 723 1426 800 λοιπδν,

298 826 339 904 οἱς
358 828 451 910 έφην,
479 825 612 907 ποιηταὶ,
641 820 872 908 ἱστοριογράφον,
905 823 1121 910 ιλογογράφοι,
1150 823 1322 912 ύστρονύμοι
1340 827 1427 892 τεκαὶ

297 933 329 997 οέ
347 927 383 994 τά
404 925 475 992 ἄλλα
494 933 547 1008 τῆς
567 921 679 1006 πλάνης
696 924 930 1008 ελςηγησύμενοι,
958 929 990 990 οἱ
1004 925 1275 1012 παρασκευάσαντες
1293 925 1346 994 τδν
1365 934 1428 992 νοῦν

297 1030 345 1098 lul
362 1033 469 1113 μυρέας
482 1025 575 1103 κατύς
593 1029 687 1101 ολτέας
707 1027 758 1090 καὶ
774 1023 944 1110 άναγωγύς,
966 1027 1130 1093 έσκύτωσαν
1147 1031 1198 1094 καλ
1213 1028 1365 1098 έθόλωσαν
1382 1025 1429 1110 τῆν

295 1141 349 1215 τῆς
367 1129 599 1214 α’νθρωπύτητος
616 1125 776 1209 ύπύληψιν.
821 1128 881 1192 Καὶ
902 1129 1018 1213 γέγονεν
1038 1129 1113 1212 αῦτη
1131 1127 1232 1214 πρύτη
1253 1129 1359 1214 πλάνη,
1376 1132 1429 1195 έπέ

295 1259 364 1299 νοια
386 1229 513 1298 εέδοέλων
537 1230 587 1294 καὶ
612 1231 822 1311 κακοδαιμονλα
843 1231 1038 1308 διδασκαλλας.
1073 1223 1131 1296 Ἦν
1155 1233 1187 1298 δέ
1212 1231 1248 1297 τά
1269 1230 1365 1296 πάντα
1388 1256 1429 1314 με-

296 1336 468 1420 μερισμένα,
494 1329 680 1414 Ἑλληνισμός
697 1355 727 1394 τε
743 1331 793 1395 παλ
806 1327 997 1413 Ἰουδαΐσμύς.
1037 1329 1219 1416 Ἰουδαϊσμύς
1234 1330 1320 1398 ούπω
1337 1330 1430 1416 πρότε-

294 1463 349 1522 ρον
371 1433 568 1516 καλούμενος,
601 1429 670 1497 ύλλύ
691 1429 741 1496 διδ
761 1438 815 1496 τοῦ
835 1428 947 1516 Ἰσραῆλ
971 1431 1004 1498 τύ
1028 1433 1183 1517 έπύνυμον
1205 1442 1257 1516 τῆς
1275 1439 1433 1518 θεοσεβοῦς

294 1543 455 1623 θρησκείας
469 1536 702 1616 έπικεκλημέυος,
719 1535 774 1610 έιος
789 1531 837 1599 δτε
851 1537 984 1618 διαδοχαὶ
999 1537 1190 1622 γεγέννηνται.
1219 1533 1253 1602 Ὅ
1264 1536 1321 1622 γάρ
1338 1543 1431 1602 Ναασ,

295 1639 356 1707 σύν
371 1636 390 1706 ύ
405 1641 436 1705 έν
450 1645 485 1728 τῆ
502 1634 600 1726 έρῆμρο
616 1633 741 1721 γεγονύς
755 1634 901 1721 φύλαρχος
915 1645 968 1720 τῆς
983 1645 1079 1720 φυλῆς
1089 1635 1186 1703 Ἰούδα
1198 1646 1285 1727 γεννᾷ
1299 1637 1351 1704 τύν
1363 1643 1432 1702 Σαλ-

295 1741 375 1826 μοδν,
405 1737 531 1822 Σαλμιύν
547 1745 633 1826 γεννᾷ
650 1736 702 1803 τύν
720 1736 814 1816 Βούς,
846 1736 923 1814 Βοδς
938 1746 1025 1827 γεννᾷ
1039 1737 1092 1806 τύν
1105 1737 1215 1822 Ὠβῆδ,
1242 1737 1338 1824 Ὠβῆδ
1350 1745 1434 1827 γεννᾷ

294 1843 346 1909 τδν
359 1841 477 1920 Ἰεσσαὶ,
506 1841 580 1906 ’έπλ
597 1847 655 1904 τῶν
668 1843 819 1922 θεοσεβῶν
832 1836 1013 1924 Ἰσραηλιτῶν
1026 1843 1220 1924 καλουμένων.
1258 1840 1363 1908 Ἰεσσαλ
1378 1866 1435 1926 μεν-

295 1952 333 2034 νῆ
355 1942 406 2010 τύν
423 1945 522 2026 Δαβὶδ
542 1940 594 2008 τύν
615 1942 749 2025 βασιλέα,
778 1939 813 2018 δς
831 1948 948 2026 πρῶτος
963 1945 1145 2025 έβασλλενσεν
1164 1945 1198 2010 έκ
1218 1951 1313 2027 φυλῆς
1326 1941 1434 2010 Ἰούδα·

296 2049 326 2125 έξ
341 2039 378 2112 ού
392 2043 496 2112 λοιπδν
513 2046 545 2109 οἱ
556 2042 630 2108 κατά
643 2039 783 2125 διαδοχῆν
798 2047 924 2125 βασιλεῖς
945 2045 978 2108 έκ
993 2053 1047 2109 τοῦ
1062 2046 1225 2130 σπέρματος
1237 2043 1346 2126 αύτοῦ,
1374 2041 1437 2118 υἱδς

295 2146 499 2231 διαδεχόμενος
518 2148 644 2226 πατέρα,
673 2148 802 2226 καθεξῆς
821 2143 1034 2228 συνεστήκασιν.
1071 2139 1127 2210 Ἦν
1147 2147 1178 2212 δέ
1199 2145 1257 2231 πρδ
1275 2145 1370 2212 αύτοῦ
1386 2150 1436 2210 τοῦ

296 2253 394 2334 Δαβλδ
413 2245 431 2314 δ
451 2246 538 2327 φύσει
558 2255 674 2333 πρῶτος
691 2245 864 2330 βασιλεύσας
884 2247 916 2310 έν
934 2243 1046 2332 Ἰσραῆλ
1063 2247 1178 2329 Σαούλ,
1205 2247 1271 2326 υέύς
1289 2251 1379 2328 Κεὶς,
1406 2249 1438 2311 ἐκ

185 2385 236 2430 μς.
250 2373 281 2416 ετ.
295 2359 391 2434 φυλῆς
412 2354 557 2432 Βενιαμίν.
601 2349 662 2412 Καὶ
683 2345 779 2414 ούιιέτι
796 2345 887 2412 αύτδν
900 2350 1044 2426 διεδέξατο
1065 2348 1144 2430 υέύς,
1171 2348 1242 2415 άλλύ
1262 2353 1385 2433 μετέστη
1406 2345 1437 2413 τδ

294 2459 440 2538 βασίλειον
454 2449 503 2518 διύ
520 2451 618 2533 Δαβλδ
633 2449 752 2536 πρῶτον
767 2453 808 2525 εἱς
823 2447 877 2532 τῆν
888 2447 985 2532 φυλῆν
995 2447 1099 2517 Ἰούδα.
1144 2457 1269 2538 Πρῶτος
1282 2451 1341 2537 γάρ
1361 2449 1439 2538 αύτῷ

294 2565 335 2644 τῷ
348 2552 455 2639 Ἰακοδβ
468 2561 539 2630 παῖς
550 2556 660 2639 γίνεται
673 2549 812 2635 Ῥουβλμ,
838 2550 972 2635 δεύτερος
986 2551 1126 2635 Συμεούν,
1154 2557 1250 2640 τρλτος
1262 2559 1376 2634 Λευῒς,
1398 2555 1438 2618 τέ-

295 2684 398 2742 ταρτος
409 2653 536 2731 Ἰούδας·
564 2656 595 2732 έξ
614 2646 652 2720 ού
667 2659 823 2720 καλοῦνται
835 2649 987 2731 Ἰουδαῖοι,
1016 2654 1065 2720 διά
1086 2653 1141 2739 τῆν
1159 2653 1255 2740 φυλῆυ
1266 2653 1368 2722 Ἰούδα
1388 2661 1441 2720 τοῦ

296 2763 329 2826 έκ
358 2765 410 2825 τοῦ
430 2760 533 2845 γένους
553 2764 612 2822 τῶν
633 2759 799 2838 θεοσεβῶν,
832 2758 863 2820 οἱ
882 2757 923 2830 εές
944 2754 976 2820 τύ
998 2754 1092 2839 ὄνομα
1111 2763 1199 2823 τοῦτο
1220 2757 1441 2841 μεταπεσόντες.

288 2867 466 2927 ,Ἑκαλοῦντο
487 2867 560 2945 γοῦν
581 2855 684 2944 πρύην
703 2855 873 2942 Ἰσραηλέται
894 2859 925 2923 ολ
941 2859 993 2922 καὶ
1011 2855 1156 2925 Ἰουδαῖοι.

161 3088 228 3156 132,
246 3085 277 3156 ρ’,
369 3063 458 3140 Ἕως
477 3061 584 3128 τούτου
602 3068 655 3127 τοῦ
669 3058 776 3147 χρόνον
790 3059 986 3143 συνήφθησαν
1002 3065 1036 3127 αέ
1046 3064 1181 3146 τέσσαρες
1196 3064 1289 3148 γενεαὶ
1310 3071 1369 3146 τῆς
1390 3070 1445 3150 γῆς

294 3173 353 3232 τῶν
377 3162 523 3249 τεσσάρων
548 3163 720 3247 τμημάτων,
751 3161 863 3228 τούτων
884 3165 1090 3247 διαιρεθέντων
1115 3164 1190 3229 κατά
1216 3162 1286 3241 τούς
1311 3165 1447 3252 χρόνους

296 3269 351 3342 έως
370 3273 424 3331 τοῦ
444 3273 549 3350 καιροῦ
569 3263 675 3330 τούτου
697 3272 750 3329 τοῦ
772 3260 901 3330 ἐνταῦθά
925 3289 975 3346 μοι
995 3268 1195 3349 δεδηλωμένου
1216 3268 1268 3330 καὶ
1289 3269 1445 3346 ἐπέκεινα,

296 3369 442 3434 τουτέστιν
463 3365 521 3432 δπδ
538 3365 630 3449 Ἀδάμ
651 3368 706 3442 ἕως
726 3373 779 3431 τοῦ
801 3371 872 3430 Νῶε
891 3367 1110 3451 Βαρβαρισμός,
1138 3363 1196 3432 άπδ
1218 3373 1272 3432 τοῦ
1290 3375 1368 3434 Νῶε
1392 3371 1449 3444 έως

297 3474 350 3534 τοῦ
371 3469 486 3554 πύργου
507 3470 557 3534 καλ
576 3467 690 3553 Σερούχ
709 3465 780 3551 μετά
807 3465 861 3533 δύο
887 3466 1007 3552 Ιγενεάς
1033 3477 1086 3534 τοῦ
1109 3467 1225 3554 πύργου
1253 3467 1274 3552 ῆ
1295 3469 1448 3554 Σκυθικῆ

297 3573 522 3652 δεισιδαιμονία,
550 3573 602 3637 καλ
624 3572 772 3650 μετέπειτα
794 3566 854 3633 άπδ
875 3575 928 3634 τοῦ
947 3568 1061 3654 πύργου
1082 3572 1133 3634 καὶ
1147 3569 1260 3656 Σερούχ
1278 3575 1335 3637 καὶ
1350 3571 1451 3660 Ἀρύμ

297 3675 353 3748 ἕως
369 3679 422 3736 τοῦ
435 3669 573 3757 Ἀβραάμ
586 3667 604 3737 δ
618 3667 818 3753 Ἑλληνισμὸς,
836 3668 897 3736 άπδ
911 3667 1019 3735 τούτου
1033 3672 1084 3736 καλ
1099 3679 1158 3737 τῶν
1172 3675 1325 3754 μετέπειτα
1339 3679 1451 3740 θεοσέ-

296 3778 361 3857 βεια
379 3775 581 3856 συναπτομένη
599 3779 640 3860 τρδ
654 3769 733 3860 αύτῷ
746 3769 883 3856 Ἀβραάμ
889 3822 898 3851 ,
926 3768 985 3837 άπύ
998 3779 1052 3838 τοῦ
1066 3770 1140 3836 κατά
1154 3773 1293 3858 διαδοχὴν
1309 3779 1451 3863 σπέρμα-

296 3901 346 3952 τος
362 3871 469 3954 αύτυῦ,
499 3877 627 3940 τουτέστι
646 3881 700 3938 τοῦ
716 3870 828 3953 Ἰούδα,
851 3869 903 3952 εἶφ’
920 3865 1011 3958 ούπερ
1025 3869 1220 3958 ’Ῑουδαλσμός
1250 3871 1290 3952 οἷς
1307 3877 1358 3942 ἔτι
1374 3907 1452 3963 μαρ-

296 3985 379 4060 τυρεῖ
397 4003 448 4058 μοι
468 3971 487 4040 ύ
506 3973 749 4061 πνευματοφύρος
770 3976 820 4040 καλ
842 3975 924 4061 άγιος
949 3981 1003 4040 τοῦ
1022 3981 1097 4040 θεοῦ
1119 3973 1281 4054 ύπύστολος
1306 3985 1455 4062 Παῦλος,

296 4071 355 4143 άδέ
373 4104 437 4154 πως
452 4079 559 4162 λέγων,
591 4075 650 4157 ὅτι,
681 4074 737 4154 Ἐν
755 4083 871 4164 Χριστῷ
885 4075 979 4159 Ἰησοῦ
994 4075 1030 4144 ού
1047 4076 1211 4165 βάρβαρος,
1243 4075 1281 4145 ού
1295 4081 1455 4168 Σκύθης,

296 4176 489 4262 ούχἜλλην,
521 4175 576 4243 ούκ
594 4175 748 4257 Ἰουδαῖος,
777 4175 847 4242 ύλλύ
869 4176 957 4261 καινῆ
980 4183 1085 4258 ιιτλσις,
1116 4179 1216 4263 έπειδῆ
1238 4182 1268 4258 έξ
1290 4177 1455 4270 ύτταρχῆς,

297 4279 345 4346 ’δττ
360 4284 470 4346 ἔκτιστο
491 4279 512 4364 ῆ
530 4285 636 4359 κτλσις,
668 4278 756 4363 κοινῆ
770 4273 844 4345 ούσα
859 4275 947 4345 ούδέν
961 4304 989 4344 τι
1003 4281 1220 4367 διαφορώτερον
1235 4284 1320 4365 έσχεν
1336 4283 1455 4372 ὄνομα.

329 4433 387 4483 cn.
406 4437 424 4484 ι.
446 4464 479 4476 -
507 4437 528 4487 ι.
545 4431 697 4504 προγράφει
717 4437 772 4486 «τοι
787 4437 848 4484 ουκ.
916 4433 975 4484 cn.
993 4436 1022 4485 υ.
1041 4462 1069 4474 -
1093 4437 1114 4486 ι.
1133 4423 1323 4505 εαρύγειεες.

327 4503 351 4556 ’λ
369 4505 418 4553 Nou
431 4504 552 4565 διίυιτυολ
566 4507 607 4568 ραι·
619 4506 789 4567 suspicarentur
805 4499 849 4554 έτι.
