3036 4998
357 319 492 371 ιιιιιιιιι
509 320 571 370 crs.
581 321 600 370 ι.
618 321 698 372 rom.
716 321 747 370 n.
766 319 862 370 naeu.
877 320 979 369 xxxi.
1188 307 1247 370 305

106 459 138 501 eo
154 438 218 524 ipso
236 439 358 524 quedam
374 449 474 524 posset
495 439 657 524 sapientiae
672 438 736 504 luce
753 439 902 524 perlnudi,
927 459 964 503 ue
981 460 1014 504 se
1031 449 1109 503 tuam
1128 440 1162 504 atl
1181 439 1247 504 sab-

105 540 158 604 bati
178 541 413 606 observationem
431 542 678 620 accommodaret,
702 563 736 606 ac
755 563 806 627 per
823 541 885 605 eius
902 563 919 605 a
938 563 994 626 quo
1018 551 1098 606 esset
1113 551 1245 622 sanatus,

105 664 206 707 nomeu
227 643 281 708 boe
299 644 443 708 disceret:
478 648 555 706 Tolle
576 647 727 724 grabatum
749 657 841 719 tuum,
866 649 1025 706 etcertum
1044 648 1153 706 domum
1172 657 1397 726 tuomroamsnr.

104 747 224 808 subbato.
259 742 401 812 Ceterum
416 745 501 810 leoco
518 745 603 812 nobis
618 757 705 810 antea
724 756 980 812 commemoratum
997 758 1055 824 est,
1080 747 1127 830 qoi
1143 766 1183 809 ex
1197 745 1246 810 illa

103 859 281 926 sectcsunt,
313 851 464 914 cosvarie
489 850 524 912 de
544 845 803 914 Christoseotire.
847 847 925 914 Nom
952 849 1026 932 qnod
1049 845 1246 912 adEbiooem
1330 885 1334 896 ·

104 947 193 1034 ipsum
209 951 351 1036 pertinet,
376 973 487 1016 merum
505 951 583 1018 illum
607 952 751 1016 bominem
777 973 817 1015 ex
841 950 965 1014 homone
989 949 1145 1014 concubitu
1168 960 1248 1035 putat

103 1069 167 1116 esse
185 1064 370 1138 prognatum.
415 1053 521 1139 Atqui
537 1051 679 1118 Ebiooaei
695 1054 731 1118 de
750 1053 799 1117 illo
815 1053 911 1118 vocati
929 1063 1013 1131 suot,
1037 1052 1138 1116 neseio
1161 1073 1246 1136 quam

103 1153 129 1216 in
145 1155 228 1220 coelo
246 1157 383 1220 virtutem
400 1156 539 1220 divinitus
557 1157 717 1220 obtinuisse
736 1155 836 1236 lilium,
861 1155 1041 1239 eundemque
1058 1177 1112 1218 suo
1127 1175 1160 1218 se
1174 1165 1246 1218 tem·

102 1277 170 1339 pore
185 1257 217 1320 in
235 1256 381 1322 Adamum
401 1258 586 1338 insinuasse,
610 1258 787 1342 exuissequc
805 1269 918 1344 postea.
965 1255 1097 1339 Quorum
1120 1257 1247 1320 omnium

103 1357 299 1444 discrepantes
321 1361 483 1426 sententias
505 1360 603 1426 divina
626 1382 679 1444 ope
703 1361 768 1424 freti
790 1361 930 1426 hactenus
953 1359 1124 1426 evertimus.

185 1460 386 1544 Quamobrem
401 1464 468 1549 qnid
491 1485 545 1548 ego
563 1462 670 1528 diutius
687 1463 874 1549 importuosis
900 1462 1003 1528 illisio
1023 1462 1096 1527 locis
1112 1483 1147 1526 ao
1168 1463 1248 1528 velot

103 1564 258 1628 aestuariis
274 1586 455 1642 commoror,
480 1587 554 1650 quae
571 1565 705 1630 inundari
723 1565 807 1646 nlius,
831 1565 905 1631 alias
921 1565 1067 1630 exsiccari
1085 1566 1192 1643 solent,
1212 1587 1247 1630 ac

101 1665 221 1748 piscium
239 1667 350 1753 copiam
367 1668 483 1754 saepius
497 1669 527 1732 in
543 1667 611 1731 litus
628 1668 756 1732 eiicere?
778 1668 855 1732 iuter
870 1691 943 1752 qnos
959 1669 1095 1734 venenati
1118 1668 1244 1752 qnidam,

101 1768 262 1834 uniusmodi
287 1781 355 1834 snut
371 1770 554 1856 pastinacae,
580 1770 740 1834 dracaeuae
758 1770 923 1850 caniculae,
947 1791 1121 1850 muraenas,
1146 1792 1246 1834 eornm

100 1872 147 1954 qni
167 1873 205 1936 ad
222 1894 303 1936 oram
322 1872 399 1937 illam
416 1872 563 1936 ambulent
582 1874 671 1958 pedes
689 1872 802 1936 exitiali
817 1893 950 1954 veneno,
973 1874 1014 1937 uti
1033 1872 1177 1953 diximus,
1202 1872 1247 1936 iu·

99 1974 222 2038 lestant.
267 1973 352 2038 Hunc
373 1974 462 2060 igitur
482 1976 578 2040 loonm
602 1976 736 2059 ingentes
762 1977 940 2060 deogratias
959 1997 1050 2060 agens
1067 1975 1245 2060 praeteribo,

100 2077 176 2160 qnod
191 2076 266 2140 ltaec
281 2076 432 2164 insopora
452 2075 536 2142 nobis
553 2078 719 2164 propulsata
742 2077 781 2140 sit
797 2077 945 2157 haeresis,
969 2099 1055 2162 quam
1072 2099 1130 2142 non
1154 2077 1248 2142 obiter

98 2179 212 2258 solnm,
237 2178 288 2242 sed
307 2201 419 2243 summa
434 2200 499 2243 enm
514 2180 661 2264 diligentia
681 2179 851 2244 refellimus.
873 2177 962 2243 Nunc
977 2180 1011 2244 ad
1027 2179 1099 2242 olias
1116 2189 1247 2244 transea-

98 2300 182 2361 mus,
214 2302 249 2344 ac
271 2281 316 2344 dei
339 2281 514 2367 praesidinm
542 2282 747 2368 imploremus,
778 2293 810 2346 ut
831 2281 905 2366 quod
929 2281 984 2345 hoe
1006 2303 1095 2367 opere
1116 2282 1247 2368 suscepi·

99 2405 163 2448 mus
184 2384 331 2448 cumulate
353 2405 406 2470 per
427 2405 481 2450 nos
502 2383 538 2450 otl
560 2385 672 2450 exitum
695 2385 837 2469 liocmqne
860 2385 1010 2468 perducat.

360 2607 586 2684 contus
611 2605 988 2699 VALENTINOS,

306 2727 502 2823 Gnosticos,
538 2752 620 2824 quac
656 2736 708 2803 cst
738 2727 885 2804 haeresis
910 2727 1038 2802 XXXI.

183 2877 381 2965 Posteaquam
402 2877 606 2946 Ebionitarom
629 2881 785 2966 nequitiam
806 2879 1077 2966 improbitatemque
1101 2878 1247 2962 percurri·
1276 2888 1335 2958 cap.
1347 2894 1366 2944 1.

96 3001 183 3060 mrts,
215 3003 281 3045 cum
305 2993 419 3046 ceteras
440 2983 562 3047 nliornm
585 2984 763 3068 serpentium
780 2985 889 3047 formas
909 3003 943 3046 ac
958 3001 1071 3044 venena
1091 2981 1248 3044 tradituros

97 3104 153 3148 nos
169 3104 240 3148 esse
257 3084 347 3148 simus
365 3083 501 3170 polliciti,
526 3106 647 3170 quorum
663 3095 693 3149 et
708 3084 843 3150 exitiales
861 3095 930 3149 sunt
947 3104 1080 3162 morsus,
1105 3093 1137 3145 nt
1157 3103 1197 3145 ex
1215 3081 1248 3146 il·

96 3185 197 3250 lorum
210 3187 393 3270 dogmatibus
408 3187 488 3250 velot
502 3186 578 3250 rictu
589 3188 710 3271 quodam
726 3207 867 3274 apparere
883 3197 991 3271 potest,
1009 3198 1039 3250 et
1052 3185 1134 3268 igniti
1152 3185 1248 3248 cuins·

96 3287 163 3350 darn
183 3288 384 3373 teterrimique
406 3289 509 3374 anguis
529 3299 579 3352 aot
592 3289 720 3353 basilisci
746 3293 839 3352 instar
858 3287 927 3351 editi
950 3299 1036 3368 snut,
1066 3288 1100 3351 ad
1116 3285 1248 3351 Valenti-

96 3412 207 3454 nornm
230 3391 276 3473 qni
300 3410 332 3454 se
349 3388 508 3455 Gnosticos
523 3391 684 3476 appellant,
716 3392 898 3456 refutandam
925 3391 1061 3454 haeresin
1081 3409 1127 3452 me
1150 3390 1249 3452 conle-

96 3513 180 3574 rom,
209 3493 282 3578 qnod
299 3491 412 3577 quidem
431 3515 483 3578 pro
499 3490 577 3556 uirili
599 3505 681 3577 parte
702 3493 830 3558 conabor
846 3495 971 3556 efficere.
1017 3491 1129 3556 Horum
1151 3492 1249 3576 itaque

95 3595 204 3660 decem
219 3593 338 3658 omnino
357 3595 480 3660 divortia
497 3606 575 3660 suot.
622 3593 683 3660 sed
701 3616 802 3660 omnes
825 3607 921 3659 tamen
937 3617 994 3659 ooo
1011 3593 1091 3659 velut
1106 3594 1165 3657 icto
1182 3615 1249 3679 pro-

95 3697 209 3782 lligatis
227 3696 327 3760 nescio
346 3695 449 3781 quibus
468 3693 575 3762 Parum
598 3709 628 3762 et
646 3695 847 3782 Ogdoadem,¹
867 3708 953 3782 etque
974 3697 1097 3762 marium
1119 3707 1148 3759 ct
1169 3697 1250 3759 lemi-

96 3821 207 3863 narum
221 3798 489 3880 Aeonnmftemerc
510 3801 641 3864 coolictis
664 3800 785 3864 somniis
808 3799 970 3884 aequaliter
990 3799 1143 3862 feriuntur.
1187 3795 1252 3861 Ne·

94 3922 154 3986 qne
179 3921 254 3966 vero
279 3901 309 3964 in
329 3901 443 3965 illorum
466 3903 648 3966 confutandis
673 3902 823 3968 erroribus
848 3913 1010 3987 temporum
1034 3911 1080 3964 est
1100 3901 1251 3964 retinendo

95 4003 271 4081 successio,
304 4004 354 4067 sut
379 4003 415 4067 ab
438 4025 494 4068 unu
518 4005 653 4091 progredi
677 4004 711 4069 at
733 4005 854 4069 alteram
880 4005 1016 4068 haeresin
1043 4023 1164 4066 neeesse
1187 4011 1250 4080 est3

94 4106 240 4190 qnoniam
259 4106 361 4169 eodem
383 4116 498 4170 eterra
519 4117 649 4193 tempore
667 4127 768 4170 omnes
790 4109 942 4191 longorum
965 4107 1059 4170 instar
1080 4114 1249 4189 eruperunt.

94 4207 206 4293 Atque
220 4218 251 4271 ot
266 4207 357 4272 noxie
372 4209 537 4293 foetidaqne
550 4209 690 4294 quaedum
710 4208 863 4273 herbarum
878 4209 1021 4294 germino,
1045 4206 1092 4270 vel
1109 4205 1202 4270 domis
1218 4226 1252 4269 ac

93 4411 252 4466 λεντινιανοί.
729 4411 753 4468 6.
772 4418 808 4466 lto
822 4415 890 4466 codd.
910 4417 984 4464 Vocet.
1000 4413 1130 4476 isltedr'p.
1162 4414 1190 4464 ln
1203 4413 1252 4462 edt-

128 4483 155 4535 5.
185 4473 385 4546 α’ρρννοὶηλιίων
410 4478 507 4536 αἰώνων
532 4485 582 4534 cod.
609 4485 663 4535 Vsu.
697 4486 726 4535 tte
742 4485 825 4547 tegitur
840 4477 984 4550 πρόςβασιν.

92 4552 164 4602 seru
180 4551 267 4600 namu
285 4543 481 4616 repententes
499 4549 612 4607 alnetus.
730 4549 755 4606 7.
773 4545 931 4620 ἐβλάστησαν
946 4549 997 4600 cod.
1015 4551 1069 4602 rm

149 4629 245 4686 ῦοηιιι
259 4627 394 4678 Enetum.
407 4629 436 4678 tt
1009 4638 1049 4704 20
