3008 4996
322 333 456 386 ruuuau
472 335 535 385 nm.
546 337 567 385 r.
583 335 663 387 rou.
677 337 708 386 u.
724 335 823 388 auen.
834 335 935 388 xxrx.
1138 327 1196 390 att

62 475 115 515 non
135 454 172 514 sit
189 453 219 514 iu
236 452 394 527 salvatore,
419 453 493 536 qnod
510 453 545 516 ad
565 473 680 517 earnem
697 453 832 537 pertinet,
857 455 1010 538 aliquando
1025 457 1195 540 perlectum.

62 553 123 618 lloe
140 555 217 616 euim
231 563 298 616 snut
314 555 362 637 qni
377 564 484 638 negent
499 553 647 638 impletum
663 555 771 633 [οἰκος
796 577 849 618 nos
868 567 961 620 tamen
979 557 1064 641 plane
1074 557 1114 620 ita
1128 579 1198 621 oon·

60 657 160 736 tigisse
184 654 421 718 monstrabimus.
467 654 556 720 Nulla
581 658 657 720 enim
682 657 730 720 vel
754 656 870 720 mistiam
897 659 1011 724 divinae
1036 660 1199 743 scripturae

61 757 146 818 dictio
168 769 263 841 potest
284 757 434 822 excidere.

141 857 287 940 Quocirca
305 860 427 924 uranus
450 860 497 922 ille
515 858 636 922 Devius
655 881 690 922 ae
708 861 808 943 regale
829 861 932 924 solium
956 861 1026 925 uttit
1051 862 1127 925 aliod
1149 873 1195 926 ost
1214 876 1273 943 esp.
1284 879 1328 928 111.

60 981 142 1043 qnam
159 961 304 1026 ecelesiae
320 972 441 1024 moene
456 961 668 1040 sacerdotium,
692 963 766 1046 qnod
785 962 867 1046 regis
888 961 974 1024 simol
998 983 1033 1026 ae
1052 963 1197 1045 pontiiioia

60 1062 198 1145 dignitate
218 1063 247 1125 in
264 1083 354 1125 nonna
371 1073 518 1125 eontracta
536 1063 564 1124 ei
581 1063 714 1125 dominns
734 1062 878 1139 attribuit,
909 1084 943 1126 ae
960 1061 1080 1127 Davidis
1101 1075 1197 1127 aetor-
1300 1065 1302 1078 '

61 1185 124 1225 num
144 1164 214 1227 illud
232 1185 325 1248 neque
344 1165 503 1250 paritorum
523 1185 646 1248 onqnarn
664 1163 767 1228 solium
784 1164 815 1226 io
833 1165 954 1226 eandem
969 1165 1101 1229 eontulit.
1132 1162 1197 1228 lllie

60 1267 132 1327 euim
149 1263 292 1328 Dauidica
315 1266 401 1328 sedes
424 1275 562 1350 perperna
584 1267 772 1330 arseminae
796 1265 833 1328 ad
849 1261 999 1329 Citristnru
1017 1286 1108 1350 nque
1130 1287 1195 1349 per·

59 1366 179 1444 mansit,
203 1387 267 1429 earu
286 1367 365 1430 nullo
384 1387 508 1450 numam
525 1377 654 1450 tempore
673 1368 708 1430 de
731 1365 818 1430 ludas
834 1367 913 1430 tribu
928 1366 1073 1452 prinsipes
1090 1368 1194 1431 desiis-

59 1479 132 1544 sent,
157 1468 251 1532 donee
266 1467 315 1529 ille
332 1466 415 1530 venit
430 1473 480 1529 our'
492 1472 614 1548 repon'ta
627 1481 718 1530 erant.
762 1469 803 1530 Et
818 1473 886 1549 epea,
910 1468 1014 1553 inquit,
1037 1474 1192 1550 apeetatrit
1200 1487 1299 1546 (tnta,
1311 1492 1342 1534 un

56 1575 190 1646 genuum.
236 1567 353 1631 Etenim
377 1569 431 1633 snb
451 1571 606 1632 adventum
625 1565 735 1633 Christi
752 1568 860 1633 domini
881 1570 967 1634 desiit
990 1571 1026 1633 de
1049 1570 1126 1632 tribu
1145 1567 1192 1634 lu·

59 1673 106 1732 dae
125 1670 286 1754 prinoipum
303 1670 352 1732 illa
369 1672 535 1749 sneoessio,
568 1670 615 1754 qni
639 1671 675 1732 ad
696 1672 723 1733 id
745 1691 836 1755 usqne
854 1681 967 1756 tempos
984 1669 1080 1756 populi
1103 1672 1192 1734 dneos

59 1773 182 1834 inerant.
225 1769 303 1834 Nam
320 1785 379 1834 tnm
396 1771 443 1836 illa
457 1774 551 1835 series
567 1771 713 1835 iutereidit
734 1793 768 1834 ae
785 1792 939 1856 suppressa
956 1773 1069 1856 penitus
1091 1782 1152 1850 est,
1176 1793 1193 1836 a
1282 1759 1290 1774 ¹

57 1894 108 1954 qno
130 1871 267 1937 Christus
282 1871 461 1952 Bethleemi,
485 1873 559 1957 qnod
578 1886 624 1937 est
642 1871 766 1938 lndaeoe
784 1873 935 1958 oppidum,
957 1873 988 1936 in
1009 1873 1082 1936 hane
1099 1873 1193 1936 laeam

57 1974 149 2038 editus
164 1985 221 2053 est,
246 1973 331 2059 idque
345 1973 419 2037 aden
436 1975 490 2038 snb
506 1975 678 2038 Alexandro
694 1974 826 2057 contigit,
850 1974 930 2058 quie
947 1973 1128 2038 sacerdotnm
1143 1995 1193 2059 pa·

57 2073 126 2138 riter
143 2097 179 2138 ae
195 2097 295 2160 regnan
313 2075 403 2161 stirpe
420 2087 484 2139 erat
499 2077 650 2140 oriundus.
683 2075 731 2138 ab
749 2075 831 2139 lunius
851 2075 939 2158 igitur
957 2075 1120 2140 Alexandri
1139 2095 1193 2140 neo

59 2197 111 2240 non
134 2189 166 2240 et
182 2175 335 2258 Saalinae,
366 2197 439 2260 qnae
458 2188 488 2242 et
502 2177 672 2242 Alexandra
691 2187 794 2240 rosan
814 2187 877 2256 est,
907 2187 1036 2260 tempore
1059 2197 1125 2241 sors
1148 2189 1193 2239 eat

57 2277 100 2340 illa
114 2279 199 2364 regni
217 2279 401 2362 oeuditinqun
418 2279 542 2354 sublata,
567 2299 630 2342 enm
647 2277 782 2342 Harudes
796 2277 931 2356 lndaeae,
955 2279 1106 2363 Angustos
1120 2297 1192 2343 vero

58 2377 256 2444 Romanorum
273 2380 425 2463 imperinm
441 2381 598 2444 obtineret.
642 2377 682 2442 Et
695 2377 807 2464 quidem
823 2381 996 2444 Alexander
1008 2381 1058 2443 ille
1077 2401 1154 2444 unns
1176 2400 1192 2442 e

58 2477 259 2559 christorum,
284 2482 337 2544 bne
356 2492 402 2546 est
417 2493 587 2561 uentorum,
611 2482 769 2564 dnenmque
788 2503 909 2544 numero
927 2481 1057 2546 diadema
1078 2482 1193 2545 siltiraet

57 2581 203 2667 imposuit.
251 2579 324 2647 Cum
345 2582 420 2645 euim
439 2584 513 2646 duae
530 2582 656 2646 invinent
672 2582 762 2646 mins
779 2582 952 2647 eoninuetae
969 2583 1103 2659 inissent,
1122 2601 1192 2667 qna·

57 2704 119 2747 rum
136 2683 229 2748 altera
245 2685 343 2766 regni,
364 2683 519 2750 saeerdotii
533 2684 624 2746 altera
643 2681 690 2748 ins
706 2683 839 2762 habebat,
861 2695 981 2768 eratque
996 2682 1085 2747 lndae
1099 2685 1190 2768 prior,

58 2785 201 2866 posterior
218 2784 347 2848 daronis
373 2806 406 2847 aa
429 2783 583 2849 Leviticae
606 2785 702 2869 gentis
724 2785 895 2862 universae,
928 2784 994 2848 iude
1021 2788 1125 2848 taetnm
1147 2799 1193 2848 est

59 2885 144 2950 iidem
161 2898 191 2950 ιι
205 2906 292 2970 reges
312 2908 347 2949 aa
362 2890 531 2950 sacerdotes
549 2895 659 2950 esseut.
701 2883 807 2970 Neque
827 2886 903 2950 enim
923 2887 1009 2950 ullum
1029 2905 1069 2949 ex
1088 2885 1192 2948 obsen-

56 2987 96 3048 ris
110 3009 262 3052 sacrarum
280 2987 429 3052 literarum
447 2989 573 3051 oraenlis
587 2988 712 3051 veritate
726 3009 780 3051 sna
795 2989 898 3052 carsit.
938 2987 1015 3052 Tan
1028 2987 1116 3072 igitar
1130 2971 1207 3050 tte-⁸

58 3091 141 3153 rodes
165 3109 222 3152 rex
248 3090 410 3173 alienigena
434 3088 586 3153 summotis
611 3087 734 3154 Davidis
756 3090 880 3174 posteris
904 3091 1033 3154 diadema
1056 3088 1189 3172 sumpsit.

57 3189 153 3275 Atque
170 3191 285 3274 imperii
306 3192 418 3254 demum
441 3191 515 3253 solio
531 3191 712 3274 peregrinum
731 3189 760 3253 in
780 3191 921 3254 hominem
939 3190 1110 3254 tmoslaton
1128 3209 1192 3252 aar·

57 3291 129 3354 ualis
147 3289 236 3355 ledae
255 3291 360 3355 lamilia
377 3313 412 3354 ae
430 3291 642 3377 Hierosolymis
660 3313 712 3376 per
728 3289 875 3356 Christum
893 3292 973 3376 regia
990 3292 1081 3355 estin
1098 3291 1192 3354 enole·

56 3393 126 3455 siam
148 3394 294 3456 transfusa
309 3394 444 3476 dignitas.
482 3390 575 3456 Cuius
594 3393 679 3457 sedes
693 3395 728 3457 ad
743 3395 868 3457 omnium
886 3393 1105 3479 perpetuitatem
1120 3401 1192 3456 tem·

57 3515 158 3576 poro·
174 3493 204 3557 in
223 3495 324 3557 eadem
341 3494 403 3580 ipsa
424 3494 596 3574 roustituta,
620 3515 660 3557 ex
675 3495 824 3560 ambarum*
838 3494 1023 3578 dignitatum,
1047 3493 1129 3578 regni
1148 3495 1191 3556 ni·

57 3597 161 3659 lelioet
184 3618 220 3659 ao
242 3595 396 3659 sacerdotii
419 3595 604 3680 amplitudine
629 3596 779 3660 ooaleseit.
822 3594 898 3660 Nam
923 3597 999 3679 qnod
1022 3597 1057 3658 ad
1081 3595 1190 3680 regiam

57 3697 237 3760 maiestatem
261 3698 380 3774 attinet,
405 3719 467 3762 eam
484 3717 502 3760 a
523 3693 641 3762 Christo
662 3695 731 3761 lesu
747 3695 863 3761 domino
884 3707 985 3760 nostro
1002 3697 1105 3781 duplioi
1127 3696 1191 3759 inre

55 3800 293 3862 communicatam
309 3800 436 3883 aoeepit,
459 3799 535 3882 qnod
549 3811 581 3863 et
598 3800 646 3862 illo
663 3808 805 3883 qnatenus
821 3819 909 3862 earne
925 3808 1054 3874 mustat,
1078 3798 1114 3859 de
1132 3793 1192 3860 lla·

56 3900 129 3962 ridis
148 3903 239 3984 stirpe
255 3909 427 3984 propagatus
443 3900 541 3979 inerit,
564 3910 594 3964 et
607 3920 664 3964 rex
678 3900 837 3965 divinitatis
851 3920 934 3984 qnam
949 3899 1025 3961 idam
1043 3896 1130 3960 habet
1143 3917 1190 3958 ra-

56 4001 135 4064 tione
153 4002 242 4084 longe
254 4001 294 4064 sit
308 4000 430 4084 amplior
444 4011 476 4064 et
490 4012 640 4064 aeternus.
674 3999 837 4066 Saoerdotii
854 4021 926 4064 vero
942 3999 1107 4082 dignitatem
1124 3998 1191 4060 idea

54 4102 178 4164 anrtitns
193 4112 238 4164 est
253 4103 327 4184 qnod
346 4113 377 4163 et
391 4102 522 4186 pontifex
538 4101 588 4181 sit,
610 4115 639 4164 et
653 4103 817 4186 pontilianm
832 4102 959 4164 omnium
977 4101 1142 4163 moderator
1155 4117 1191 4161 ao

52 4203 199 4287 princeps.
246 4202 347 4286 Quare
366 4201 487 4266 laooltns
508 4203 574 4281 ille,
598 4203 645 4285 qni
660 4204 766 4268 domini
788 4205 879 4268 irater
900 4201 1057 4288 appellatas
1073 4209 1136 4278 est,
1162 4208 1193 4262 et

54 4303 184 4367 eiusdem
210 4304 375 4390 apostolus,
406 4304 515 4389 primns
539 4304 664 4367 omnium
683 4317 729 4368 est
750 4305 901 4390 episeopus
923 4301 1114 4381 eonstitntns3
1144 4303 1191 4386 qni

54 4426 117 4468 eum
142 4402 259 4496 losephi
281 4405 420 4468 naturalis
444 4415 524 4468 esset
540 4405 631 4486 filius,
656 4405 763 4468 domini
780 4407 870 4469 lrater
892 4405 928 4468 ab
944 4405 973 4468 id
991 4413 1112 4468 voratus
1134 4414 1191 4480 est,

53 4508 129 4589 pund
154 4507 183 4569 in
207 4509 269 4570 eins
291 4507 426 4570 convietn
447 4527 482 4570 ae
503 4507 714 4572 eonsuetudine
734 4517 913 4571 versaretur.
