2984 4996
340 283 474 336 ennean
492 279 949 336 ute.r.ncm.m.nnan.xuu.
1157 271 1218 336 653

160 398 503 467 Senotvsstcxvl.
538 407 682 485 Numquid
700 407 734 464 dc‘
755 403 841 464 bobus
861 421 931 462 curo
951 405 1086 463 mtdco?
1231 417 1369 474 umens.

155 501 259 568 Reiut.
277 501 350 568 VIH
367 515 397 567 et
412 503 501 570 XVI.
536 505 661 570 Abunde
675 515 814 569 tractetus
832 503 877 567 bie
894 501 975 566 locus
992 514 1054 582 est,
1079 515 1109 568 et
1124 505 1152 568 in
1171 526 1219 571 su·

60 604 181 690 pes-ieri
198 605 292 690 capite
308 627 324 669 a
341 605 425 672 nobis
442 609 605 694 expositus.
641 604 767 692 ideoque
783 625 1030 691 supervacaneum
1047 607 1102 670 reti
1118 610 1218 673 eedem

59 707 169 771 denuo
191 717 325 793 repetere
346 707 383 771 iis
405 729 478 793 quae
502 709 578 774 dicta
600 721 667 774 sunt
689 707 818 773 contenti
840 727 907 772 esse
928 695 1088 772 nonenim(

156 805 258 873 Senot.
278 807 323 872 IX
339 821 369 874 et
385 807 489 874 xvtl.
522 815 597 874 Noto
614 817 685 874 enim
705 833 752 875 vos
768 818 917 892 ignorare,
932 813 1062 895 j'rnms,
1088 817 1216 893 quonaone
1231 825 1285 882 cop.
1298 828 1330 880 n,

54 923 168 992 potres
184 917 278 974 nostri
294 913 347 974 sub
364 914 436 974 nube
443 916 584 998 sumunt,
615 926 643 976 et
656 937 749 977 omnes
766 935 843 976 more
860 917 1049 987 transierunt,
1081 925 1110 974 et
1125 935 1219 977 omnes
1244 881 1318 932 ΗΝ

59 1019 185 1076 candent
206 1037 295 1076 escum
318 1019 472 1096 spiritalem
495 1021 739 1080 manducaverunt.
783 1017 922 1078 Bibebont
939 1021 1010 1078 enim
1038 1019 1073 1076 de
1093 1020 1221 1096 spr'rn'tob'

60 1129 257 1198 consequente
272 1139 319 1179 coa
330 1130 424 1199 petro,
446 1131 529 1200 petro
544 1132 635 1181 nutem
650 1131 715 1182 crat
727 1123 866 1182 Christos.
911 1121 970 1179 Sed
979 1139 1034 1180 non
1048 1121 1077 1180 in
1085 1121 1219 1200 pluribus

60 1240 166 1280 eornm
188 1220 386 1300 beneplacitam
407 1233 452 1282 ert
470 1225 530 1282 deo.
576 1225 652 1284 Haec
668 1234 760 1283 autern
777 1225 805 1282 in
814 1223 919 1300 pigero
927 1223 1012 1303 suctu
1028 1232 1096 1282 sunt
1112 1226 1213 1294 nostri,

60 1334 99 1382 ut
122 1343 180 1383 non
194 1325 280 1384 rimus
294 1327 517 1403 concupiscentes
533 1328 685 1398 mulorum,
715 1329 790 1385 ment
806 1325 853 1384 illi
863 1325 997 1404 sumunt,
1028 1345 1117 1404 neque
1130 1325 1217 1384 idolo-

61 1445 134 1485 rum
149 1428 271 1486 cultores
283 1426 456 1508 efficiemini,
479 1431 556 1488 sicut
568 1430 679 1507 quoium
691 1449 727 1487 cc
740 1430 820 1506 epam,
844 1428 1068 1506 quemadmodum
1081 1431 1215 1506 scriptum

61 1537 126 1586 est:
148 1529 230 1588 Sedit
237 1530 358 1608 popolus
375 1532 544 1590 manducare
556 1539 585 1589 ct
599 1529 706 1602 bibere,
730 1539 760 1588 et
771 1540 963 1590 surrexerunt
972 1532 1075 1590 ludere.
1119 1531 1217 1608 Ncqne

63 1639 207 1689 mntemne
223 1631 379 1704 Cbrr'stum,
410 1649 502 1714 usque
518 1631 553 1694 ad
567 1629 615 1693 itta
630 1630 736 1694 verbe:
769 1633 845 1692 Haec
859 1641 951 1692 numm
967 1635 1059 1692 omorio
1075 1634 1103 1692 in
1111 1633 1216 1711 figora

62 1731 273 1810 contingebant
291 1733 365 1806 itte,
389 1737 496 1814 scripto
516 1743 584 1795 sont
601 1744 693 1794 onum
714 1734 794 1795 nobis
814 1743 868 1794 etc.

153 1932 256 1999 Reiut.
274 1933 319 2000 tx
333 1947 363 2000 et
375 1933 478 2000 XVII.
510 1933 538 2000 0
551 1937 706 2000 inauditam
722 1937 893 2000 amentiam!
923 1935 997 2020 Quis
1011 1936 1124 2001 oriente
1139 1935 1214 2017 sole,

63 2035 92 2100 si
110 2036 199 2100 modo
215 2037 316 2102 ocutos
333 2037 446 2118 babeat,
470 2059 487 2102 a
504 2037 569 2102 luce
585 2038 677 2123 possit
692 2039 851 2104 aberraret
892 2037 969 2103 Nam
986 2039 1010 2102 si
1028 2049 1129 2124 patres
1145 2059 1216 2101 suos

62 2148 189 2202 veteres
204 2138 270 2204 illos
286 2141 434 2226 apostolus
450 2141 596 2220 nominet,
626 2151 656 2204 et
671 2140 725 2204 sub
742 2141 818 2205 nnbe
834 2141 943 2222 tuisse,
974 2163 1008 2206 ac
1025 2161 1104 2206 mare
1121 2150 1217 2204 tmus-

62 2239 141 2304 iisse
159 2241 322 2326 praedicet,
346 2241 372 2307 si
389 2242 546 2328 spiritalem
566 2263 663 2307 escam
682 2253 712 2307 et
727 2254 824 2329 potum
843 2254 1068 2322 commemorat,
1089 2241 1216 2327 itemque

65 2343 262 2408 manducasse
283 2364 317 2408 ae
335 2343 442 2408 bibisse
465 2345 500 2407 dc
516 2343 638 2428 spiritali
657 2357 855 2431 consequente
877 2345 943 2410 ilios
966 2356 1064 2430 petre,
1095 2365 1216 2429 eamque

64 2455 181 2528 petrum
201 2441 348 2510 Christum
371 2466 438 2511 esse
460 2445 579 2525 scribit,
612 2446 677 2530 quis
699 2443 860 2511 Marcionis
880 2447 1011 2512 insaniae
1030 2448 1114 2510 iidem
1136 2446 1217 2510 adbi-

66 2545 158 2624 beat,
182 2547 230 2632 qni
248 2568 329 2612 suem
346 2569 381 2611 ec
398 2557 577 2612 sectatorum
594 2569 713 2612 suorum
730 2560 854 2613 mentem
874 2550 961 2614 tentis
979 2549 1107 2614 tenebris
1122 2547 1216 2633 impli-

67 2660 138 2727 σαι,
169 2659 199 2712 ut
216 2645 365 2714 Christum
387 2649 423 2714 ab
445 2649 482 2714 iis
504 2650 551 2734 qui
573 2651 602 2714 in
620 2651 685 2736 lege
703 2651 810 2716 versati
828 2663 895 2716 sunt
911 2651 1077 2716 ebatienane
1096 2662 1217 2714 conten·

66 2751 137 2829 dat,
168 2771 240 2834 quos
262 2753 376 2836 quidem
398 2751 546 2838 apostolus
568 2773 692 2831 revere,
724 2773 782 2816 nou
800 2753 866 2816 deta
886 2755 1006 2838 quadem
1025 2753 1122 2839 specie
1138 2773 1217 2817 eom·

66 2851 240 2916 emendavit?
283 2853 368 2938 Quod
386 2865 482 2918 eutem
501 2860 530 2916 in
542 2859 686 2937 plerisque
701 2854 804 2919 scribit
819 2855 894 2920 idem
910 2879 965 2918 non
973 2859 1069 2940 fin'me
1079 2859 1216 2937 placitum

67 2958 194 3029 Gentio,
219 2955 303 3040 plene
320 2957 356 3019 nd
372 2955 486 3020 itionum
500 2956 612 3022 scelere
627 2958 775 3042 pertinere
792 2959 947 3042 putendum
962 2969 1019 3022 est.
1065 2955 1125 3021 lam
1142 2971 1317 3020 verennes.

66 3054 92 3118 si
109 3055 143 3118 iu
157 3055 210 3134 iis,
235 3057 281 3140 qui
299 3058 329 3120 in
346 3057 411 3142 lege
426 3059 570 3123 scelerate
585 3081 617 3124 se
631 3070 803 3144 gesserunt,
828 3080 1007 3144 nequequam
1022 3058 1062 3123 illi
1080 3059 1215 3144 placitum

68 3169 134 3236 est,
163 3157 230 3222 ideo
246 3159 302 3224 iltis
320 3161 520 3225 succensuerit
537 3171 668 3244 oportet,
699 3162 773 3246 quod
792 3162 884 3245 legem
901 3161 964 3248 ipse
982 3161 1098 3239 tulerit,
1130 3181 1214 3244 quam

67 3258 189 3323 omnino
209 3282 291 3325 suam
314 3281 380 3326 esse
400 3263 570 3342 confirmet,
602 3284 675 3348 quoe
693 3285 746 3349 pro
762 3264 899 3348 temporis
917 3263 1130 3349 opportunitate
1146 3283 1214 3325 con·

67 3381 156 3425 cessa
170 3363 277 3428 tnmdiu
294 3363 469 3428 inunctionem
484 3385 566 3428 suam
584 3375 630 3430 est
642 3365 977 3450 administrationemque
991 3365 1106 3443 sortita,
1122 3365 1215 3427 donec
1263 3403 1265 3408 -

67 3461 117 3527 itte
142 3483 228 3528 cerne
250 3465 396 3550 praeditus
420 3466 547 3530 advenit.
591 3464 669 3531 Nam
688 3477 718 3531 et
735 3467 940 3552 paterfamilias
956 3467 1051 3530 servis
1068 3466 1129 3530 suis
1144 3487 1215 3529 con-

67 3577 211 3628 sentanea
228 3566 330 3652 cuique
350 3569 470 3653 tempori
486 3568 572 3632 debet
588 3570 721 3633 mandute
735 3570 948 3656 praescribere.
996 3566 1126 3632 Subinde
1143 3587 1215 3630 vero

68 3664 127 3730 iste
144 3665 310 3732 subtexuit:
334 3673 411 3732 Haec
425 3683 516 3734 antem
529 3676 558 3734 in
567 3675 668 3753 figura
684 3677 778 3734 nostri
788 3676 977 3752 contigerunt,
1001 3676 1136 3734 nescirsus
1149 3691 1214 3731 con·

68 3773 241 3850 enprbcentcs
257 3774 408 3847 motorum,
440 3777 516 3836 secut
533 3777 580 3836 ilii
593 3779 808 3855 concupierunt,
837 3797 925 3857 neque
940 3777 1077 3836 idolorum
1093 3775 1215 3834 cultores

68 3873 247 3953 efficrbmini,
282 3878 359 3936 ribot
374 3879 484 3956 qur‘dnm
505 3899 542 3938 en
559 3881 637 3958 rpst's.
683 3875 717 3940 In
736 3897 792 3961 quo
811 3898 868 3940 nnn
885 3896 987 3940 omnes
1001 3875 1145 3938 sententia
1161 3895 1213 3938 sua

68 3974 285 4042 condemnavit.
332 3974 391 4040 Sed
405 3978 549 4043 undenam
565 3979 687 4044 obsecro
704 3980 792 4058 baec,
822 3979 969 4064 apostole,
994 3976 1090 4042 nosti?
1132 3981 1217 4038 Sicut

67 4081 202 4158 scriptum
220 4089 278 4152 est,
303 4077 411 4162 iuquit,
435 4084 518 4143 Sedit
526 4085 648 4163 populun
664 4086 832 4144 munducare
852 4092 881 4142 et
898 4082 1007 4154 bibere,
1039 4090 1067 4140 ct
1079 4100 1213 4141 surrem-

68 4191 140 4242 rcnt
163 4184 268 4242 tudere.
314 4177 395 4245 Vera
419 4191 464 4246 est
487 4183 584 4269 itaque
607 4183 768 4270 scripture,
802 4183 837 4246 de
863 4203 919 4267 qua
939 4183 974 4246 ad
997 4181 1213 4245 convincendos

69 4280 217 4366 improbos
230 4278 339 4348 Paulus
353 4295 523 4368 argumenta
536 4285 657 4371 colligit.
699 4283 814 4350 Deinde
829 4305 949 4349 rursus:
969 4287 1067 4366 Neque
1080 4294 1214 4345 notemus

67 4437 135 4486 ittom
151 4437 305 4500 nbmrpserct.
338 4441 388 4489 Non
402 4441 462 4489 enirn
476 4441 625 4502 rmerttnrm
690 4436 1025 4500 cenommannica„
1051 4439 1113 4498 cuod
1132 4437 1215 4488 odium

69 4503 141 4554 boris.
658 4521 700 4572 ops
715 4509 766 4560 end.
782 4509 856 4558 Vnde.
870 4507 963 4558 anctuttt
978 4505 1097 4557 Patauino.
