<?xml version="1.0" encoding="UTF-8"?>
<!DOCTYPE html PUBLIC "-//W3C//DTD XHTML 1.0 Transitional//EN"
    "http://www.w3.org/TR/xhtml1/DTD/xhtml1-transitional.dtd">
<html xmlns="http://www.w3.org/1999/xhtml" xml:lang="en" lang="en">
 <head>
  <title>
</title>
<meta http-equiv="Content-Type" content="text/html;charset=utf-8" />
  <meta name='ocr-system' content='tesseract 3.04.00' />
  <meta name='ocr-capabilities' content='ocr_page ocr_carea ocr_par ocr_line ocrx_word'/>
</head>
<body>
  <div class='ocr_page' id='page_1' title='image "./corporishaerese03oehlgoog_0226.png"; bbox 0 0 3008 4996; ppageno 0'>
   <div class='ocr_carea' id='block_1_1' title="bbox 311 317 1208 381">
    <p class='ocr_par' dir='ltr' id='par_1_1' title="bbox 311 317 1208 381">
     <span class='ocr_line' id='line_1_1' title="bbox 311 317 1208 381; baseline 0 -1"><span class='ocrx_word' id='word_1_1' title='bbox 311 328 447 380; x_wconf 81' lang='lat' dir='ltr'>rnnann</span> <span class='ocrx_word' id='word_1_2' title='bbox 464 327 527 378; x_wconf 84' lang='lat' dir='ltr'>utu.</span> <span class='ocrx_word' id='word_1_3' title='bbox 542 327 561 378; x_wconf 93' lang='grc' dir='ltr'>ι.</span> <span class='ocrx_word' id='word_1_4' title='bbox 579 325 660 378; x_wconf 86' lang='lat' dir='ltr'>ron.</span> <span class='ocrx_word' id='word_1_5' title='bbox 674 327 703 378; x_wconf 92' lang='grc' dir='ltr'>ιι.</span> <span class='ocrx_word' id='word_1_6' title='bbox 730 325 828 379; x_wconf 81' lang='lat' dir='ltr'>naun.</span> <span class='ocrx_word' id='word_1_7' title='bbox 845 327 955 380; x_wconf 87' lang='lat' dir='ltr'>xxvn.</span> <span class='ocrx_word' id='word_1_8' title='bbox 1148 317 1208 381; x_wconf 79' lang='lat'>209</span> 
     </span>
    </p>
   </div>
   <div class='ocr_carea' id='block_1_2' title="bbox 7 443 1322 4383">
    <p class='ocr_par' dir='ltr' id='par_1_2' title="bbox 64 443 1207 1142">
     <span class='ocr_line' id='line_1_2' title="bbox 67 443 1207 535; baseline 0.004 -27"><span class='ocrx_word' id='word_1_9' title='bbox 67 451 210 528; x_wconf 70' lang='lat' dir='ltr'>leguminum</span> <span class='ocrx_word' id='word_1_10' title='bbox 228 459 286 520; x_wconf 78' lang='lat' dir='ltr'>ert,</span> <span class='ocrx_word' id='word_1_11' title='bbox 310 447 338 511; x_wconf 90' lang='lat' dir='ltr'>id</span> <span class='ocrx_word' id='word_1_12' title='bbox 356 447 431 532; x_wconf 89' lang='lat' dir='ltr'>quod</span> <span class='ocrx_word' id='word_1_13' title='bbox 448 443 558 510; x_wconf 87' lang='lat' dir='ltr'>Paulus</span> <span class='ocrx_word' id='word_1_14' title='bbox 575 445 724 531; x_wconf 86' lang='lat' dir='ltr'>apostolus</span> <span class='ocrx_word' id='word_1_15' title='bbox 745 445 873 510; x_wconf 74' lang='lat' dir='ltr'><strong>tradidit.</strong></span> <span class='ocrx_word' id='word_1_16' title='bbox 917 443 1067 531; x_wconf 88' lang='lat' dir='ltr'>Siquidem</span> <span class='ocrx_word' id='word_1_17' title='bbox 1087 460 1207 535; x_wconf 91' lang='lat' dir='ltr'>propter</span> 
     </span>
     <span class='ocr_line' id='line_1_3' title="bbox 66 548 1205 634; baseline 0.002 -22"><span class='ocrx_word' id='word_1_18' title='bbox 66 549 249 613; x_wconf 85' lang='lat' dir='ltr'>abominanda</span> <span class='ocrx_word' id='word_1_19' title='bbox 264 548 394 634; x_wconf 87' lang='lat' dir='ltr'>ipsorum</span> <span class='ocrx_word' id='word_1_20' title='bbox 409 551 496 628; x_wconf 88' lang='lat' dir='ltr'>lacta,</span> <span class='ocrx_word' id='word_1_21' title='bbox 519 569 635 612; x_wconf 87' lang='lat' dir='ltr'>merces</span> <span class='ocrx_word' id='word_1_22' title='bbox 650 548 706 611; x_wconf 89' lang='lat' dir='ltr'>illis</span> <span class='ocrx_word' id='word_1_23' title='bbox 724 558 921 611; x_wconf 87' lang='lat' dir='ltr'>consentanea</span> <span class='ocrx_word' id='word_1_24' title='bbox 941 549 1089 612; x_wconf 76' lang='lat' dir='ltr'><strong>reddetur.</strong></span> <span class='ocrx_word' id='word_1_25' title='bbox 1126 549 1205 614; x_wconf 87' lang='lat' dir='ltr'>Nam</span> 
     </span>
     <span class='ocr_line' id='line_1_4' title="bbox 65 649 1205 735; baseline 0.003 -23"><span class='ocrx_word' id='word_1_26' title='bbox 65 671 121 714; x_wconf 90' lang='lat' dir='ltr'>cum</span> <span class='ocrx_word' id='word_1_27' title='bbox 137 649 264 714; x_wconf 88' lang='lat' dir='ltr'>animum</span> <span class='ocrx_word' id='word_1_28' title='bbox 281 671 365 714; x_wconf 89' lang='lat' dir='ltr'>snum</span> <span class='ocrx_word' id='word_1_29' title='bbox 383 649 443 735; x_wconf 90' lang='lat' dir='ltr'>rapi</span> <span class='ocrx_word' id='word_1_30' title='bbox 458 651 586 714; x_wconf 81' lang='lat' dir='ltr'>libidinis</span> <span class='ocrx_word' id='word_1_31' title='bbox 601 652 710 734; x_wconf 88' lang='lat' dir='ltr'>impetu</span> <span class='ocrx_word' id='word_1_32' title='bbox 725 669 760 712; x_wconf 89' lang='lat' dir='ltr'>ac</span> <span class='ocrx_word' id='word_1_33' title='bbox 776 651 876 712; x_wconf 87' lang='lat' dir='ltr'>furore</span> <span class='ocrx_word' id='word_1_34' title='bbox 893 649 1090 734; x_wconf 74' lang='lat' dir='ltr'>permiserint,</span> <span class='ocrx_word' id='word_1_35' title='bbox 1115 653 1144 715; x_wconf 91' lang='lat' dir='ltr'>in</span> <span class='ocrx_word' id='word_1_36' title='bbox 1162 653 1205 716; x_wconf 88' lang='lat' dir='ltr'>iu-</span> 
     </span>
     <span class='ocr_line' id='line_1_5' title="bbox 65 749 1205 838; baseline 0.002 -23"><span class='ocrx_word' id='word_1_37' title='bbox 65 753 135 816; x_wconf 86' lang='lat' dir='ltr'>tinita</span> <span class='ocrx_word' id='word_1_38' title='bbox 152 773 220 818; x_wconf 86' lang='lat' dir='ltr'>sese</span> <span class='ocrx_word' id='word_1_39' title='bbox 237 752 417 836; x_wconf 82' lang='lat' dir='ltr'>voluptatum</span> <span class='ocrx_word' id='word_1_40' title='bbox 435 773 544 836; x_wconf 86' lang='lat' dir='ltr'>genera</span> <span class='ocrx_word' id='word_1_41' title='bbox 560 751 736 838; x_wconf 88' lang='lat' dir='ltr'>praecipites</span> <span class='ocrx_word' id='word_1_42' title='bbox 753 751 947 814; x_wconf 88' lang='lat' dir='ltr'>committunt.</span> <span class='ocrx_word' id='word_1_43' title='bbox 993 749 1038 816; x_wconf 91' lang='lat' dir='ltr'>lta</span> <span class='ocrx_word' id='word_1_44' title='bbox 1052 754 1129 816; x_wconf 85' lang='lat' dir='ltr'>enim</span> <span class='ocrx_word' id='word_1_45' title='bbox 1146 755 1205 817; x_wconf 89' lang='lat' dir='ltr'>dis-</span> 
     </span>
     <span class='ocr_line' id='line_1_6' title="bbox 64 852 1203 938; baseline 0.003 -20"><span class='ocrx_word' id='word_1_46' title='bbox 64 866 173 938; x_wconf 90' lang='lat' dir='ltr'>putant,</span> <span class='ocrx_word' id='word_1_47' title='bbox 197 875 271 938; x_wconf 89' lang='lat' dir='ltr'>quae</span> <span class='ocrx_word' id='word_1_48' title='bbox 294 854 330 916; x_wconf 85' lang='lat' dir='ltr'>ab</span> <span class='ocrx_word' id='word_1_49' title='bbox 354 853 518 918; x_wconf 87' lang='lat' dir='ltr'>bominibus</span> <span class='ocrx_word' id='word_1_50' title='bbox 537 854 611 916; x_wconf 87' lang='lat' dir='ltr'>mala</span> <span class='ocrx_word' id='word_1_51' title='bbox 630 853 810 930; x_wconf 86' lang='lat' dir='ltr'>iudicantur,</span> <span class='ocrx_word' id='word_1_52' title='bbox 835 871 868 915; x_wconf 88' lang='lat' dir='ltr'>ea</span> <span class='ocrx_word' id='word_1_53' title='bbox 886 852 1003 917; x_wconf 89' lang='lat' dir='ltr'>minime</span> <span class='ocrx_word' id='word_1_54' title='bbox 1026 855 1100 918; x_wconf 88' lang='lat' dir='ltr'>mala</span> <span class='ocrx_word' id='word_1_55' title='bbox 1123 877 1203 937; x_wconf 85' lang='lat' dir='ltr'>esse,</span> 
     </span>
     <span class='ocr_line' id='line_1_7' title="bbox 65 953 1204 1032; baseline 0.005 -14"><span class='ocrx_word' id='word_1_56' title='bbox 65 957 106 1020; x_wconf 83' lang='lat' dir='ltr'>sed</span> <span class='ocrx_word' id='word_1_57' title='bbox 123 956 246 1020; x_wconf 86' lang='lat' dir='ltr'>bouesta</span> <span class='ocrx_word' id='word_1_58' title='bbox 264 967 379 1020; x_wconf 86' lang='lat' dir='ltr'>tratura.</span> <span class='ocrx_word' id='word_1_59' title='bbox 411 953 493 1019; x_wconf 86' lang='lat' dir='ltr'>Nihil</span> <span class='ocrx_word' id='word_1_60' title='bbox 509 955 585 1018; x_wconf 86' lang='lat' dir='ltr'>enim</span> <span class='ocrx_word' id='word_1_61' title='bbox 603 965 704 1019; x_wconf 88' lang='lat' dir='ltr'>natura</span> <span class='ocrx_word' id='word_1_62' title='bbox 721 955 826 1018; x_wconf 90' lang='lat' dir='ltr'>malum</span> <span class='ocrx_word' id='word_1_63' title='bbox 843 964 899 1032; x_wconf 89' lang='lat' dir='ltr'>est,</span> <span class='ocrx_word' id='word_1_64' title='bbox 920 956 972 1018; x_wconf 88' lang='lat' dir='ltr'>sed</span> <span class='ocrx_word' id='word_1_65' title='bbox 988 955 1025 1018; x_wconf 91' lang='lat' dir='ltr'>ab</span> <span class='ocrx_word' id='word_1_66' title='bbox 1041 955 1204 1024; x_wconf 85' lang='lat' dir='ltr'>bominibus</span> 
     </span>
     <span class='ocr_line' id='line_1_8' title="bbox 65 1051 1204 1142; baseline 0.004 -24"><span class='ocrx_word' id='word_1_67' title='bbox 65 1057 196 1121; x_wconf 73' lang='lat' dir='ltr'>duntaxat</span> <span class='ocrx_word' id='word_1_68' title='bbox 212 1079 302 1141; x_wconf 86' lang='lat' dir='ltr'>prava</span> <span class='ocrx_word' id='word_1_69' title='bbox 319 1051 487 1120; x_wconf 71' lang='lat' dir='ltr'>censentur.</span> <span class='ocrx_word' id='word_1_70' title='bbox 534 1054 619 1138; x_wconf 83' lang='lat' dir='ltr'>Quae</span> <span class='ocrx_word' id='word_1_71' title='bbox 636 1057 660 1120; x_wconf 86' lang='lat' dir='ltr'>si</span> <span class='ocrx_word' id='word_1_72' title='bbox 678 1055 743 1139; x_wconf 88' lang='lat' dir='ltr'>quis</span> <span class='ocrx_word' id='word_1_73' title='bbox 757 1056 852 1118; x_wconf 88' lang='lat' dir='ltr'>omnia</span> <span class='ocrx_word' id='word_1_74' title='bbox 868 1055 898 1118; x_wconf 89' lang='lat' dir='ltr'>in</span> <span class='ocrx_word' id='word_1_75' title='bbox 913 1055 966 1119; x_wconf 88' lang='lat' dir='ltr'>bac</span> <span class='ocrx_word' id='word_1_76' title='bbox 983 1077 1041 1120; x_wconf 90' lang='lat' dir='ltr'>una</span> <span class='ocrx_word' id='word_1_77' title='bbox 1057 1061 1204 1142; x_wconf 76' lang='lat' dir='ltr'>praesenti</span> 
     </span>
    </p>

    <p class='ocr_par' dir='ltr' id='par_1_3' title="bbox 7 1157 1250 3068">
     <span class='ocr_line' id='line_1_9' title="bbox 7 1157 1201 1244; baseline 0.002 -22"><span class='ocrx_word' id='word_1_78' title='bbox 7 1225 8 1236; x_wconf 46' lang='lat'>,</span> <span class='ocrx_word' id='word_1_79' title='bbox 64 1159 115 1222; x_wconf 85' lang='lat' dir='ltr'>rita</span> <span class='ocrx_word' id='word_1_80' title='bbox 129 1161 295 1244; x_wconf 75' lang='lat' dir='ltr'>perfecerit,</span> <span class='ocrx_word' id='word_1_81' title='bbox 321 1160 385 1223; x_wconf 85' lang='lat' dir='ltr'>cios</span> <span class='ocrx_word' id='word_1_82' title='bbox 400 1159 494 1223; x_wconf 87' lang='lat' dir='ltr'>anima</span> <span class='ocrx_word' id='word_1_83' title='bbox 510 1179 568 1220; x_wconf 92' lang='lat' dir='ltr'>uon</span> <span class='ocrx_word' id='word_1_84' title='bbox 583 1159 705 1242; x_wconf 88' lang='lat' dir='ltr'>amplius</span> <span class='ocrx_word' id='word_1_85' title='bbox 720 1157 749 1220; x_wconf 89' lang='lat' dir='ltr'>iu</span> <span class='ocrx_word' id='word_1_86' title='bbox 765 1157 821 1220; x_wconf 88' lang='lat' dir='ltr'>alia</span> <span class='ocrx_word' id='word_1_87' title='bbox 837 1177 961 1242; x_wconf 89' lang='lat' dir='ltr'>corpora</span> <span class='ocrx_word' id='word_1_88' title='bbox 976 1159 1201 1239; x_wconf 79' lang='lat' dir='ltr'>transfunditur,</span> 
     </span>
     <span class='ocr_line' id='line_1_10' title="bbox 64 1257 1202 1346; baseline 0.003 -23"><span class='ocrx_word' id='word_1_89' title='bbox 64 1272 90 1323; x_wconf 89' lang='lat' dir='ltr'>ot</span> <span class='ocrx_word' id='word_1_90' title='bbox 103 1261 133 1325; x_wconf 91' lang='lat' dir='ltr'>iu</span> <span class='ocrx_word' id='word_1_91' title='bbox 148 1261 222 1325; x_wconf 88' lang='lat' dir='ltr'>bano</span> <span class='ocrx_word' id='word_1_92' title='bbox 236 1262 330 1325; x_wconf 90' lang='lat' dir='ltr'>lucem</span> <span class='ocrx_word' id='word_1_93' title='bbox 352 1262 447 1324; x_wconf 91' lang='lat' dir='ltr'>denno</span> <span class='ocrx_word' id='word_1_94' title='bbox 468 1270 655 1344; x_wconf 74' lang='lat' dir='ltr'>procreetur,</span> <span class='ocrx_word' id='word_1_95' title='bbox 679 1260 732 1322; x_wconf 89' lang='lat' dir='ltr'>scd</span> <span class='ocrx_word' id='word_1_96' title='bbox 750 1257 827 1322; x_wconf 93' lang='lat' dir='ltr'>omni</span> <span class='ocrx_word' id='word_1_97' title='bbox 846 1259 991 1322; x_wconf 84' lang='lat' dir='ltr'>actionum</span> <span class='ocrx_word' id='word_1_98' title='bbox 1010 1281 1119 1344; x_wconf 81' lang='lat' dir='ltr'>genere</span> <span class='ocrx_word' id='word_1_99' title='bbox 1136 1283 1202 1346; x_wconf 88' lang='lat' dir='ltr'>per-</span> 
     </span>
     <span class='ocr_line' id='line_1_11' title="bbox 65 1359 1202 1446; baseline 0.001 -21"><span class='ocrx_word' id='word_1_100' title='bbox 65 1363 149 1426; x_wconf 89' lang='lat' dir='ltr'>functa</span> <span class='ocrx_word' id='word_1_101' title='bbox 164 1363 254 1426; x_wconf 89' lang='lat' dir='ltr'>libera</span> <span class='ocrx_word' id='word_1_102' title='bbox 270 1373 357 1446; x_wconf 89' lang='lat' dir='ltr'>atque</span> <span class='ocrx_word' id='word_1_103' title='bbox 373 1361 509 1426; x_wconf 88' lang='lat' dir='ltr'>immunis</span> <span class='ocrx_word' id='word_1_104' title='bbox 526 1362 675 1441; x_wconf 80' lang='lat' dir='ltr'>abscedet,</span> <span class='ocrx_word' id='word_1_105' title='bbox 697 1382 762 1425; x_wconf 91' lang='lat' dir='ltr'>oum</span> <span class='ocrx_word' id='word_1_106' title='bbox 777 1359 883 1424; x_wconf 89' lang='lat' dir='ltr'>ucllics</span> <span class='ocrx_word' id='word_1_107' title='bbox 899 1359 991 1424; x_wconf 91' lang='lat' dir='ltr'>adbuc</span> <span class='ocrx_word' id='word_1_108' title='bbox 1006 1362 1035 1424; x_wconf 93' lang='lat' dir='ltr'>iu</span> <span class='ocrx_word' id='word_1_109' title='bbox 1050 1361 1104 1427; x_wconf 90' lang='lat' dir='ltr'>boc</span> <span class='ocrx_word' id='word_1_110' title='bbox 1118 1383 1202 1426; x_wconf 89' lang='lat' dir='ltr'>mun·</span> 
     </span>
     <span class='ocr_line' id='line_1_12' title="bbox 64 1460 1202 1548; baseline 0.001 -22"><span class='ocrx_word' id='word_1_111' title='bbox 64 1463 93 1526; x_wconf 88' lang='lat' dir='ltr'>do</span> <span class='ocrx_word' id='word_1_112' title='bbox 115 1463 211 1528; x_wconf 91' lang='lat' dir='ltr'>debito</span> <span class='ocrx_word' id='word_1_113' title='bbox 233 1463 358 1527; x_wconf 87' lang='lat' dir='ltr'>actionis</span> <span class='ocrx_word' id='word_1_114' title='bbox 378 1463 534 1546; x_wconf 79' lang='lat' dir='ltr'>obligetur.</span> <span class='ocrx_word' id='word_1_115' title='bbox 581 1460 751 1528; x_wconf 83' lang='lat' dir='ltr'>Cuiusmodi</span> <span class='ocrx_word' id='word_1_116' title='bbox 772 1483 845 1527; x_wconf 85' lang='lat' dir='ltr'>vero</span> <span class='ocrx_word' id='word_1_117' title='bbox 867 1461 1011 1526; x_wconf 86' lang='lat' dir='ltr'>actionem</span> <span class='ocrx_word' id='word_1_118' title='bbox 1038 1463 1202 1548; x_wconf 81' lang='lat' dir='ltr'>intelligant</span> 
     </span>
     <span class='ocr_line' id='line_1_13' title="bbox 63 1563 1201 1650; baseline 0.003 -23"><span class='ocrx_word' id='word_1_119' title='bbox 63 1583 167 1628; x_wconf 84' lang='lat' dir='ltr'>rursum</span> <span class='ocrx_word' id='word_1_120' title='bbox 183 1565 334 1650; x_wconf 84' lang='lat' dir='ltr'>explicare</span> <span class='ocrx_word' id='word_1_121' title='bbox 354 1585 479 1643; x_wconf 82' lang='lat' dir='ltr'>vereor,</span> <span class='ocrx_word' id='word_1_122' title='bbox 503 1585 541 1628; x_wconf 91' lang='lat' dir='ltr'>ne</span> <span class='ocrx_word' id='word_1_123' title='bbox 559 1565 638 1630; x_wconf 86' lang='lat' dir='ltr'>velut</span> <span class='ocrx_word' id='word_1_124' title='bbox 656 1575 788 1650; x_wconf 87' lang='lat' dir='ltr'>opertum</span> <span class='ocrx_word' id='word_1_125' title='bbox 805 1584 945 1643; x_wconf 87' lang='lat' dir='ltr'>coenum,</span> <span class='ocrx_word' id='word_1_126' title='bbox 969 1563 1008 1627; x_wconf 89' lang='lat' dir='ltr'>ita</span> <span class='ocrx_word' id='word_1_127' title='bbox 1027 1567 1201 1648; x_wconf 81' lang='lat' dir='ltr'>graveolen-</span> 
     </span>
     <span class='ocr_line' id='line_1_14' title="bbox 64 1665 1200 1751; baseline 0.003 -23"><span class='ocrx_word' id='word_1_128' title='bbox 64 1675 113 1728; x_wconf 90' lang='lat' dir='ltr'>tem</span> <span class='ocrx_word' id='word_1_129' title='bbox 129 1667 204 1729; x_wconf 91' lang='lat' dir='ltr'>banc</span> <span class='ocrx_word' id='word_1_130' title='bbox 222 1666 350 1730; x_wconf 91' lang='lat' dir='ltr'>cloacam</span> <span class='ocrx_word' id='word_1_131' title='bbox 375 1665 520 1751; x_wconf 87' lang='lat' dir='ltr'>aperiam,</span> <span class='ocrx_word' id='word_1_132' title='bbox 545 1685 580 1729; x_wconf 91' lang='lat' dir='ltr'>ac</span> <span class='ocrx_word' id='word_1_133' title='bbox 600 1667 758 1750; x_wconf 78' lang='lat' dir='ltr'>pestiferae</span> <span class='ocrx_word' id='word_1_134' title='bbox 779 1665 928 1728; x_wconf 84' lang='lat' dir='ltr'>cuiusdam</span> <span class='ocrx_word' id='word_1_135' title='bbox 948 1665 1143 1729; x_wconf 84' lang='lat' dir='ltr'>exltalationis</span> <span class='ocrx_word' id='word_1_136' title='bbox 1165 1687 1200 1731; x_wconf 89' lang='lat' dir='ltr'>ac</span> 
     </span>
     <span class='ocr_line' id='line_1_15' title="bbox 66 1763 1199 1852; baseline 0.005 -24"><span class='ocrx_word' id='word_1_137' title='bbox 66 1767 179 1831; x_wconf 82' lang='lat' dir='ltr'>foetoris</span> <span class='ocrx_word' id='word_1_138' title='bbox 195 1768 380 1831; x_wconf 87' lang='lat' dir='ltr'>occasionem</span> <span class='ocrx_word' id='word_1_139' title='bbox 397 1767 567 1852; x_wconf 90' lang='lat' dir='ltr'>quibusdam</span> <span class='ocrx_word' id='word_1_140' title='bbox 582 1766 685 1848; x_wconf 82' lang='lat' dir='ltr'>videar</span> <span class='ocrx_word' id='word_1_141' title='bbox 698 1765 880 1852; x_wconf 87' lang='lat' dir='ltr'>praebuisse.</span> <span class='ocrx_word' id='word_1_142' title='bbox 926 1763 984 1831; x_wconf 91' lang='lat' dir='ltr'>Sed</span> <span class='ocrx_word' id='word_1_143' title='bbox 1001 1767 1199 1848; x_wconf 86' lang='lat' dir='ltr'>nibilominus,</span> 
     </span>
     <span class='ocr_line' id='line_1_16' title="bbox 66 1867 1200 1954; baseline 0.004 -26"><span class='ocrx_word' id='word_1_144' title='bbox 66 1889 121 1931; x_wconf 89' lang='lat' dir='ltr'>cnm</span> <span class='ocrx_word' id='word_1_145' title='bbox 138 1889 185 1931; x_wconf 90' lang='lat' dir='ltr'>me</span> <span class='ocrx_word' id='word_1_146' title='bbox 204 1869 316 1932; x_wconf 82' lang='lat' dir='ltr'>veritas</span> <span class='ocrx_word' id='word_1_147' title='bbox 331 1869 395 1954; x_wconf 89' lang='lat' dir='ltr'>ipsa</span> <span class='ocrx_word' id='word_1_148' title='bbox 410 1867 619 1952; x_wconf 86' lang='lat' dir='ltr'>quodammodo</span> <span class='ocrx_word' id='word_1_149' title='bbox 640 1880 742 1952; x_wconf 83' lang='lat' dir='ltr'>cogat,</span> <span class='ocrx_word' id='word_1_150' title='bbox 766 1879 798 1930; x_wconf 91' lang='lat' dir='ltr'>nt</span> <span class='ocrx_word' id='word_1_151' title='bbox 815 1868 869 1930; x_wconf 90' lang='lat' dir='ltr'>boc</span> <span class='ocrx_word' id='word_1_152' title='bbox 889 1888 992 1931; x_wconf 86' lang='lat' dir='ltr'>errore</span> <span class='ocrx_word' id='word_1_153' title='bbox 1008 1868 1200 1935; x_wconf 81' lang='lat' dir='ltr'>laborant-inm</span> 
     </span>
     <span class='ocr_line' id='line_1_17' title="bbox 65 1967 1203 2054; baseline 0.005 -25"><span class='ocrx_word' id='word_1_154' title='bbox 65 1967 202 2033; x_wconf 91' lang='lat' dir='ltr'>bominum</span> <span class='ocrx_word' id='word_1_155' title='bbox 220 1989 327 2032; x_wconf 87' lang='lat' dir='ltr'>arcana</span> <span class='ocrx_word' id='word_1_156' title='bbox 345 1971 533 2054; x_wconf 85' lang='lat' dir='ltr'>patefaciam,</span> <span class='ocrx_word' id='word_1_157' title='bbox 556 1991 620 2034; x_wconf 88' lang='lat' dir='ltr'>eam</span> <span class='ocrx_word' id='word_1_158' title='bbox 636 1969 705 2032; x_wconf 90' lang='lat' dir='ltr'>mibi</span> <span class='ocrx_word' id='word_1_159' title='bbox 722 1968 923 2032; x_wconf 87' lang='lat' dir='ltr'>necessitatem</span> <span class='ocrx_word' id='word_1_160' title='bbox 940 1970 1101 2054; x_wconf 88' lang='lat' dir='ltr'>imponam,</span> <span class='ocrx_word' id='word_1_161' title='bbox 1126 1983 1158 2034; x_wconf 93' lang='lat' dir='ltr'>ut</span> <span class='ocrx_word' id='word_1_162' title='bbox 1172 1981 1203 2036; x_wconf 87' lang='lat' dir='ltr'>et</span> 
     </span>
     <span class='ocr_line' id='line_1_18' title="bbox 64 2068 1201 2155; baseline 0.004 -23"><span class='ocrx_word' id='word_1_163' title='bbox 64 2068 270 2136; x_wconf 85' lang='lat' dir='ltr'>honestioribus</span> <span class='ocrx_word' id='word_1_164' title='bbox 286 2093 321 2136; x_wconf 90' lang='lat' dir='ltr'>ea</span> <span class='ocrx_word' id='word_1_165' title='bbox 336 2071 435 2136; x_wconf 83' lang='lat' dir='ltr'>verbis</span> <span class='ocrx_word' id='word_1_166' title='bbox 453 2092 600 2150; x_wconf 88' lang='lat' dir='ltr'>enarrem,</span> <span class='ocrx_word' id='word_1_167' title='bbox 626 2082 685 2134; x_wconf 89' lang='lat' dir='ltr'>eta</span> <span class='ocrx_word' id='word_1_168' title='bbox 703 2071 745 2133; x_wconf 89' lang='lat' dir='ltr'>rei</span> <span class='ocrx_word' id='word_1_169' title='bbox 761 2071 884 2134; x_wconf 88' lang='lat' dir='ltr'>veritate</span> <span class='ocrx_word' id='word_1_170' title='bbox 901 2090 1079 2155; x_wconf 90' lang='lat' dir='ltr'>nequaqnam</span> <span class='ocrx_word' id='word_1_171' title='bbox 1096 2073 1201 2137; x_wconf 87' lang='lat' dir='ltr'>abbor-</span> 
     </span>
     <span class='ocr_line' id='line_1_19' title="bbox 64 2165 1250 2258; baseline 0.005 -24"><span class='ocrx_word' id='word_1_172' title='bbox 64 2189 147 2234; x_wconf 83' lang='lat' dir='ltr'>ream.</span> <span class='ocrx_word' id='word_1_173' title='bbox 192 2171 269 2256; x_wconf 80' lang='lat' dir='ltr'>Quid</span> <span class='ocrx_word' id='word_1_174' title='bbox 286 2173 375 2256; x_wconf 82' lang='lat' dir='ltr'>igitur</span> <span class='ocrx_word' id='word_1_175' title='bbox 391 2173 438 2236; x_wconf 88' lang='lat' dir='ltr'>isti</span> <span class='ocrx_word' id='word_1_176' title='bbox 456 2173 531 2236; x_wconf 88' lang='lat' dir='ltr'>aliud</span> <span class='ocrx_word' id='word_1_177' title='bbox 549 2183 667 2258; x_wconf 89' lang='lat' dir='ltr'>praeter</span> <span class='ocrx_word' id='word_1_178' title='bbox 681 2173 876 2235; x_wconf 86' lang='lat' dir='ltr'>execrandum</span> <span class='ocrx_word' id='word_1_179' title='bbox 893 2172 961 2234; x_wconf 90' lang='lat' dir='ltr'>illud</span> <span class='ocrx_word' id='word_1_180' title='bbox 979 2193 1013 2236; x_wconf 91' lang='lat' dir='ltr'>ac</span> <span class='ocrx_word' id='word_1_181' title='bbox 1030 2173 1202 2242; x_wconf 86' lang='lat' dir='ltr'>detestabile</span> <span class='ocrx_word' id='word_1_182' title='bbox 1249 2165 1250 2168; x_wconf 23' lang='lat'>¹</span> 
     </span>
     <span class='ocr_line' id='line_1_20' title="bbox 63 2271 1200 2358; baseline 0.008 -25"><span class='ocrx_word' id='word_1_183' title='bbox 63 2271 193 2356; x_wconf 78' lang='lat' dir='ltr'>flagitium</span> <span class='ocrx_word' id='word_1_184' title='bbox 208 2275 404 2353; x_wconf 88' lang='lat' dir='ltr'>committunt,</span> <span class='ocrx_word' id='word_1_185' title='bbox 428 2274 503 2358; x_wconf 92' lang='lat' dir='ltr'>qnod</span> <span class='ocrx_word' id='word_1_186' title='bbox 521 2294 558 2336; x_wconf 91' lang='lat' dir='ltr'>ne</span> <span class='ocrx_word' id='word_1_187' title='bbox 575 2293 711 2338; x_wconf 85' lang='lat' dir='ltr'>sermone</span> <span class='ocrx_word' id='word_1_188' title='bbox 729 2273 843 2357; x_wconf 85' lang='lat' dir='ltr'>quidem</span> <span class='ocrx_word' id='word_1_189' title='bbox 861 2274 1026 2357; x_wconf 79' lang='lat' dir='ltr'>exprimere</span> <span class='ocrx_word' id='word_1_190' title='bbox 1042 2275 1121 2356; x_wconf 88' lang='lat' dir='ltr'>licet,</span> <span class='ocrx_word' id='word_1_191' title='bbox 1146 2275 1200 2342; x_wconf 89' lang='lat' dir='ltr'>boc</span> 
     </span>
     <span class='ocr_line' id='line_1_21' title="bbox 63 2373 1201 2461; baseline 0.007 -26"><span class='ocrx_word' id='word_1_192' title='bbox 63 2385 102 2435; x_wconf 86' lang='lat' dir='ltr'>est</span> <span class='ocrx_word' id='word_1_193' title='bbox 124 2387 340 2461; x_wconf 88' lang='lat' dir='ltr'>praeposteram</span> <span class='ocrx_word' id='word_1_194' title='bbox 364 2375 486 2439; x_wconf 91' lang='lat' dir='ltr'>marium</span> <span class='ocrx_word' id='word_1_195' title='bbox 509 2375 764 2454; x_wconf 88' lang='lat' dir='ltr'>consuetudinem,</span> <span class='ocrx_word' id='word_1_196' title='bbox 789 2385 838 2438; x_wconf 86' lang='lat' dir='ltr'>act</span> <span class='ocrx_word' id='word_1_197' title='bbox 859 2373 1112 2440; x_wconf 88' lang='lat' dir='ltr'>libidinosissimos</span> <span class='ocrx_word' id='word_1_198' title='bbox 1134 2399 1201 2443; x_wconf 90' lang='lat' dir='ltr'>cum</span> 
     </span>
     <span class='ocr_line' id='line_1_22' title="bbox 64 2475 1200 2562; baseline 0.007 -27"><span class='ocrx_word' id='word_1_199' title='bbox 64 2475 171 2540; x_wconf 86' lang='lat' dir='ltr'>leminis</span> <span class='ocrx_word' id='word_1_200' title='bbox 189 2477 318 2561; x_wconf 87' lang='lat' dir='ltr'>qualibet</span> <span class='ocrx_word' id='word_1_201' title='bbox 333 2477 465 2562; x_wconf 90' lang='lat' dir='ltr'>corporis</span> <span class='ocrx_word' id='word_1_202' title='bbox 483 2487 564 2560; x_wconf 89' lang='lat' dir='ltr'>parte</span> <span class='ocrx_word' id='word_1_203' title='bbox 582 2476 769 2554; x_wconf 84' lang='lat' dir='ltr'>concubitus,</span> <span class='ocrx_word' id='word_1_204' title='bbox 794 2488 852 2539; x_wconf 88' lang='lat' dir='ltr'>turn</span> <span class='ocrx_word' id='word_1_205' title='bbox 870 2475 999 2560; x_wconf 82' lang='lat' dir='ltr'>magicas</span> <span class='ocrx_word' id='word_1_206' title='bbox 1017 2477 1137 2562; x_wconf 89' lang='lat' dir='ltr'>iusuper</span> <span class='ocrx_word' id='word_1_207' title='bbox 1151 2500 1200 2542; x_wconf 90' lang='lat' dir='ltr'>ar-</span> 
     </span>
     <span class='ocr_line' id='line_1_23' title="bbox 64 2576 1198 2663; baseline 0.007 -27"><span class='ocrx_word' id='word_1_208' title='bbox 64 2585 103 2637; x_wconf 80' lang='lat' dir='ltr'>tes</span> <span class='ocrx_word' id='word_1_209' title='bbox 121 2599 154 2640; x_wconf 92' lang='lat' dir='ltr'>ac</span> <span class='ocrx_word' id='word_1_210' title='bbox 171 2579 331 2659; x_wconf 77' lang='lat' dir='ltr'>veneficia,</span> <span class='ocrx_word' id='word_1_211' title='bbox 354 2579 553 2663; x_wconf 87' lang='lat' dir='ltr'>idolorumque</span> <span class='ocrx_word' id='word_1_212' title='bbox 574 2579 680 2642; x_wconf 89' lang='lat' dir='ltr'>cultus.</span> <span class='ocrx_word' id='word_1_213' title='bbox 727 2578 823 2660; x_wconf 81' lang='lat' dir='ltr'>Atque</span> <span class='ocrx_word' id='word_1_214' title='bbox 848 2577 923 2640; x_wconf 90' lang='lat' dir='ltr'>hauc</span> <span class='ocrx_word' id='word_1_215' title='bbox 948 2576 1198 2644; x_wconf 86' lang='lat' dir='ltr'>dissolvendorum</span> 
     </span>
     <span class='ocr_line' id='line_1_24' title="bbox 63 2679 1199 2766; baseline 0.006 -28"><span class='ocrx_word' id='word_1_216' title='bbox 63 2679 184 2763; x_wconf 86' lang='lat' dir='ltr'>corporis</span> <span class='ocrx_word' id='word_1_217' title='bbox 208 2680 370 2744; x_wconf 87' lang='lat' dir='ltr'>debitorum</span> <span class='ocrx_word' id='word_1_218' title='bbox 390 2682 533 2744; x_wconf 88' lang='lat' dir='ltr'>rationem</span> <span class='ocrx_word' id='word_1_219' title='bbox 559 2699 626 2743; x_wconf 86' lang='lat' dir='ltr'>esse</span> <span class='ocrx_word' id='word_1_220' title='bbox 645 2679 834 2754; x_wconf 82' lang='lat' dir='ltr'>confirmant,</span> <span class='ocrx_word' id='word_1_221' title='bbox 857 2699 895 2742; x_wconf 90' lang='lat' dir='ltr'>ne</span> <span class='ocrx_word' id='word_1_222' title='bbox 917 2679 1053 2764; x_wconf 86' lang='lat' dir='ltr'>appellari</span> <span class='ocrx_word' id='word_1_223' title='bbox 1076 2681 1199 2766; x_wconf 87' lang='lat' dir='ltr'>amplius</span> 
     </span>
     <span class='ocr_line' id='line_1_25' title="bbox 62 2780 1198 2867; baseline 0.007 -29"><span class='ocrx_word' id='word_1_224' title='bbox 62 2781 183 2860; x_wconf 88' lang='lat' dir='ltr'>possint,</span> <span class='ocrx_word' id='word_1_225' title='bbox 207 2791 257 2844; x_wconf 87' lang='lat' dir='ltr'>aut</span> <span class='ocrx_word' id='word_1_226' title='bbox 278 2780 315 2843; x_wconf 89' lang='lat' dir='ltr'>ab</span> <span class='ocrx_word' id='word_1_227' title='bbox 334 2780 371 2844; x_wconf 88' lang='lat' dir='ltr'>iis</span> <span class='ocrx_word' id='word_1_228' title='bbox 393 2781 465 2867; x_wconf 85' lang='lat' dir='ltr'>ipsis</span> <span class='ocrx_word' id='word_1_229' title='bbox 488 2803 559 2866; x_wconf 86' lang='lat' dir='ltr'>opns</span> <span class='ocrx_word' id='word_1_230' title='bbox 582 2780 695 2864; x_wconf 86' lang='lat' dir='ltr'>aliquod</span> <span class='ocrx_word' id='word_1_231' title='bbox 714 2783 881 2864; x_wconf 87' lang='lat' dir='ltr'>repetatur,</span> <span class='ocrx_word' id='word_1_232' title='bbox 905 2799 999 2863; x_wconf 90' lang='lat' dir='ltr'>eoque</span> <span class='ocrx_word' id='word_1_233' title='bbox 1022 2781 1107 2844; x_wconf 92' lang='lat' dir='ltr'>modo</span> <span class='ocrx_word' id='word_1_234' title='bbox 1128 2782 1198 2846; x_wconf 92' lang='lat' dir='ltr'>illud</span> 
     </span>
     <span class='ocr_line' id='line_1_26' title="bbox 62 2880 1197 2967; baseline 0.006 -28"><span class='ocrx_word' id='word_1_235' title='bbox 62 2880 195 2961; x_wconf 88' lang='lat' dir='ltr'>obtineri,</span> <span class='ocrx_word' id='word_1_236' title='bbox 217 2893 305 2948; x_wconf 92' lang='lat' dir='ltr'>utne</span> <span class='ocrx_word' id='word_1_237' title='bbox 322 2892 508 2967; x_wconf 88' lang='lat' dir='ltr'>posteaquam</span> <span class='ocrx_word' id='word_1_238' title='bbox 527 2882 592 2946; x_wconf 90' lang='lat' dir='ltr'>binc</span> <span class='ocrx_word' id='word_1_239' title='bbox 610 2881 773 2944; x_wconf 83' lang='lat' dir='ltr'>excesserit</span> <span class='ocrx_word' id='word_1_240' title='bbox 791 2882 886 2944; x_wconf 86' lang='lat' dir='ltr'>anima</span> <span class='ocrx_word' id='word_1_241' title='bbox 906 2883 1002 2946; x_wconf 90' lang='lat' dir='ltr'>denuc</span> <span class='ocrx_word' id='word_1_242' title='bbox 1018 2893 1197 2963; x_wconf 89' lang='lat' dir='ltr'>revertatur,</span> 
     </span>
     <span class='ocr_line' id='line_1_27' title="bbox 62 2982 1144 3068; baseline 0.005 -27"><span class='ocrx_word' id='word_1_243' title='bbox 62 2983 135 3044; x_wconf 90' lang='lat' dir='ltr'>etad</span> <span class='ocrx_word' id='word_1_244' title='bbox 150 2983 214 3046; x_wconf 85' lang='lat' dir='ltr'>illos</span> <span class='ocrx_word' id='word_1_245' title='bbox 230 2985 324 3046; x_wconf 87' lang='lat' dir='ltr'>aliena</span> <span class='ocrx_word' id='word_1_246' title='bbox 341 2983 370 3046; x_wconf 88' lang='lat' dir='ltr'>iu</span> <span class='ocrx_word' id='word_1_247' title='bbox 389 3005 513 3068; x_wconf 91' lang='lat' dir='ltr'>corpora</span> <span class='ocrx_word' id='word_1_248' title='bbox 529 2983 668 3048; x_wconf 87' lang='lat' dir='ltr'>transitus</span> <span class='ocrx_word' id='word_1_249' title='bbox 684 3003 718 3045; x_wconf 92' lang='lat' dir='ltr'>ao</span> <span class='ocrx_word' id='word_1_250' title='bbox 735 2982 923 3066; x_wconf 84' lang='lat' dir='ltr'>migrationes</span> <span class='ocrx_word' id='word_1_251' title='bbox 940 3003 1007 3047; x_wconf 89' lang='lat' dir='ltr'>sese</span> <span class='ocrx_word' id='word_1_252' title='bbox 1024 2985 1144 3047; x_wconf 90' lang='lat' dir='ltr'>referat.</span> 
     </span>
    </p>

    <p class='ocr_par' dir='ltr' id='par_1_4' title="bbox 138 3081 1322 3170">
     <span class='ocr_line' id='line_1_28' title="bbox 138 3081 1322 3170; baseline 0.003 -24"><span class='ocrx_word' id='word_1_253' title='bbox 138 3081 289 3146; x_wconf 86' lang='lat' dir='ltr'>Eiusmodi</span> <span class='ocrx_word' id='word_1_254' title='bbox 306 3083 382 3146; x_wconf 88' lang='lat' dir='ltr'>enim</span> <span class='ocrx_word' id='word_1_255' title='bbox 404 3085 516 3148; x_wconf 89' lang='lat' dir='ltr'>illorum</span> <span class='ocrx_word' id='word_1_256' title='bbox 537 3093 722 3146; x_wconf 90' lang='lat' dir='ltr'>monumenta</span> <span class='ocrx_word' id='word_1_257' title='bbox 740 3093 824 3160; x_wconf 88' lang='lat' dir='ltr'>sunt,</span> <span class='ocrx_word' id='word_1_258' title='bbox 850 3094 882 3146; x_wconf 92' lang='lat' dir='ltr'>ut</span> <span class='ocrx_word' id='word_1_259' title='bbox 895 3085 919 3146; x_wconf 90' lang='lat' dir='ltr'>si</span> <span class='ocrx_word' id='word_1_260' title='bbox 935 3085 999 3168; x_wconf 86' lang='lat' dir='ltr'>quis</span> <span class='ocrx_word' id='word_1_261' title='bbox 1021 3105 1055 3148; x_wconf 89' lang='lat' dir='ltr'>ea</span> <span class='ocrx_word' id='word_1_262' title='bbox 1078 3084 1196 3170; x_wconf 87' lang='lat' dir='ltr'>sapiens</span> <span class='ocrx_word' id='word_1_263' title='bbox 1215 3095 1275 3164; x_wconf 81' lang='lat' dir='ltr'>cap.</span> <span class='ocrx_word' id='word_1_264' title='bbox 1291 3097 1322 3150; x_wconf 79' lang='lat' dir='ltr'>v.</span> 
     </span>
    </p>

    <p class='ocr_par' dir='ltr' id='par_1_5' title="bbox 59 3179 1298 4383">
     <span class='ocr_line' id='line_1_29' title="bbox 63 3179 1198 3272; baseline 0.006 -27"><span class='ocrx_word' id='word_1_265' title='bbox 63 3179 168 3264; x_wconf 79' lang='lat' dir='ltr'>legerit,</span> <span class='ocrx_word' id='word_1_266' title='bbox 188 3185 379 3248; x_wconf 85' lang='lat' dir='ltr'>vehementer</span> <span class='ocrx_word' id='word_1_267' title='bbox 391 3183 588 3269; x_wconf 88' lang='lat' dir='ltr'>obstupescat,</span> <span class='ocrx_word' id='word_1_268' title='bbox 607 3185 716 3268; x_wconf 85' lang='lat' dir='ltr'>vixque</span> <span class='ocrx_word' id='word_1_269' title='bbox 732 3183 769 3246; x_wconf 88' lang='lat' dir='ltr'>ab</span> <span class='ocrx_word' id='word_1_270' title='bbox 783 3185 945 3248; x_wconf 87' lang='lat' dir='ltr'>hominibus</span> <span class='ocrx_word' id='word_1_271' title='bbox 959 3185 1021 3248; x_wconf 89' lang='lat' dir='ltr'>lieri</span> <span class='ocrx_word' id='word_1_272' title='bbox 1038 3185 1094 3251; x_wconf 88' lang='lat' dir='ltr'>ista</span> <span class='ocrx_word' id='word_1_273' title='bbox 1110 3209 1198 3272; x_wconf 88' lang='lat' dir='ltr'>posse</span> 
     </span>
     <span class='ocr_line' id='line_1_30' title="bbox 62 3282 1196 3372; baseline 0.006 -27"><span class='ocrx_word' id='word_1_274' title='bbox 62 3282 110 3345; x_wconf 82' lang='lat' dir='ltr'>sibi</span> <span class='ocrx_word' id='word_1_275' title='bbox 126 3287 315 3369; x_wconf 88' lang='lat' dir='ltr'>persuadeat,</span> <span class='ocrx_word' id='word_1_276' title='bbox 339 3306 397 3348; x_wconf 91' lang='lat' dir='ltr'>uon</span> <span class='ocrx_word' id='word_1_277' title='bbox 414 3288 499 3348; x_wconf 90' lang='lat' dir='ltr'>modo</span> <span class='ocrx_word' id='word_1_278' title='bbox 520 3286 557 3350; x_wconf 90' lang='lat' dir='ltr'>iis</span> <span class='ocrx_word' id='word_1_279' title='bbox 579 3287 671 3350; x_wconf 88' lang='lat' dir='ltr'>nostri</span> <span class='ocrx_word' id='word_1_280' title='bbox 690 3286 808 3370; x_wconf 78' lang='lat' dir='ltr'>generis</span> <span class='ocrx_word' id='word_1_281' title='bbox 825 3285 1004 3365; x_wconf 88' lang='lat' dir='ltr'>hominibus,</span> <span class='ocrx_word' id='word_1_282' title='bbox 1030 3289 1127 3372; x_wconf 88' lang='lat' dir='ltr'>quiin</span> <span class='ocrx_word' id='word_1_283' title='bbox 1149 3309 1196 3352; x_wconf 89' lang='lat' dir='ltr'>re·</span> 
     </span>
     <span class='ocr_line' id='line_1_31' title="bbox 63 3383 1195 3471; baseline 0.009 -28"><span class='ocrx_word' id='word_1_284' title='bbox 63 3383 165 3463; x_wconf 74' lang='lat' dir='ltr'>publice</span> <span class='ocrx_word' id='word_1_285' title='bbox 182 3396 358 3464; x_wconf 84' lang='lat' dir='ltr'>versantur,</span> <span class='ocrx_word' id='word_1_286' title='bbox 382 3387 534 3450; x_wconf 86' lang='lat' dir='ltr'>sedetiam</span> <span class='ocrx_word' id='word_1_287' title='bbox 557 3387 595 3450; x_wconf 84' lang='lat' dir='ltr'>iis</span> <span class='ocrx_word' id='word_1_288' title='bbox 611 3387 658 3471; x_wconf 89' lang='lat' dir='ltr'>qni</span> <span class='ocrx_word' id='word_1_289' title='bbox 675 3389 704 3449; x_wconf 94' lang='lat' dir='ltr'>in</span> <span class='ocrx_word' id='word_1_290' title='bbox 722 3386 816 3449; x_wconf 86' lang='lat' dir='ltr'>medio</span> <span class='ocrx_word' id='word_1_291' title='bbox 833 3388 960 3450; x_wconf 89' lang='lat' dir='ltr'>ferarum</span> <span class='ocrx_word' id='word_1_292' title='bbox 983 3390 1138 3452; x_wconf 88' lang='lat' dir='ltr'>earundem</span> <span class='ocrx_word' id='word_1_293' title='bbox 1160 3411 1195 3454; x_wconf 84' lang='lat' dir='ltr'>ac</span> 
     </span>
     <span class='ocr_line' id='line_1_32' title="bbox 63 3487 1196 3577; baseline 0.009 -32"><span class='ocrx_word' id='word_1_294' title='bbox 63 3490 191 3565; x_wconf 87' lang='lat' dir='ltr'>pecodum</span> <span class='ocrx_word' id='word_1_295' title='bbox 207 3487 320 3552; x_wconf 88' lang='lat' dir='ltr'>similes</span> <span class='ocrx_word' id='word_1_296' title='bbox 336 3487 460 3572; x_wconf 77' lang='lat' dir='ltr'>degunt,</span> <span class='ocrx_word' id='word_1_297' title='bbox 484 3489 590 3573; x_wconf 92' lang='lat' dir='ltr'>quique</span> <span class='ocrx_word' id='word_1_298' title='bbox 605 3509 669 3551; x_wconf 90' lang='lat' dir='ltr'>cum</span> <span class='ocrx_word' id='word_1_299' title='bbox 689 3487 808 3552; x_wconf 86' lang='lat' dir='ltr'>canibus</span> <span class='ocrx_word' id='word_1_300' title='bbox 825 3488 975 3552; x_wconf 83' lang='lat' dir='ltr'>aeonibus</span> <span class='ocrx_word' id='word_1_301' title='bbox 993 3489 1072 3574; x_wconf 85' lang='lat' dir='ltr'>paria</span> <span class='ocrx_word' id='word_1_302' title='bbox 1091 3512 1196 3577; x_wconf 90' lang='lat' dir='ltr'>prope·</span> 
     </span>
     <span class='ocr_line' id='line_1_33' title="bbox 62 3585 1195 3674; baseline 0.009 -27"><span class='ocrx_word' id='word_1_303' title='bbox 62 3589 167 3652; x_wconf 90' lang='lat' dir='ltr'>modum</span> <span class='ocrx_word' id='word_1_304' title='bbox 189 3598 368 3674; x_wconf 84' lang='lat' dir='ltr'>perpetrant.</span> <span class='ocrx_word' id='word_1_305' title='bbox 413 3585 561 3674; x_wconf 87' lang='lat' dir='ltr'>Siquidem</span> <span class='ocrx_word' id='word_1_306' title='bbox 583 3589 712 3674; x_wconf 81' lang='lat' dir='ltr'>experiri</span> <span class='ocrx_word' id='word_1_307' title='bbox 736 3589 832 3652; x_wconf 91' lang='lat' dir='ltr'>omnia</span> <span class='ocrx_word' id='word_1_308' title='bbox 855 3599 990 3674; x_wconf 84' lang='lat' dir='ltr'>oportere</span> <span class='ocrx_word' id='word_1_309' title='bbox 1013 3589 1127 3671; x_wconf 89' lang='lat' dir='ltr'>dicunt,</span> <span class='ocrx_word' id='word_1_310' title='bbox 1156 3614 1195 3658; x_wconf 87' lang='lat' dir='ltr'>uc</span> 
     </span>
     <span class='ocr_line' id='line_1_34' title="bbox 64 3689 1194 3776; baseline 0.003 -22"><span class='ocrx_word' id='word_1_311' title='bbox 64 3703 192 3766; x_wconf 66' lang='lat' dir='ltr'>egressae</span> <span class='ocrx_word' id='word_1_312' title='bbox 210 3691 297 3754; x_wconf 85' lang='lat' dir='ltr'>istinc</span> <span class='ocrx_word' id='word_1_313' title='bbox 315 3691 445 3770; x_wconf 90' lang='lat' dir='ltr'>animae,</span> <span class='ocrx_word' id='word_1_314' title='bbox 469 3711 557 3776; x_wconf 91' lang='lat' dir='ltr'>opere</span> <span class='ocrx_word' id='word_1_315' title='bbox 574 3691 668 3774; x_wconf 89' lang='lat' dir='ltr'>aliquo</span> <span class='ocrx_word' id='word_1_316' title='bbox 685 3691 909 3774; x_wconf 88' lang='lat' dir='ltr'>praetermisso,</span> <span class='ocrx_word' id='word_1_317' title='bbox 934 3690 970 3754; x_wconf 93' lang='lat' dir='ltr'>ob</span> <span class='ocrx_word' id='word_1_318' title='bbox 990 3689 1018 3754; x_wconf 93' lang='lat' dir='ltr'>id</span> <span class='ocrx_word' id='word_1_319' title='bbox 1039 3712 1142 3756; x_wconf 88' lang='lat' dir='ltr'>rursus</span> <span class='ocrx_word' id='word_1_320' title='bbox 1163 3695 1194 3757; x_wconf 93' lang='lat' dir='ltr'>iu</span> 
     </span>
     <span class='ocr_line' id='line_1_35' title="bbox 60 3789 1193 3877; baseline 0.005 -25"><span class='ocrx_word' id='word_1_321' title='bbox 60 3805 173 3873; x_wconf 73' lang='lat' dir='ltr'>corpora</span> <span class='ocrx_word' id='word_1_322' title='bbox 199 3791 439 3877; x_wconf 83' lang='lat' dir='ltr'>compingandnm</span> <span class='ocrx_word' id='word_1_323' title='bbox 463 3793 624 3877; x_wconf 86' lang='lat' dir='ltr'>perficiant.</span> <span class='ocrx_word' id='word_1_324' title='bbox 669 3789 735 3854; x_wconf 87' lang='lat' dir='ltr'>lloc</span> <span class='ocrx_word' id='word_1_325' title='bbox 753 3809 825 3854; x_wconf 89' lang='lat' dir='ltr'>vero</span> <span class='ocrx_word' id='word_1_326' title='bbox 843 3793 935 3877; x_wconf 88' lang='lat' dir='ltr'>ipsum</span> <span class='ocrx_word' id='word_1_327' title='bbox 956 3812 1041 3874; x_wconf 87' lang='lat' dir='ltr'>esse,</span> <span class='ocrx_word' id='word_1_328' title='bbox 1065 3795 1193 3877; x_wconf 84' lang='lat' dir='ltr'>quadiu</span> 
     </span>
     <span class='ocr_line' id='line_1_36' title="bbox 62 3890 1298 4004; baseline 0.006 -60"><span class='ocrx_word' id='word_1_329' title='bbox 62 3891 204 3974; x_wconf 80' lang='lat' dir='ltr'>evangelio</span> <span class='ocrx_word' id='word_1_330' title='bbox 228 3890 312 3956; x_wconf 85' lang='lat' dir='ltr'>lesus</span> <span class='ocrx_word' id='word_1_331' title='bbox 336 3893 389 3956; x_wconf 88' lang='lat' dir='ltr'>ltac</span> <span class='ocrx_word' id='word_1_332' title='bbox 414 3893 550 3978; x_wconf 87' lang='lat' dir='ltr'>parabola</span> <span class='ocrx_word' id='word_1_333' title='bbox 575 3892 738 3976; x_wconf 76' lang='lat' dir='ltr'>signifieat:</span> <span class='ocrx_word' id='word_1_334' title='bbox 770 3896 858 3968; x_wconf 79' lang='lat' dir='ltr'>Esto,</span> <span class='ocrx_word' id='word_1_335' title='bbox 882 3893 993 3977; x_wconf 88' lang='lat' dir='ltr'>inquit,</span> <span class='ocrx_word' id='word_1_336' title='bbox 1016 3901 1190 3959; x_wconf 81' lang='lat' dir='ltr'>eomenn&#39;ene</span> <span class='ocrx_word' id='word_1_337' title='bbox 1214 3907 1298 4004; x_wconf 65' lang='lat' dir='ltr'>tpeepp.</span> 
     </span>
     <span class='ocr_line' id='line_1_37' title="bbox 59 3990 1291 4076; baseline 0.006 -25"><span class='ocrx_word' id='word_1_338' title='bbox 59 3990 211 4056; x_wconf 64' lang='lat' dir='ltr'>dommac</span> <span class='ocrx_word' id='word_1_339' title='bbox 225 4007 288 4070; x_wconf 79' lang='lat' dir='ltr'>tato,</span> <span class='ocrx_word' id='word_1_340' title='bbox 313 3999 378 4056; x_wconf 83' lang='lat' dir='ltr'>datm</span> <span class='ocrx_word' id='word_1_341' title='bbox 392 3999 483 4058; x_wconf 84' lang='lat' dir='ltr'>oddae</span> <span class='ocrx_word' id='word_1_342' title='bbox 499 4017 529 4057; x_wconf 82' lang='lat' dir='ltr'>es</span> <span class='ocrx_word' id='word_1_343' title='bbox 546 4001 575 4057; x_wconf 85' lang='grc' dir='ltr'>ιἰι</span> <span class='ocrx_word' id='word_1_344' title='bbox 589 4001 635 4056; x_wconf 81' lang='lat' dir='ltr'>mit</span> <span class='ocrx_word' id='word_1_345' title='bbox 652 4015 714 4058; x_wconf 76' lang='lat' dir='ltr'>crem</span> <span class='ocrx_word' id='word_1_346' title='bbox 730 3999 806 4074; x_wconf 77' lang='lat' dir='ltr'>ipso,</span> <span class='ocrx_word' id='word_1_347' title='bbox 831 4000 908 4057; x_wconf 80' lang='lat' dir='ltr'>etde</span> <span class='ocrx_word' id='word_1_348' title='bbox 927 4019 1037 4076; x_wconf 77' lang='lat' dir='ltr'>opernm</span> <span class='ocrx_word' id='word_1_349' title='bbox 1057 4009 1091 4058; x_wconf 83' lang='lat' dir='ltr'>nl</span> <span class='ocrx_word' id='word_1_350' title='bbox 1105 3999 1142 4058; x_wconf 86' lang='lat' dir='ltr'>ub</span> <span class='ocrx_word' id='word_1_351' title='bbox 1158 4021 1190 4060; x_wconf 90' lang='lat' dir='ltr'>eo</span> <span class='ocrx_word' id='word_1_352' title='bbox 1238 3991 1245 4014; x_wconf 85' lang='lat'><strong><em>&#39;</em></strong></span> <span class='ocrx_word' id='word_1_353' title='bbox 1284 3991 1291 4006; x_wconf 73' lang='lat'>⁸</span> 
     </span>
     <span class='ocr_line' id='line_1_38' title="bbox 62 4089 1190 4178; baseline 0.008 -25"><span class='ocrx_word' id='word_1_354' title='bbox 62 4089 194 4170; x_wconf 76' lang='lat' dir='ltr'>lt&#39;derem&#39;a,</span> <span class='ocrx_word' id='word_1_355' title='bbox 218 4119 254 4158; x_wconf 83' lang='lat' dir='ltr'>ne</span> <span class='ocrx_word' id='word_1_356' title='bbox 269 4098 347 4178; x_wconf 79' lang='lat' dir='ltr'>forte</span> <span class='ocrx_word' id='word_1_357' title='bbox 364 4099 459 4158; x_wconf 71' lang='lat' dir='ltr'>medo!</span> <span class='ocrx_word' id='word_1_358' title='bbox 475 4109 502 4158; x_wconf 86' lang='lat' dir='ltr'>tc</span> <span class='ocrx_word' id='word_1_359' title='bbox 515 4101 694 4158; x_wconf 80' lang='lat' dir='ltr'>udceraun&#39;rra</span> <span class='ocrx_word' id='word_1_360' title='bbox 709 4101 812 4170; x_wconf 70' lang='lat' dir='ltr'>abdiel,</span> <span class='ocrx_word' id='word_1_361' title='bbox 837 4109 868 4158; x_wconf 88' lang='lat' dir='ltr'>et</span> <span class='ocrx_word' id='word_1_362' title='bbox 885 4101 972 4159; x_wconf 74' lang='lat' dir='ltr'>endec</span> <span class='ocrx_word' id='word_1_363' title='bbox 986 4103 1083 4160; x_wconf 70' lang='lat' dir='ltr'>trudan</span> <span class='ocrx_word' id='word_1_364' title='bbox 1097 4111 1124 4159; x_wconf 83' lang='lat' dir='ltr'>te</span> <span class='ocrx_word' id='word_1_365' title='bbox 1139 4105 1190 4162; x_wconf 82' lang='lat' dir='ltr'>mi·</span> 
     </span>
     <span class='ocr_line' id='line_1_39' title="bbox 60 4194 1189 4272; baseline 0.013 -25"><span class='ocrx_word' id='word_1_366' title='bbox 60 4194 159 4267; x_wconf 67' lang='lat' dir='ltr'>nmero,</span> <span class='ocrx_word' id='word_1_367' title='bbox 181 4209 208 4258; x_wconf 86' lang='lat' dir='ltr'>et</span> <span class='ocrx_word' id='word_1_368' title='bbox 222 4203 351 4260; x_wconf 80' lang='lat' dir='ltr'>mairr&#39;rter</span> <span class='ocrx_word' id='word_1_369' title='bbox 363 4203 392 4259; x_wconf 84' lang='lat' dir='ltr'>r&#39;n</span> <span class='ocrx_word' id='word_1_370' title='bbox 409 4219 548 4259; x_wconf 84' lang='lat' dir='ltr'>carcerem</span> <span class='ocrx_word' id='word_1_371' title='bbox 565 4209 592 4258; x_wconf 86' lang='lat' dir='ltr'>te</span> <span class='ocrx_word' id='word_1_372' title='bbox 604 4203 706 4258; x_wconf 71' lang='lat' dir='ltr'>mittat.</span> <span class='ocrx_word' id='word_1_373' title='bbox 751 4204 853 4272; x_wconf 87' lang='lat' dir='ltr'>Amen,</span> <span class='ocrx_word' id='word_1_374' title='bbox 878 4220 956 4262; x_wconf 83' lang='lat' dir='ltr'>umen</span> <span class='ocrx_word' id='word_1_375' title='bbox 970 4202 1032 4260; x_wconf 88' lang='lat' dir='ltr'>dt&#39;co</span> <span class='ocrx_word' id='word_1_376' title='bbox 1050 4200 1110 4272; x_wconf 66' lang='lat' dir='ltr'>tide}</span> <span class='ocrx_word' id='word_1_377' title='bbox 1133 4222 1189 4262; x_wconf 84' lang='lat' dir='ltr'>non</span> 
     </span>
     <span class='ocr_line' id='line_1_40' title="bbox 60 4295 1190 4383; baseline 0.006 -26"><span class='ocrx_word' id='word_1_378' title='bbox 60 4295 133 4352; x_wconf 68' lang='lat' dir='ltr'>aaa</span> <span class='ocrx_word' id='word_1_379' title='bbox 147 4301 222 4373; x_wconf 75' lang='lat' dir='ltr'>nce,</span> <span class='ocrx_word' id='word_1_380' title='bbox 245 4304 333 4362; x_wconf 84' lang='lat' dir='ltr'>donee</span> <span class='ocrx_word' id='word_1_381' title='bbox 346 4303 446 4362; x_wconf 80' lang='lat' dir='ltr'>reddes</span> <span class='ocrx_word' id='word_1_382' title='bbox 460 4303 637 4361; x_wconf 66' lang='lat' dir='ltr'>neomesiam</span> <span class='ocrx_word' id='word_1_383' title='bbox 653 4302 844 4378; x_wconf 74' lang='lat' dir='ltr'>quadranter.</span> <span class='ocrx_word' id='word_1_384' title='bbox 893 4296 949 4364; x_wconf 84' lang='lat' dir='ltr'>cni</span> <span class='ocrx_word' id='word_1_385' title='bbox 966 4299 1081 4383; x_wconf 85' lang='lat' dir='ltr'>quidem</span> <span class='ocrx_word' id='word_1_386' title='bbox 1099 4300 1190 4364; x_wconf 90' lang='lat' dir='ltr'>iuter·</span> 
     </span>
    </p>
   </div>
   <div class='ocr_carea' id='block_1_3' title="bbox 62 4457 1191 4605">
    <p class='ocr_par' dir='ltr' id='par_1_6' title="bbox 62 4457 1191 4605">
     <span class='ocr_line' id='line_1_41' title="bbox 96 4457 1191 4538; baseline 0.012 -30"><span class='ocrx_word' id='word_1_387' title='bbox 96 4457 149 4538; x_wconf 57' lang='lat' dir='ltr'>dtu.</span> <span class='ocrx_word' id='word_1_388' title='bbox 158 4465 187 4516; x_wconf 84' lang='lat' dir='ltr'>V.</span> <span class='ocrx_word' id='word_1_389' title='bbox 203 4495 236 4506; x_wconf 91' lang='lat'><em>-</em></span> <span class='ocrx_word' id='word_1_390' title='bbox 263 4466 284 4518; x_wconf 90' lang='lat' dir='ltr'>l.</span> <span class='ocrx_word' id='word_1_391' title='bbox 302 4465 409 4522; x_wconf 75' lang='lat' dir='ltr'>fulicam</span> <span class='ocrx_word' id='word_1_392' title='bbox 424 4471 533 4534; x_wconf 79' lang='lat' dir='ltr'>rcemipai</span> <span class='ocrx_word' id='word_1_393' title='bbox 546 4470 603 4518; x_wconf 79' lang='lat' dir='ltr'>Gor·</span> <span class='ocrx_word' id='word_1_394' title='bbox 635 4481 707 4530; x_wconf 78' lang='lat' dir='ltr'>quom</span> <span class='ocrx_word' id='word_1_395' title='bbox 729 4469 824 4530; x_wconf 70' lang='lat' dir='ltr'>firmare</span> <span class='ocrx_word' id='word_1_396' title='bbox 844 4471 937 4520; x_wconf 72' lang='lat' dir='ltr'>audetur</span> <span class='ocrx_word' id='word_1_397' title='bbox 959 4470 1010 4519; x_wconf 88' lang='lat' dir='ltr'>cod.</span> <span class='ocrx_word' id='word_1_398' title='bbox 1029 4469 1142 4532; x_wconf 67' lang='lat' dir='ltr'>Rhodio,</span> <span class='ocrx_word' id='word_1_399' title='bbox 1165 4474 1191 4522; x_wconf 83' lang='lat' dir='ltr'>in</span> 
     </span>
     <span class='ocr_line' id='line_1_42' title="bbox 62 4531 1189 4605; baseline 0.019 -33"><span class='ocrx_word' id='word_1_400' title='bbox 62 4531 125 4574; x_wconf 80' lang='lat' dir='ltr'>nunt</span> <span class='ocrx_word' id='word_1_401' title='bbox 146 4537 165 4579; x_wconf 83' lang='lat' dir='ltr'>et</span> <span class='ocrx_word' id='word_1_402' title='bbox 185 4535 275 4586; x_wconf 73' lang='lat' dir='ltr'>Poterit</span> <span class='ocrx_word' id='word_1_403' title='bbox 299 4537 477 4588; x_wconf 74' lang='lat' dir='ltr'>emermottonem</span> <span class='ocrx_word' id='word_1_404' title='bbox 504 4539 602 4598; x_wconf 77' lang='grc' dir='ltr'><strong>ιιιιιιιιι,</strong></span> <span class='ocrx_word' id='word_1_405' title='bbox 634 4549 680 4600; x_wconf 86' lang='lat' dir='ltr'>qno</span> <span class='ocrx_word' id='word_1_406' title='bbox 694 4535 777 4598; x_wconf 73' lang='lat' dir='ltr'>lapiton</span> <span class='ocrx_word' id='word_1_407' title='bbox 791 4534 869 4589; x_wconf 74' lang='lat' dir='ltr'>dcbd.</span> <span class='ocrx_word' id='word_1_408' title='bbox 898 4539 970 4599; x_wconf 76' lang='lat' dir='ltr'>Vntao</span> <span class='ocrx_word' id='word_1_409' title='bbox 985 4541 1049 4587; x_wconf 77' lang='lat' dir='ltr'>eotot</span> <span class='ocrx_word' id='word_1_410' title='bbox 1063 4535 1189 4605; x_wconf 74' lang='grc' dir='ltr'><strong>ἐπίληψιν.</strong></span> 
     </span>
    </p>
   </div>
   <div class='ocr_carea' id='block_1_4' title="bbox 113 4605 986 4688">
    <p class='ocr_par' dir='ltr' id='par_1_7' title="bbox 113 4605 986 4688">
     <span class='ocr_line' id='line_1_43' title="bbox 113 4605 986 4688; baseline -0.006 -22"><span class='ocrx_word' id='word_1_411' title='bbox 113 4605 192 4666; x_wconf 69' lang='lat' dir='ltr'>⁰⁰¹tt¹</span> <span class='ocrx_word' id='word_1_412' title='bbox 204 4614 337 4660; x_wconf 72' lang='lat' dir='ltr'>flammeet</span> <span class='ocrx_word' id='word_1_413' title='bbox 350 4615 377 4660; x_wconf 82' lang='lat' dir='ltr'>ll.</span> <span class='ocrx_word' id='word_1_414' title='bbox 948 4625 986 4688; x_wconf 75' lang='lat'>14</span> 
     </span>
    </p>
   </div>
   <div class='ocr_carea' id='block_1_5' title="bbox 0 0 1508 4996">
    <p class='ocr_par' dir='ltr' id='par_1_8' title="bbox 0 0 1508 4996">
     <span class='ocr_line' id='line_1_44' title="bbox 0 0 1508 4996; baseline 0 2"><span class='ocrx_word' id='word_1_415' title='bbox 0 0 1508 4996; x_wconf 95' lang='lat' dir='ltr'> </span> 
     </span>
    </p>
   </div>
  </div>
 </body>
</html>
