2984 4996
320 379 453 432 rnnnnrr
471 379 721 432 ornamenta.
739 377 839 430 naun.
851 375 932 428 xurr.
1139 365 1200 428 657

47 498 200 564 addidisse
220 499 406 564 manifestum
427 511 482 564 est.
528 498 613 584 erud
635 499 703 562 licet
721 499 776 562 ista
795 497 883 560 dictio
903 498 943 560 ita
967 507 998 560 ut
1015 495 1144 582 concipis
1166 495 1202 561 ab

47 602 188 688 apostolo
203 614 283 666 esset
296 623 450 688 expressa,
470 613 556 688 atque
572 597 730 684 ἱερόθυτον
743 601 778 665 ad
795 595 995 663 εἰδωλόθυτον
1007 600 1202 678 adiunxisset,

50 725 145 769 uuum
166 715 262 769 tumen
281 706 414 790 idemque
437 725 503 769 esse
522 705 684 768 iudicarent
706 703 725 767 ii
748 703 795 788 qui
814 703 937 766 rationis
955 702 1100 788 paululum
1118 702 1204 766 lrabe-

50 819 139 888 rent,
173 808 216 872 sio
238 819 271 871 ut
290 809 429 873 abusione
449 808 570 892 quadam
589 807 670 870 eoois
687 806 754 870 iliud
773 825 931 891 usurpasse
949 805 1119 869 crederetur
1137 825 1206 890 upo-

51 912 167 990 stoius,
193 912 267 995 quod
292 911 423 976 bumirres
445 911 551 974 idolum
575 905 667 992 ἱερὸν,
689 909 744 973 boc
766 919 813 972 est
834 929 968 987 sacrum,
993 908 1139 994 appellare
1158 929 1206 971 su·

53 1014 130 1078 lent.
177 1011 323 1097 Quocirca
348 1015 417 1076 salsa
440 1013 489 1077 ilie
513 1024 560 1076 tua
582 1013 658 1076 ratio
680 1012 823 1091 concidit,
858 1034 922 1075 uum
944 1011 972 1073 id
995 1010 1149 1074 verissime
1169 1011 1208 1074 sit

52 1117 253 1202 patefactum,
278 1116 325 1200 qui
341 1115 425 1179 idolis
442 1116 603 1194 immolant,
628 1117 704 1199 qnod
722 1109 880 1196 ἱερόθυτον
893 1112 942 1176 isti
958 1124 1077 1193 vocant,
1102 1113 1207 1196 quique

52 1219 113 1282 buc
129 1240 162 1284 se
180 1219 331 1282 mendacio
349 1219 489 1302 obstringi
509 1219 584 1305 passi
603 1227 688 1296 suat,
720 1228 769 1280 aut
785 1217 877 1281 adbuc
895 1215 1058 1303 patiuntur,
1090 1216 1208 1278 daemu-

55 1321 116 1385 niis
137 1321 288 1386 immolare
311 1327 367 1384 noir
386 1316 517 1384 Cbristo.
563 1319 649 1405 Quod
669 1319 783 1404 quidem
806 1320 892 1404 tange
910 1319 946 1382 ab
965 1319 1022 1384 ittis
1041 1317 1143 1382 aberat
1159 1317 1209 1401 qui

57 1449 100 1490 ex
120 1427 184 1510 iege
203 1435 261 1489 tum
279 1425 437 1488 iustissime
454 1423 668 1487 sacrificabunt.
713 1419 798 1505 Quod
814 1423 908 1509 ipsam
926 1433 1020 1487 tamea
1038 1422 1140 1486 eodem
1158 1443 1210 1485 vu·

55 1530 138 1592 lente
154 1528 215 1592 beri
231 1526 333 1605 desiitq
358 1527 595 1610 quemadmodum
612 1526 669 1588 iam
688 1524 755 1588 oiim
774 1545 826 1611 per
842 1526 1011 1611 prophetam
1029 1522 1209 1589 Hieremiam

56 1631 236 1695 vaticinatus
255 1639 317 1694 est:
352 1633 388 1690 lit
403 1633 472 1710 quid
487 1633 557 1691 milti
571 1641 615 1690 tus
636 1632 671 1690 de
687 1630 764 1691 Saba
778 1631 884 1713 affers,
913 1641 943 1690 et
957 1634 1157 1691 cinnamonum
1174 1630 1209 1690 de
1221 1648 1285 1694 ruer.
1295 1649 1316 1706 a,
1328 1647 1361 1694 ts

59 1747 141 1796 terra
157 1736 331 1815 Iungebpual
369 1727 459 1796 lteme
485 1736 618 1794 li'etr‘rnae
631 1743 695 1794 tuae
707 1753 762 1793 aaa
773 1735 944 1812 placuerunt
956 1735 1033 1794 milri.
1071 1727 1111 1794 Et
1127 1728 1208 1808 aiibi,

63 1841 142 1899 Tolle
161 1841 286 1898 uictriaas
308 1848 387 1910 taos,
420 1839 526 1909 lsrael,
558 1847 587 1896 et
602 1839 735 1897 comedite
752 1857 862 1898 earnes.
907 1837 972 1898 Noa
991 1839 1063 1897 enain
1076 1838 1323 1915 praesepilium.

52 1941 188 2022 patribus
203 1945 303 2000 aestra's
318 1943 346 2000 iri
363 1941 418 2011 deb,
443 1959 498 2020 pua
515 1941 688 2019 apprehendi
699 1959 808 2000 manum
827 1960 932 2013 earum,
960 1949 993 2000 at
1006 1941 1148 2000 educerem
1164 1959 1211 1998 eas
1240 1911 1262 1965 τ’
1274 1911 1306 1953 '¹'

57 2048 96 2105 de
118 2055 194 2104 lema
212 2046 354 2122 Aegypti,
380 2045 414 2102 de
435 2045 570 2115 victrinis,
600 2045 651 2102 sed
669 2043 721 2102 boe
736 2046 870 2122 praecepi
887 2045 961 2114 illis,
995 2061 1212 2122 aauraqaemqae

50 2149 156 2229 faeere
177 2149 312 2207 iustitiam
335 2165 397 2206 enm
415 2149 546 2225 ρνοαιιιιο
569 2165 629 2206 suo.
677 2138 752 2208 Cum
776 2143 864 2228 igitur
885 2144 970 2221 dicit,
1001 2147 1066 2205 Noa
1081 2146 1216 2224 praecepi

57 2252 136 2323 illr‘s,
162 2257 191 2310 et
208 2246 283 2309 idem
300 2245 441 2309 tamenin
458 2247 522 2330 lege
537 2243 636 2334 Mopsi
654 2244 805 2332 praecipit,
831 2247 953 2324 Quilibet
961 2247 1089 2327 filiarum
1104 2248 1206 2318 lsrael,
1218 2268 1364 2326 omme

56 2357 92 2414 si
103 2351 209 2435 afferat
222 2351 392 2430 sacraficium
409 2353 443 2411 de
458 2351 543 2410 bobus
556 2361 609 2411 aut
623 2351 729 2423 aurbus,
754 2352 905 2411 masculum
921 2353 1126 2412 immaculatum
1143 2350 1214 2434 qffe·

59 2465 124 2526 rat,
150 2474 184 2516 ac
201 2471 331 2531 rursum,
354 2455 392 2513 Si
402 2457 465 2534 quia
476 2457 644 2534 peccaverit,
668 2463 696 2512 et
710 2455 739 2512 in
753 2454 847 2532 aliquo
861 2457 999 2514 raventun
1015 2465 1060 2514 est
1069 2455 1211 2528 deit'atum,

58 2559 168 2642 afferet
180 2577 298 2634 aguam,
322 2555 403 2632 item,
429 2559 465 2616 a·
472 2560 634 2638 peccauerit
642 2558 775 2634 populas,
793 2557 895 2638 cassaret
908 2559 1034 2630 uitulum,
1062 2553 1106 2618 bis
1121 2553 1215 2618 omni·

57 2659 119 2722 bus
141 2667 223 2741 grata
245 2657 299 2720 sibi
319 2656 408 2720 tuisse
427 2657 573 2721 sacrificia
591 2655 736 2734 declarat,
768 2676 842 2740 quae
862 2667 921 2720 tum
937 2679 988 2743 pro
1007 2657 1100 2722 salute
1118 2655 1215 2743 populi

57 2761 151 2824 istius
167 2758 263 2822 obtata
280 2769 364 2840 sunt3
396 2779 453 2821 nou
478 2759 553 2842 quod
578 2759 635 2821 iliis
650 2757 812 2842 indigeret,
844 2769 894 2822 aut
910 2761 1063 2824 admodum
1082 2770 1214 2844 cuperet,

59 2862 117 2928 sed
134 2871 165 2925 at
181 2860 215 2924 ad
231 2881 331 2924 eorum
348 2881 379 2924 se
394 2859 619 2924 imbecillitatem
634 2871 664 2924 et
679 2860 861 2946 anticipatum
878 2861 1020 2927 humanae
1034 2864 1140 2928 mentis
1155 2863 1216 2949 opi·

58 2966 184 3030 aionem
207 2962 456 3042 accommodaret,
489 2973 575 3047 atque
603 2972 634 3026 ut
658 2983 675 3024 e
697 2963 884 3049 plurimorum
908 2966 986 3030 uultu
1009 2966 1156 3029 numinum
1180 2965 1217 3028 ad

60 3067 154 3132 unius
176 3065 221 3128 dei
241 3064 435 3150 coguitionem
456 3065 569 3129 illorum
590 3065 702 3130 animos
722 3065 900 3130 traduceret.
945 3065 1063 3132 Etenim
1082 3067 1216 3153 quoniam

59 3173 94 3234 in
116 3167 268 3233 sacrificiis
286 3166 476 3232 vehementer
492 3168 618 3253 ipsorum
636 3169 729 3232 delixa
749 3189 831 3232 mens
850 3179 925 3248 erat,
951 3181 1085 3254 tauquam
1103 3167 1219 3257 pietatis

62 3275 141 3338 baec
156 3281 256 3335 essent
272 3269 381 3350 officia,
406 3291 479 3355 quae
497 3271 582 3334 idolis
600 3292 652 3356 pro
670 3271 838 3356 expiatione
856 3293 909 3336 sua
926 3293 961 3336 ac
977 3273 1070 3336 salute
1088 3282 1220 3358 praesta·

61 3386 152 3452 reat,
186 3373 270 3438 simui
293 3393 331 3436 ne
353 3371 390 3436 ob
414 3373 652 3438 consuetudinem
671 3375 841 3458 extorqueri
860 3374 956 3442 subito
976 3374 1031 3440 sibi
1048 3375 1104 3440 ista
1122 3375 1219 3438 omnia

62 3475 219 3541 molestius
240 3477 367 3553 terrent,
391 3497 445 3539 suo
461 3477 490 3540 iu
509 3475 625 3540 nomine
644 3475 706 3540 b'eri
722 3477 779 3540 ista
796 3476 944 3561 aliquanto
964 3491 1094 3564 tempore
1112 3477 1217 3557 voluit,

63 3601 125 3666 quo
148 3599 164 3640 a
187 3577 309 3661 plurium
329 3579 448 3643 deorum
467 3579 546 3643 inani
564 3579 641 3643 cuttu
660 3599 773 3644 annuas
790 3579 856 3644 illas
872 3581 1055 3644 ceremonias
1077 3579 1114 3644 ad
1133 3579 1220 3643 obse·

63 3683 167 3768 quiam
185 3701 268 3744 suum
288 3682 498 3760 transferrent,
523 3691 608 3766 atque
628 3691 659 3745 ut
676 3702 734 3745 uno
752 3681 865 3746 demunt
884 3685 1002 3768 cognito
1021 3683 1094 3764 deo,
1119 3704 1220 3747 curro·

62 3787 229 3868 borntaque
246 3783 275 3846 iu
292 3782 371 3846 ilium
389 3783 444 3847 tide
461 3795 579 3864 nostra,
610 3783 747 3871 deinceps
764 3784 800 3848 ab
817 3786 918 3850 eodem
936 3785 1101 3851 audiamus:
1132 3791 1221 3849 Num·
1236 3803 1320 3851 ratu.

64 3891 139 3970 qaid
162 3887 333 3948 manducabo
357 3907 457 3948 earnes
481 3899 641 3962 taurorum,
677 3900 729 3950 aut
746 3893 911 3969 sangumem
933 3893 1075 3951 laicarum
1094 3859 1267 3972 pataboi⁴⁸‘
1284 3859 1314 3903 η’

65 3991 159 4054 item:
183 3993 327 4072 Numquid
340 3993 529 4072 quadragenta
543 3995 625 4056 anari
642 3993 813 4072 sacraficium
828 3994 968 4053 obtulabtis
984 3995 1055 4053 midi
1067 3997 1095 4055 ia
1111 3996 1220 4054 deserta
1235 4011 1372 4069 eunome.

65 4097 167 4154 domus
182 4094 295 4153 lsrael?
338 4088 519 4177 Quamquam
537 4093 647 4159 iabnita
666 4093 720 4158 iam
740 4105 825 4159 eraut
844 4093 942 4158 obtata
960 4093 1114 4159 sacrificia.
1160 4090 1221 4158 Sed

22 4337 23 4342 η
66 4283 140 4331 Attter
156 4281 265 4330 Petoutus
281 4281 367 4332 consult
382 4286 404 4334 et
418 4285 533 4334 tuaatioai
549 4299 629 4336 occea-
663 4277 749 4346 adroic
766 4281 885 4351 γινόμενα
902 4281 938 4346 εἰς
954 4281 1041 4338 bauria
1059 4281 1219 4352 μεταλλάξαι

23 4419 24 4422 ¹
66 4351 179 4410 rendum,
190 4351 230 4412 qut
241 4351 371 4412 rescripsit:
387 4348 425 4409 εἰς
434 4347 463 4404 δὲ
475 4347 503 4404 rb
516 4347 551 4418 ptri
562 4343 630 4414 ἅπαξ
661 4355 766 4404 iudicent
782 4355 874 4404 eruditi.

68 4415 188 4485 χαλεπῶς
197 4413 291 4484 φέρειν,
306 4412 349 4470 διὰ
358 4415 403 4486 τήν
416 4415 559 4484 συνήθειαι,
573 4421 629 4473 τοῦ·
696 4418 736 4472 40.
754 4419 878 4488 φάγωμαι
898 4423 951 4472 edit.
965 4423 1039 4483 princ.

67 4503 96 4538 ro
117 4489 197 4538 ποιεῖν
220 4483 268 4544 ἔως
289 4485 375 4550 καιροῦ
398 4485 434 4546 εἰς
457 4481 498 4541 iao
519 4483 629 4541 cadrei
697 4485 736 4538 41.
754 4488 852 4555 uiuum
868 4493 922 4540 ttbm'
939 4491 1002 4539 editt.

67 4547 199 4618 ibitque,
223 4551 268 4606 τοῦ
284 4545 441 4619 ἀποστρέψαι
456 4549 506 4608 nino
522 4558 571 4622 τῆς
586 4573 630 4609 πο·
697 4551 738 4608 tt.
756 4555 781 4610 ἐν
798 4557 831 4626 τῇ
849 4555 939 4626 ἐρήμῳ
956 4559 1007 4610 cad.
1020 4557 1075 4609 aas

69 4621 160 4676 touton
184 4619 340 4688 φαντασίας,
368 4619 413 4675 καὶ
437 4621 468 4676 roi
494 4619 549 4677 κατ’
575 4621 630 4686 daec

121 4705 211 4761 carpus
225 4701 359 4750 naamon
374 4703 402 4748 tt.
977 4717 1018 4780 42
