2986 4996
385 337 431 389 Αὓ
448 337 637 390 El‘lS'l'Oladbl
657 337 766 390 dCdCll
785 339 830 392 ΕΤ
846 339 955 391 ruunt.
1205 331 1242 390 15

106 467 185 520 santa
217 454 398 535 Simoniani,
422 453 647 536 bleoandriaui,
672 455 882 537 Saturniliaui,
905 455 1089 539 basilidiani,
1111 457 1243 524 Nicolai-

107 568 164 638 tae,
187 555 339 637 Gnostici,
363 558 411 642 qui
430 569 459 621 et
476 555 658 634 Strutiotici,
682 580 717 622 ae
733 557 936 637 Pbibionitae,
959 559 995 624 ab
1010 561 1076 626 aliis
1095 583 1167 628 vero
1187 559 1243 628 Se·

105 659 243 738 cundiani,
265 660 300 722 ab
314 660 381 724 aliis
396 659 556 739 Znecbaei,
580 681 708 724 necnon
725 659 870 725 Coddiani
887 671 918 724 et
930 660 1106 728 borboritae
1123 685 1159 728 an
1170 661 1244 728 Bar·

104 759 211 848 belptae
234 761 386 841 dieuutur,
410 758 650 846 carpocratitae,
680 760 881 843 Ceriutbiani,
909 764 958 848 qui
984 775 1014 828 et
1036 762 1241 845 Meriodriani,

103 861 265 942 Nazaraei,
290 861 450 943 Ebionaei,
471 861 641 943 Valentini,
665 861 861 944 Secundiani,
885 865 988 948 quibus
1012 867 1155 930 accedunt
1170 865 1243 953 Epi·

103 963 206 1050 pbaues
232 975 263 1028 et
285 961 434 1042 lsidcros,
457 962 633 1030 Ptolemaei.
678 963 711 1030 lu
735 965 823 1030 tertio
838 977 935 1030 autent
953 977 1032 1031 torno
1053 967 1160 1053 prioris
1177 968 1243 1032 libri

104 1067 235 1130 baereses
260 1065 359 1130 itidem
382 1061 460 1130 Xlll
484 1077 569 1130 sunta
605 1065 767 1147 Marruuii,
791 1066 977 1145 colorbasii,
1001 1067 1241 1147 lleraeieooitae,

104 1163 240 1252 llpbitae,
275 1163 399 1247 Coiani,
429 1164 584 1246 Setbiani,
615 1169 805 1246 Archontiei,
838 1167 1035 1247 Cerdoniani,
1057 1168 1241 1247 Marcioues,

101 1267 302 1348 boeianistae,
334 1268 536 1354 Appelleiaoi,
569 1267 745 1351 Severiani,
776 1270 909 1336 Tatiani.
953 1269 1035 1334 llaec
1064 1282 1110 1335 est
1130 1293 1244 1336 summa

101 1381 238 1435 umorum
261 1372 349 1434 trium
367 1370 451 1456 primi
472 1371 551 1434 libri.
596 1369 725 1438 Secundi
743 1391 815 1437 vero
838 1372 903 1436 libri
922 1373 991 1435 torui
1007 1373 1063 1436 duo
1082 1383 1168 1452 aunt,
1192 1395 1244 1438 cu·

101 1473 192 1537 insin
218 1474 319 1559 priora
341 1483 436 1551 tomo,
468 1474 517 1556 qui
535 1485 655 1558 quartus
683 1485 746 1553 est,
776 1473 802 1537 si
824 1483 919 1538 tomos
939 1474 1077 1559 deinceps
1099 1473 1135 1537 ab
1158 1473 1242 1538 initio

103 1595 243 1653 numeres,
269 1575 409 1638 haereses
427 1571 536 1638 XVlll
554 1577 742 1640 eontinentur
760 1577 815 1639 hoc
835 1575 937 1638 modos
969 1573 1158 1654 Etrcratitao,
1183 1572 1243 1640 Ca·

103 1678 265 1762 tapbryges,
290 1676 338 1760 qni
359 1687 389 1738 et
406 1671 606 1742 Montanistae
622 1697 656 1740 oc
673 1675 924 1761 Tasccdrngitoe,
946 1673 1125 1762 Pepuziani,
1149 1677 1244 1760 quiet

102 1776 288 1861 Quintiliani,
313 1778 416 1862 quibus
440 1779 637 1862 adiunguntur
656 1777 861 1863 Artotpritoe‚
883 1775 1240 1859 Teasnrescaedecatitae,

101 1881 143 1962 qni
157 1877 274 1943 Paseba
290 1880 320 1942 in
338 1880 460 1942 eandem
479 1879 548 1943 anni
567 1881 641 1943 diern
660 1881 836 1958 coniiciunt,
862 1879 968 1964 ntogi,
992 1881 1039 1963 qui
1056 1889 1087 1942 et
1104 1877 1243 1964 Evange-

101 1981 162 2045 lium
183 1993 214 2046 et
235 1979 438 2066 Apocalypsin
461 1977 581 2046 loannis
605 1983 776 2066 repudiant,
799 1980 973 2059 Adamiani,
996 1979 1168 2065 Sampsaei,
1193 1981 1242 2065 qui

100 2093 127 2145 et
144 2081 314 2160 lleloesaei,
339 2079 553 2162 Tlreodotiaoi,
577 2081 853 2162 blelebisedeeiaui,
878 2079 1135 2161 bardeniaoistae,
1158 2080 1243 2147 Nod-

102 2187 174 2264 tiani,
198 2183 326 2261 Valesii,
351 2178 484 2262 Gothori,
507 2183 661 2269 Angelici,
684 2184 865 2269 Apostolici,
889 2183 937 2267 qui
956 2183 1044 2247 etiam
1061 2182 1241 2268 Apotactiei,

101 2287 196 2370 quibua
220 2284 335 2350 annexi
356 2295 427 2348 sunt
442 2283 640 2371 Sacoopbori,
664 2283 841 2364 Sabelliani,
866 2282 1073 2369 Origenistae,
1097 2284 1243 2348 foeditatis

101 2401 246 2466 auetorm,
278 2383 467 2470 origenistae
492 2387 528 2450 ab
551 2384 676 2471 Origine
699 2388 888 2451 Adamantio.
934 2385 966 2449 lu
990 2386 1119 2450 secundo
1145 2395 1243 2450 autem

102 2499 171 2554 tomo
194 2489 329 2554 eiusdem
346 2486 433 2568 libri,
458 2488 506 2572 qui
522 2488 620 2573 prioro
645 2489 692 2552 illa
719 2489 889 2552 numerandi
910 2488 1025 2551 ratione
1043 2487 1160 2570 quintus
1183 2498 1240 2567 est,

90 2589 232 2660 ,bamses
263 2588 390 2674 quinque
417 2601 504 2653 sonte
544 2587 628 2653 Pauli
658 2587 893 2668 Samosntensis,
923 2587 1110 2666 Manichaei,
1143 2589 1243 2670 quiet

103 2691 271 2770 Acuaoitoe,
294 2689 476 2771 Hieromus,
500 2689 665 2771 Meletiani,
689 2692 737 2774 qni
755 2691 785 2754 in
803 2691 937 2776 Aegypto
953 2690 1079 2754 schisma
1095 2691 1241 2769 iecerunt,

103 2791 208 2858 Amani.
255 2793 356 2875 Atque
375 2792 446 2856 baeu
469 2803 515 2856 est
539 2803 683 2856 tomorum
706 2791 773 2856 libri
792 2794 912 2856 secundi
930 2813 1055 2856 somma.
1099 2788 1244 2856 Similiter

103 2904 128 2956 et
145 2895 281 2960 intentio
298 2893 373 2957 libro
389 2894 458 2957 tomi
480 2894 537 2957 duo
553 2905 634 2958 suut.
680 2890 712 2956 ln
736 2894 829 2979 primo
852 2905 930 2957 tomo
953 2893 1030 2956 tertii
1046 2891 1130 2970 libri,
1154 2901 1243 2956 sento

104 3007 187 3060 autem
207 3019 245 3060 ou
264 3015 351 3080 quiem
365 2994 491 3058 diximus
507 2996 629 3074 ordine,
652 2995 792 3058 haereses
810 2993 867 3058 Vll
884 3005 971 3058 sunta
1001 2993 1142 3072 Audieni,
1165 2991 1243 3057 Pbo-

104 3095 204 3178 n'niaui,
226 3095 428 3174 Marcelliani,
446 3093 635 3176 semiariani,
653 3094 922 3175 Puenmatomacbi,
942 3097 990 3181 qni
1009 3094 1122 3180 spiritui
1139 3105 1243 3159 saneto

103 3199 306 3264 contumeliose
321 3199 489 3277 detrabunt,
513 3197 649 3277 Adriani,
671 3198 806 3278 Aeliani,
828 3199 863 3261 ab
880 3198 970 3262 nario
987 3200 1155 3275 Anomoeo,
1179 3197 1242 3280 qui·

104 3296 148 3362 bus
164 3301 279 3366 aceedit
303 3297 510 3364 etEunomios
528 3301 710 3363 Arronroeos.
755 3296 789 3362 ln
809 3302 939 3364 secundo
964 3319 1037 3362 vcro
1062 3308 1140 3361 torric
1164 3298 1243 3361 eiua·

104 3399 157 3466 den
176 3402 258 3468 tertii
274 3401 354 3481 libri,
377 3401 614 3486 septimoautem
632 3421 671 3464 ex
686 3401 829 3464 divisione
847 3401 895 3465 illa
914 3423 998 3485 quam
1016 3399 1155 3478 diximus,
1179 3399 1242 3484 qui·

104 3521 150 3585 que
167 3504 268 3592 operia
282 3503 373 3568 totius
390 3515 554 3588 postremus
571 3513 627 3583 est,
645 3501 784 3568 hareses
798 3513 924 3588 quatuor
935 3513 1023 3566 sunt:
1048 3499 1240 3581 llipnoeritae,

130 3769 166 3826 42.
182 3776 206 3828 ol
221 3775 267 3828 καὶ
279 3777 331 3827 eod.
343 3777 397 3826 Van.
429 3777 499 3839 tuac
516 3771 540 3828 οἳ
557 3773 609 3827 καὶ.
684 3772 729 3827 καὶ
752 3771 919 3827 Μοντανισταὶ
943 3771 987 3825 καὶ
1007 3772 1232 3838 Τασκοδρουγῖται.

129 3853 166 3910 lb
182 3855 342 3914 odmeornot
355 3861 473 3910 ccdl'en
499 3853 650 3922 votpooda-
717 3855 758 3912 48.
775 3857 940 3911 Koisrrltusol
955 3859 1006 3908 eod.
1024 3861 1098 3908 tenet.

102 3923 199 3979 mm
716 3939 758 3995 49.
775 3939 841 3996 κατὰ
857 3945 933 3994 odiret
947 3957 976 3992 eo
990 3943 1041 3992 eod.
1061 3943 1151 3990 Veneto.

129 4005 167 4062 ⁴4·
185 4009 308 4094 ἕπιφᾷνης
325 4009 369 4064 ml
386 4006 515 4079 ἢῦῑδωρῦς
527 4013 578 4064 cod·
595 4015 651 4062 Μ·
716 4028 757 4078 50.
775 4025 880 4080 Παύλου
891 4026 935 4079 τοῦ
944 4021 1119 4090 Σαμοσατίως
1136 4026 1187 4076 cod.
1199 4027 1241 4076 l'a·

130 4071 168 4130 45·
185 4080 247 4130 Wfl
261 4095 340 4130 W!
355 4077 511 4144 liupatone,
525 4083 650 4142 “mulm-
682 4101 727 4146 net.
760 4099 832 4158 Vulpo
850 4089 1039 4146 Παυλιανισταί.

101 4217 108 4241 ,
130 4157 168 4213 ⁴5·
187 4167 224 4216 1¹⁶
249 4166 301 4214 ωδ·
325 4165 423 4227 fll‘ffl't·
447 4171 470 4214 ὅ
503 4166 556 4214 lilii
584 4165 650 4214 “llll-
716 4178 758 4230 bl.
776 4181 827 4230 udo
844 4176 869 4230 ds
886 4177 919 4246 τῇ
938 4172 1056 4243 Αἰγύπτῳ
1074 4175 1171 4260 nplopu
1187 4179 1239 4228 cod.

109 4229 246 4284 muntii
260 4233 313 4282 Ν·
337 4233 409 4282 ΫΜ·
685 4251 760 4298 lauet.
797 4249 869 4308 totpo
887 4245 984 4314 σχίσμα
1000 4241 1026 4298 ἐν
1044 4243 1172 4314 Αἰγυπτῳ.
1291 4297 1296 4310 ,

130 4307 168 4364 li.
186 4317 258 4378 νειμ
273 4312 339 4367 κατὰ
354 4313 512 4380 Φρυγαστῶν
530 4315 650 4367 blesense·
716 4315 757 4364 52
773 4313 926 4379 προείπαμεν
942 4314 993 4363 ond.
1009 4317 1085 4364 tenet.

103 4377 170 4430 orda.
195 4383 385 4445 cimorum
399 4387 573 4434 annuendum.
590 4383 649 4433 cdd.
716 4381 953 4434 castenedum.
988 4384 1061 4444 l'ntpo
1078 4372 1153 4434 odra.

104 4445 173 4497 lanu.
194 4451 262 4500 babet
284 4445 500 4516 κατὰφρυγαστων
523 4448 650 4502 nulllus·
717 4446 759 4501 ct.
775 4445 898 4502 ’Δετιανοὶ
913 4441 963 4502 sind
982 4463 1027 4502 om.
1044 4449 1094 4502 eod.
1115 4451 1189 4500 taret.

104 4516 222 4568 mortis.
266 4519 359 4581 nrm
389 4515 456 4572 eard
480 4514 601 4584 Φρύγας,
627 4517 650 4568 ot
716 4515 757 4568 55.
775 4510 857 4576 obrue
872 4519 924 4568 cod.
943 4519 1018 4568 Venet.
