3036 4998
371 299 504 351 rnuann
521 299 758 349 menmium
775 297 873 348 unae.
886 298 986 348 xxxi.
1189 289 1249 352 335

102 421 289 509 praedicasse
303 419 451 499 notitiarn3
478 417 612 482 nimirum
628 417 704 481 huuo
719 437 814 501 neque
828 416 1026 480 circumscribi
1040 418 1170 482 locorum
1183 439 1249 505 spa-

100 525 158 603 tio,
193 543 288 608 oeque
308 521 474 606 cognitione
491 540 579 606 posse
597 519 724 605 percipi,
756 540 790 582 ae
813 540 849 582 oe
868 519 933 584 visu
951 518 1064 604 quibem
1088 522 1135 585 vel
1153 521 1252 588 auditu

102 625 300 704 contrectari,
322 625 374 687 seh
392 645 444 709 per
459 621 622 706 Unigenam
639 622 780 686 duntaxat
794 619 928 706 intelligi.
974 622 1110 708 Aequod
1128 626 1250 709 primum

103 729 181 793 inest
198 727 230 792 in
245 725 351 805 Patre,
385 728 460 811 quorl
480 724 684 810 comprehendi
701 744 759 786 non
777 733 889 807 potest,
920 724 948 788 id
965 747 1097 790 caussam
1115 747 1182 792 esse
1202 749 1250 792 ce·

103 831 189 910 teris,
210 849 263 893 cur
276 828 305 892 in
319 828 526 914 sempiternum
540 837 653 911 tempus
668 835 874 912 permaneaut3
899 829 973 912 quod
990 849 1062 892 vero
1077 830 1107 892 in
1122 829 1172 893 illo
1186 829 1250 915 ipso

102 931 311 1018 comprehendi
328 941 441 1017 potest,
466 941 548 994 ortus
566 950 666 993 eorum
684 928 915 992 reformationis
935 951 1001 994 esse
1020 951 1171 1012 caussam,
1196 933 1250 998 hoe

102 1047 148 1100 est
166 1031 287 1099 Filium.
333 1031 416 1097 llaec
438 1044 506 1096 sunt
525 1053 599 1117 quae
617 1028 753 1097 Christos
772 1051 875 1094 reeens
896 1031 927 1094 in
949 1031 1006 1096 illis
1022 1033 1117 1097 editos
1134 1036 1250 1101 molitus

102 1151 159 1202 est.
208 1135 251 1200 Aa
274 1135 401 1220 Spiritus
426 1132 553 1199 Sanctus
576 1153 677 1196 omnes
701 1134 735 1196 ad
758 1133 959 1217 aequalitatem
985 1132 1120 1200 redactos
1140 1138 1250 1222 gratias

102 1239 215 1304 hahere
239 1238 405 1324 perdocuit,
440 1257 475 1300 ae
495 1257 595 1300 veram
619 1235 745 1320 quietem
769 1237 1018 1302 commonstravit.
1070 1235 1112 1302 lta
1136 1240 1250 1306 demum

102 1341 237 1406 eiusdem
255 1353 285 1406 et
300 1345 409 1405 formae
427 1348 456 1402 et
474 1337 561 1402 animi
580 1338 700 1402 Aeones
718 1359 786 1402 esse
805 1339 916 1416 laotos,
946 1351 979 1403 nt
996 1341 1126 1406 universi
1143 1344 1253 1427 pariter

102 1456 132 1509 et
146 1441 269 1508 Montes
285 1453 401 1522 essent,
425 1452 456 1504 et
472 1438 649 1518 Sermones,
674 1451 704 1503 et
718 1437 878 1520 Homines,
901 1461 935 1504 ac
953 1437 1081 1521 Christi,
1105 1443 1252 1509 similiter-

103 1568 159 1632 qne
178 1545 304 1610 feminae
323 1565 424 1609 omnes
442 1563 482 1608 es
499 1563 607 1626 aequo,
632 1553 662 1606 et
679 1537 828 1606 Veritates
845 1554 875 1606 et
889 1540 976 1607 Vitae
994 1544 1106 1626 forent,
1131 1569 1166 1611 ae
1184 1544 1251 1633 Spi-

102 1651 197 1726 ritus,
222 1658 253 1711 et
268 1645 434 1712 Ecclesiae.
481 1641 647 1710 Senoutlum
666 1643 720 1707 hoa
737 1643 868 1708 solidatis
886 1645 1140 1732 corroboratisque
1159 1651 1252 1714 omni·

102 1753 175 1830 hus,
201 1773 238 1814 ao
256 1751 352 1835 quiete
370 1749 487 1833 otioque
503 1747 678 1826 constituto,
703 1745 867 1810 vehementi
884 1747 949 1812 illos
965 1770 1029 1812 eum
1048 1751 1154 1832 gaudio
1173 1773 1252 1816 sum-

103 1875 183 1918 mona
207 1849 364 1916 Parentum
391 1849 522 1915 laudibus
545 1849 707 1927 extulisse,
741 1849 852 1932 quiex
876 1871 910 1914 ea
934 1852 1138 1937 relegentem
1163 1855 1251 1918 animi

104 1959 233 2022 fructum
248 1973 282 2018 ae
299 1953 476 2039 voluptatem
492 1951 613 2036 ceperit.
650 1947 743 2034 lgitur
755 1961 787 2014 ut
802 1951 829 2014 ei
845 1952 957 2035 gratiae
972 1954 1078 2039 aliquid
1092 1957 1250 2036 referrent,

104 2060 140 2123 de
163 2056 311 2122 communi
333 2054 460 2118 omnnium
482 2055 600 2118 decreto
623 2074 657 2116 aa
679 2053 841 2130 sententia,
874 2054 1053 2138 suffragante
1077 2054 1196 2136 Christo
1218 2081 1252 2124 ac

105 2157 233 2246 Spiritu,
256 2156 345 2222 Patre
362 2177 434 2221 vero
450 2155 666 2242 comprobante,
690 2155 796 2218 lantum
814 2164 846 2218 ot
862 2156 967 2240 singoli
982 2155 1156 2226 Pleromatis
1173 2162 1253 2225 Aeo·

105 2284 159 2326 nes
180 2261 256 2346 quod
280 2261 308 2323 in
328 2279 361 2324 se
381 2256 659 2344 praestantissimum
679 2277 713 2320 ac
731 2257 967 2322 florentissimum
987 2259 1144 2340 haherent,
1175 2261 1203 2326 it
1221 2263 1252 2327 in

106 2364 234 2428 medium
253 2363 393 2426 afferrent
410 2381 445 2424 ac
462 2359 690 2424 contribuerant.
736 2356 850 2441 Quibus
865 2359 997 2424 omatibus
1015 2363 1089 2427 scite
1109 2365 1252 2450 composi·

106 2466 145 2530 tis
164 2473 252 2549 atque
272 2464 423 2547 eleganter
440 2463 586 2526 contextis
605 2482 711 2525 novum
731 2462 872 2544 quenulam
893 2463 982 2526 fetum
1005 2465 1039 2526 atl
1056 2461 1145 2560 Pythi
1164 2468 1252 2532 decus

107 2579 137 2632 et
154 2565 279 2652 gloriam
296 2565 468 2650 protulisse,
493 2563 547 2627 hoc
565 2563 1138 2649 estabsolutissimampulchritudinem,
1162 2590 1197 2633 ae
1214 2569 1254 2634 si·

107 2670 180 2747 dos,
205 2668 363 2754 perlectum
380 2665 554 2731 Pleromatis
574 2669 714 2744 fructum,
738 2661 835 2730 lesum
852 2666 981 2746 seilicet,
1013 2668 1060 2753 qui
1078 2678 1108 2732 et
1125 2671 1255 2736 salvator

107 2769 146 2834 sit
166 2771 279 2848 dietus,
311 2779 338 2832 et
359 2765 512 2848 Christus,
544 2779 573 2833 et
592 2764 738 2846 Verbum,
770 2789 805 2832 ao
825 2767 949 2853 (lenique
970 2770 1099 2855 paternis
1116 2774 1252 2838 Aeonum

107 2870 239 2937 omnium
256 2871 419 2937 nominibus
435 2871 606 2956 insignitus,
637 2870 712 2955 qood
729 2869 764 2933 ah
782 2869 915 2934 onroihus
930 2871 1039 2955 pariter
1055 2874 1095 2938 sit
1112 2874 1141 2937 in
1158 2875 1252 2941 locem

107 2975 217 3038 editos.
262 2970 322 3039 set
340 2981 370 3038 et
385 2971 559 3039 honorarius
577 2973 640 3036 eius
656 2971 814 3052 satellites,
838 2972 967 3038 eiusdem
986 2997 1051 3039 cum
1067 2975 1116 3040 illo
1135 2979 1253 3061 generis

108 3074 244 3162 Angelos
266 3077 367 3139 eodem
390 3086 519 3160 tempore
540 3075 706 3160 productos.

201 3175 267 3242 Hoc
288 3177 377 3262 igitur
402 3180 464 3242 lere
490 3187 581 3241 totum
609 3185 654 3240 est
676 3175 798 3240 interius
819 3173 994 3242 Pleromatis
1016 3177 1251 3262 instrumentum,
1272 3192 1333 3265 cap.
1348 3197 1406 3254 xv,

109 3281 184 3344 haec
200 3279 275 3344 male
293 3280 390 3344 allecti
409 3301 444 3343 ac
457 3279 661 3365 propemodum
678 3277 800 3342 extincti
816 3278 930 3343 honoris
948 3280 1114 3362 calamitas,
1139 3285 1204 3349 (lum
1222 3284 1251 3349 io

109 3380 329 3467 inquisitionem
345 3401 412 3446 sese
425 3379 521 3445 Patris
536 3381 689 3446 intendens
705 3379 890 3464 orulbplieem
904 3381 933 3444 iu
949 3383 1098 3448 materiam
1114 3385 1254 3472 dispargi-

111 3495 172 3548 tur.
214 3481 297 3548 llaeo
312 3482 473 3569 sexangula
489 3481 634 3560 Termini,
659 3479 989 3569 Sumelocennensis,
1014 3482 1180 3571 Carpistae
1205 3485 1255 3552 Fi·

110 3582 229 3663 uitoris,
253 3605 288 3649 ae
302 3583 492 3650 Traductoris
507 3584 680 3669 compactio.
725 3581 807 3649 llaec
825 3585 931 3672 prioris
947 3583 1070 3668 Christi,
1095 3585 1255 3674 Sanctiqoe

111 3683 240 3772 Spiritus
264 3707 303 3752 ex
322 3686 500 3774 poenitentia
515 3683 613 3752 Patris
630 3687 737 3751 ceteris
752 3686 904 3752 Aeooibus
924 3699 1020 3754 aetate
1037 3692 1183 3776 posterior
1202 3713 1254 3777 gc·

111 3789 243 3870 uenatio,
266 3809 301 3854 ac
316 3789 437 3856 secundi
452 3786 580 3870 Christi,
603 3809 688 3874 quem
703 3799 732 3854 et
750 3785 934 3856 Salvatorem
950 3792 1115 3872 nominant,
1140 3814 1179 3858 en
1194 3795 1255 3860 eol·
1349 3783 1356 3794 ’

112 3974 238 4027 Christum
253 3986 280 4028 et
293 3977 453 4038 Sermonem,
470 3975 502 4028 tle
517 3975 624 4044 patritia.
642 3986 668 4028 et
737 3977 775 4032 12.
792 3980 842 4032 τῶι
858 3981 909 4031 aab
925 3983 978 4031 l'an.

111 4043 201 4096 omnia
216 4043 293 4105 iam,
311 4055 339 4095 ot
351 4063 382 4096 ex
396 4044 504 4096 omnium
517 4051 567 4097 ctlt.
602 4048 668 4096 utun
736 4047 943 4100 Graxa-1.
957 4045 1023 4102 aurai
1038 4047 1126 4116 μικρὸν
1139 4053 1256 4103 aaanll·

111 4127 192 4163 mnaea
206 4113 289 4164 babeat
303 4111 347 4166 aul
363 4109 428 4167 κατὰ
443 4109 531 4166 πάντα.
565 4117 668 4176 hucpo-
701 4119 746 4168 ltus
760 4121 781 4166 rt
798 4115 878 4166 Petam

111 4183 218 4232 ιιιίιιιιιιιι
229 4177 296 4236 κατὰ
305 4183 395 4244 Bttttur,
407 4183 545 4243 timeamus,
559 4183 669 4234 Petuntur
742 4183 766 4236 2.
791 4184 864 4246 Vulgo
890 4189 954 4235 catat
978 4183 1085 4238 zetam.
1129 4189 1166 4251 cl.
1183 4202 1257 4252 rupta

111 4251 200 4311 albana
213 4252 284 4311 mans
300 4249 422 4300 octauam
437 4263 485 4301 aare
498 4254 634 4300 autumant.
701 4265 755 4314 cop.
767 4249 804 4302 13.

148 4315 187 4368 11.
207 4318 244 4368 tta
252 4319 438 4368 montescot.
446 4317 536 4370 Innuet
547 4320 669 4380 interprete
735 4319 760 4372 3.
776 4319 812 4372 tta
822 4322 1198 4386 nuucmuuoerueecnuaoo
1208 4325 1257 4376 1η-

111 4387 134 4433 at
149 4395 179 4433 aa
197 4385 348 4447 Theodmdc,
371 4399 439 4436 unna
453 4387 599 4447 postulante,
615 4399 668 4436 oum
700 4391 754 4440 neat
767 4389 876 4438 walnas.
902 4391 975 4450 Vulpc
987 4395 1051 4438 estat
1064 4385 1195 4456 ἱξᾶγωιος.
1221 4393 1256 4454 Os.

112 4453 193 4514 ltr'tlto,
209 4453 323 4503 theutona
336 4454 438 4514 buccea,
457 4454 588 4514 human,
604 4455 668 4504 attia·
701 4457 812 4508 hlumaett
828 4457 966 4506 adsumam
982 4459 1015 4506 ou
1032 4458 1090 4509 hera
1105 4473 1133 4522 p.
1144 4459 1183 4511 lb.

112 4531 166 4582 per.
198 4521 261 4570 llam
275 4521 346 4584 eulpa
362 4525 425 4572 catat
444 4513 534 4574 ababa.
735 4521 761 4577 t.
779 4519 884 4577 αἰωνίων
901 4525 952 4575 aad.
966 4525 1022 4578 Vm.
