3008 4996
265 269 326 330 ‘200
681 277 800 327 SANCTI
820 275 988 328 ΕΡῙΡΗΑΝΙΙ

268 395 309 473 νίς
320 393 378 478 ήδη
390 403 543 475 προεῖπον,
561 389 724 475 άξιοίματος
738 395 772 458 έν
783 397 820 480 τῇ
835 388 928 457 αὐτοῦ
939 395 1079 480 βασιλείᾳ.
1117 393 1241 477 Κάμητα
1253 393 1308 480 γάρ
1322 392 1398 459 αάτδν

147 524 197 569 νει.
211 511 253 554 ¹³⁸·
267 498 439 578 κατέστησε,
460 493 559 578 φήσας
575 492 655 583 αὐτῷ
670 497 761 559 αἰτεῖν
779 492 868 558 πάλιν
885 492 902 558 δ
920 492 1070 576 βούλεται·
1087 491 1105 559 ά
1122 496 1154 560 δέ
1171 493 1258 562 οάδέν
1276 495 1400 586 ᾐτήσατο,

144 589 147 600 ’
270 595 347 682 πλήν
362 601 447 663 τοῦτο
464 598 600 681 μέγιστον
615 595 742 682 χάρισμα
755 603 852 678 τυχεῖν
868 592 949 680 παρά
963 602 1018 660 τοῦ
1033 597 1184 680 βασιλέως,
1205 595 1238 662 τά
1254 600 1400 683 ἐπιτραπή
1494 667 1495 684 ρ

269 728 319 766 ναι
335 701 385 763 καί
405 696 454 762 διά
470 697 692 783 προςτάγματος
706 701 860 779 βασιλικοῦ
872 699 1065 779 οἰκοδομῆσαι
1083 704 1201 787 Χριστῷ
1214 701 1363 783 ἐκκλησίας
1376 701 1402 764 ἐν

269 811 334 878 ταῖς
353 799 453 866 πόλεσι
473 801 524 864 καί
544 797 659 882 κοίμαις
677 805 738 863 ταῖν
752 797 917 864 Ἰουδαίων.
950 795 1052 864 Ἔνθα
1068 825 1113 876 τις
1129 798 1199 865 οάδέ
1214 827 1285 867 ποτε
1302 805 1403 884 ίσχυσεν

270 908 466 985 οἰκοδομῆσαι
484 905 650 982 ἐκκλησίας,
673 900 723 965 διά
737 898 770 965 τί
789 897 860 983 μήτε
868 899 1012 982 Ἕλληνα,
1035 899 1107 984 μήτε
1121 906 1321 986 Σαμαρείτην,
1343 902 1403 986 μήτε

273 1002 449 1090 Χριστιανάν
463 1004 552 1086 μέσον
566 999 665 1066 αάτιῦν
679 998 761 1066 εἶναι.
809 1009 903 1067 Τοῦτο
919 1003 952 1068 δὲ
967 1000 1087 1083 μάλιστα
1104 1006 1137 1068 ἐν
1155 1003 1306 1088 Τιβεριάδι
1319 1007 1367 1070 καί
1379 1007 1404 1069 ίν

269 1109 491 1193 Διοκυισαρείρ,
513 1099 548 1194 τῇ
562 1106 613 1168 καί
628 1105 814 1190 Σεπφουρίν,
835 1105 886 1168 καί
900 1105 934 1168 ἐν
947 1105 1080 1190 Ναζαρὲτ
1094 1108 1145 1170 καί
1160 1107 1191 1170 ἐν
1207 1105 1404 1193 Καφαρναοῦμ

270 1207 446 1291 φυλάσσεται
467 1203 535 1289 παρ’
557 1203 658 1280 αιίτοῖς
681 1211 758 1270 7τοῦ
780 1201 821 1286 μή
842 1201 917 1269 είναί
941 1211 1029 1270 ἱἐτιναι
1051 1203 1139 1272 άλλου
1160 1209 1278 1284 ἔθνους.

134 1308 200 1374 Κεφ·
218 1302 259 1377 ιβ’·
353 1306 468 1391 Λαβοίν
489 1307 521 1371 δέ
542 1303 561 1372 0‘
580 1303 728 1388 ’Ῑοίσηπος
748 1304 784 1371 τά
804 1303 960 1391 γράμματα
979 1309 1032 1372 καί
1051 1306 1105 1389 τήν
1123 1309 1258 1386 ἐξουσίαν
1274 1309 1345 1392 μετά
1360 1316 1405 1375 τοῦ

269 1410 434 1494 άξιοίματος
448 1410 497 1474 ἐπί
513 1407 568 1491 τήν
587 1406 745 1492 Τιβεριάδα
760 1399 846 1490 ήκεν,
868 1409 941 1490 έχων
955 1410 1005 1473 καί
1019 1407 1171 1484 ἐπιστολάς
1184 1407 1244 1475 άπδ
1260 1419 1320 1476 τοῖν
1334 1416 1406 1495 βασν

269 1521 360 1578 λινοῦν
374 1510 554 1590 άναλίσκειν,
576 1507 646 1574 άλλοί
660 1511 711 1573 καί
726 1506 815 1584 αάτδς
830 1506 976 1590 α’ψοονίοτς
991 1508 1072 1594 παρά
1084 1517 1137 1576 τοῦ
1150 1513 1291 1594 βασιλέως
1303 1539 1405 1596 τετιμη·

269 1617 365 1699 μένας.
398 1611 536 1695 Ἀρχεται
554 1619 628 1696 γοῦν
646 1613 678 1676 ἐν
699 1609 849 1697 Τιβεριάδι
869 1615 981 1688 κτίζειν.
1025 1610 1110 1687 Ναὸς
1131 1612 1164 1677 δέ
1182 1613 1315 1698 μέγιστος
1331 1618 1408 1703 έντή

268 1714 351 1781 πόλει
371 1720 561 1799 προϋπῆρχε,
590 1711 663 1794 τάχα
679 1709 763 1795 οίμαι
782 1709 981 1797 ΙἈδριοίνειον
996 1720 1083 1780 τοῦτο
1102 1712 1241 1779 ἐκάλουν·
1270 1712 1365 1792 άτελές
1381 1716 1408 1780 δέ

269 1823 356 1882 τοῦτο
378 1814 410 1880 τά
431 1812 612 1898 Ἀδριάνειον
633 1816 771 1896 διαμένον
790 1811 863 1897 τάχα
881 1817 913 1879 οί
932 1823 1048 1880 πολῖται
1070 1818 1111 1890 είς
1131 1815 1275 1898 δημόσιον
1292 1815 1410 1902 λουτρδν

271 1922 428 2001 ἐπειρῶντο
449 1914 647 1981 ἐπισκευάσαι.
681 1914 776 1999 ’Όπερ
793 1912 887 2000 εῦριδν
904 1912 922 1981 ά
939 1913 1085 1998 Ἰοίσηπος
1104 1920 1137 1982 ἐκ
1152 1916 1259 1983 τοῦτου
1276 1917 1329 2000 τήν
1344 1917 1410 2003 πρά-

271 2041 363 2100 φαστν
377 2020 455 2100 ἐσχε,
477 2019 527 2083 καί
543 2014 584 2094 τίς
601 2015 684 2099 ’ἤδη
698 2010 764 2102 εῦρε
778 2015 828 2082 διά
842 2017 1027 2102 τετραπήχοτν
1043 2023 1139 2083 λίθοιν
1156 2021 1340 2103 τετραπέδων
1360 2023 1411 2094 ἐυς

271 2121 373 2201 ῦψους
385 2117 465 2194 τινάς
479 2116 723 2204 άνεγηγερμένον,
746 2121 885 2184 ἐντεῦθεν
900 2117 1015 2203 άρχεται
1030 2131 1183 2186 ποιεῖσθαι
1197 2129 1252 2204 τῆς
1265 2123 1411 2204 ἐκκλησίας

272 2221 325 2304 τήν
341 2222 514 2302 ἐπιμέλειαν.
555 2219 712 2302 Ἀσβέστου
731 2219 762 2285 δέ
777 2213 816 2306 ήν
834 2224 929 2306 χρεία,
959 2223 1011 2286 καί
1028 2229 1081 2304 τῆς
1099 2221 1184 2304 άλλης
1198 2221 1278 2305 ῦλης.
1321 2226 1410 2304 Καμί-

272 2349 343 2398 νονς
360 2326 461 2388 τοίνυν
478 2325 589 2399 ἐξαῦεν
606 2328 659 2404 τῆς
675 2319 789 2397 πόλεως
805 2320 912 2398 πολλοῖς
929 2323 1086 2407 προςέταξε
1099 2325 1250 2408 γενέσθαι,
1278 2321 1350 2407 τάχα
1363 2321 1412 2388 τάν

274 2422 405 2507 άριθμάν
419 2421 505 2488 ἐπτά·
536 2421 707 2508 φοάρνακας
722 2424 754 2488 δέ
771 2426 932 2509 ἐπιχωρίως
946 2423 1054 2500 ταύτας
1067 2432 1214 2491 καλοῦσιν.
1261 2429 1300 2490 Οί
1313 2427 1345 2491 δέ
1360 2429 1412 2488 δει-

272 2529 321 2592 νοί
335 2527 387 2590 καί
402 2523 477 2609 πρὸς
493 2532 553 2589 πᾶν
566 2527 737 2608 ἐπιχείρημα
751 2521 886 2607 εῦτολμοτ
897 2522 1042 2591 Ἰουδαῖοι
1056 2533 1109 2608 τῆς
1122 2525 1190 2609 παρ’
1203 2524 1303 2602 αὐτοῖς
1319 2524 1362 2592 άελ
1374 2552 1413 2612 γι·

272 2629 398 2710 νομένης
418 2630 592 2711 μαγγανείας
614 2624 670 2691 οάκ
693 2623 876 2709 δάπείχοντο.
918 2631 1065 2703 Ματείαις
1085 2626 1140 2713 γάρ
1160 2652 1219 2693 τισι
1238 2630 1290 2693 καί
1307 2653 1413 2712 περιερ·

273 2735 352 2815 γίατς
367 2727 399 2794 τά
416 2735 476 2813 πῦρ
490 2714 652 2810 καταδεῖσαι
664 2730 695 2793 οί
706 2731 843 2814 γεννάδαι
855 2725 998 2794 Ἰουδαῖοι
1010 2731 1212 2812 ἐπετρίβησαν,
1234 2727 1293 2794 ἄλλ’
1306 2727 1361 2794 οῦκ
1375 2731 1414 2801 είς

275 2833 356 2906 τέλος
370 2833 500 2912 ίσχυσαν.
536 2827 639 2915 Ἥργετ
650 2835 723 2914 γοῦν
735 2827 768 2894 τά
782 2835 854 2912 πῦρ,
875 2831 926 2894 καί
940 2826 995 2895 οῦκ
1010 2825 1158 2914 ἔπραττεν,
1179 2829 1250 2896 άλλά
1264 2839 1318 2914 τῆς
1332 2834 1415 2908 ίδίας,

275 2929 317 3008 τίς
332 2935 433 3009 εἰπεῖν,
456 2929 574 3012 φάσεως
588 2927 671 3007 ἐκτδς
684 2931 806 3016 ἐγένετο.
846 2928 899 3006 Ὡς
914 2931 945 2996 δέ
956 2934 991 2996 οί
1000 2931 1055 3014 τήν
1066 2931 1228 3014 καυστικὴν
1241 2931 1313 3016 ῦλην
1326 2959 1416 3015 παρα·

275 3032 390 3118 βάλλειν
403 3040 444 3120 τῷ
459 3033 531 3117 πυρί
546 3033 777 3117 ἐπιτεταγμένοι,
805 3033 883 3114 φημί
899 3033 931 3097 δέ
947 3030 1104 3117 βάπακας,
1133 3031 1183 3097 εἴτ’
1199 3025 1254 3098 οῦν
1270 3033 1416 3119 φρύγανα,

275 3136 460 3220 παραθέντες
471 3129 527 3198 οῦκ
542 3131 694 3219 ἐνήργουν,
710 3140 752 3220 τρῖ
764 3130 901 3222 Ἰωσήπῳ
914 3131 947 3199 τά
962 3135 1095 3219 πραχθὲν
1108 3133 1264 3217 έσήμαναν.
1290 3135 1417 3217 Δηχθείς

275 3229 331 3302 νῦν
344 3233 398 3319 τήν
412 3236 508 3318 φρίνα
524 3231 542 3300 ά
556 3233 649 3320 άνήρ,
668 3236 719 3301 καλ
735 3232 809 3322 ζήλρο
825 3231 930 3317 άρθείς
944 3243 984 3322 τῷ
998 3233 1074 3320 πράς
1090 3235 1142 3300 τάν
1156 3235 1275 3320 κύριον,
1297 3239 1418 3320 ἔδραμεν

275 3340 330 3415 ἐξω
344 3344 397 3419 τῆς
412 3335 539 3414 πόλεως,
566 3339 617 3401 καί
631 3334 712 3421 ῦδοιρ
729 3334 865 3412 κελεύσας
880 3339 1036 3420 ἐνεχθῆναι
1053 3339 1084 3401 ἐν
1101 3335 1198 3422 άγγει,
1227 3339 1260 3402 ἐν
1274 3333 1415 3421 καμψάτη

275 3441 353 3520 φημί
371 3437 544 3520 (κακοῦβιον
558 3437 590 3502 δέ
606 3443 692 3502 τοῦτο
709 3439 741 3501 οί
753 3435 903 3522 ἐπιχαίριοτ
917 3445 1066 3518 καλοῦσι),
1087 3437 1186 3520 λαβοίν
1198 3437 1231 3504 τά
1244 3437 1315 3504 αάτδ
1332 3437 1417 3522 ῦγγνς

274 3547 329 3604 τοῦ
351 3538 460 3615 ῦδατος
483 3537 611 3604 ἐνοίκιον
632 3538 750 3604 πάντων
769 3543 988 3623 (συνηθροίσθη
1010 3541 1042 3604 δέ
1059 3546 1178 3623 πλῆθος
1192 3537 1349 3606 Ἰουδαίαν
1368 3537 1417 3602 ἐπὶ
1494 3555 1495 3614 γ

274 3639 329 3726 τήν
342 3642 427 3719 δίαν,
450 3639 507 3705 4τί
523 3637 749 3724 άποβησάμενον
762 3643 834 3704 ίδεῖν
850 3639 1072 3720 σπουδάζοντες,
1094 3643 1145 3706 καί
1158 3640 1204 3706 ὅτι
1218 3639 1418 3724 ἐπιχειρήσειεν

155 3767 205 3812 νει·
219 3739 417 3824 131·Ἰοίσηπος
437 3740 598 3826 πράττειν),
626 3740 734 3830 μεγάλη
754 3745 790 3829 τῇ
812 3749 899 3829 φωνῇ
917 3738 935 3806 o‘
953 3740 1026 3826 άνήρ
1044 3749 1174 3825 σταυροῦ
1192 3747 1339 3827 σφραγῖδα
1358 3741 1419 3806 ἐπι·

274 3845 341 3919 θείς
362 3851 402 3932 τρῖ
425 3840 506 3928 άγγετ
527 3840 576 3906 διά
596 3847 650 3907 τοῦ
667 3845 744 3907 ἰδίου
762 3841 922 3921 δακτύλου,
950 3843 1001 3907 καί
1019 3842 1262 3926 ἐπικαλεσάμενος
1277 3842 1310 3909 τά
1327 3841 1419 3922 ὄνομα

271 3931 383 4026 Ἰησοῦ,
406 3941 486 4008 είπεν
500 3941 609 4022 οῦτοις,
630 3941 679 4008 Ἐν
693 3941 816 4025 α’νάματι
828 3941 925 4026 Ἰησοῦ
940 3952 994 4008 τοῦ
1013 3949 1204 4028 Ναζωραίου,
1227 3937 1264 4012 οῦ
1278 3942 1420 4028 ἐσταάρυ-

274 4066 329 4109 σαν
343 4048 375 4110 οί
389 4047 511 4131 πατέρες
526 4071 584 4127 μου
599 4047 651 4110 καί
666 4043 779 4111 τοῦτον
793 4043 911 4110 πάντων
928 4052 986 4110 τοῖν
1002 4045 1216 4129 περιεστάτων,
1238 4048 1354 4130 γίνηται
1370 4037 1420 4106 δά-

273 4171 360 4228 ναμις
377 4145 518 4234 ἐντούτῳ
535 4151 575 4235 τῷ
590 4144 686 4225 ῦδατι,
709 4147 750 4221 είς
767 4143 908 4227 άθίτησιν
926 4145 1024 4228 πάσης
1039 4151 1223 4230 φαρμακείας
1236 4150 1286 4212 καί
1301 4148 1420 4231 μαγείας

273 4237 311 4328 ἧς
333 4237 416 4312 οῦτοι
440 4251 583 4330 ἔπραξαν,
613 4249 663 4313 καί
682 4249 723 4323 είς
741 4249 886 4334 ἐνέργειαν
902 4245 1055 4330 δυνάμεως
1071 4255 1113 4338 τῷ
1130 4250 1203 4334 πυρί
1221 4249 1262 4326 είς
1276 4246 1309 4314 τά
1328 4249 1418 4314 έπιεε·

305 4401 329 4452 7.
347 4403 452 4452 funum
464 4399 492 4455 τδ
505 4418 548 4465 ριο
559 4404 603 4455 τοῦ
614 4403 779 4453 restituendum
788 4407 830 4453 ττι.
898 4401 957 4452 διε.
973 4403 1032 4453 x11.
1051 4431 1084 4443 -
1104 4404 1124 4454 1.
1145 4405 1180 4466 Cf.
1197 4407 1297 4455 σαιααεκ
1308 4407 1333 4452 ia
1345 4403 1422 4463 Spar·

304 4467 328 4520 8.
346 4485 400 4520 τινα
416 4485 462 4520 ποτε
479 4473 547 4520 habet
562 4473 613 4521 αοδ.
633 4473 705 4520 Varie.
863 4473 920 4521 λλοιι.
936 4486 961 4533 μ.
971 4469 1012 4524 26.
1030 4476 1050 4522 τί
1064 4487 1088 4534 ρ.
1104 4471 1157 4524 170.
1172 4474 1209 4522 εδ.
1226 4475 1300 4523 Paris.
1314 4468 1384 4522 162⁰.
1400 4465 1419 4524 ί·
