3036 4998
247 270 309 334 362
670 279 791 332 ελωσεε
808 279 977 332 nummu

247 396 299 482 την
314 398 347 464 δέ
364 401 528 482 δωδεκαετῆ
544 397 697 484 παρθένον
710 398 824 480 έκείνην
841 393 896 480 τήν
912 401 967 464 τοῦ
980 393 1220 483 ιίρηισνναγοίγου
1234 396 1391 484 θυγατέρα,

247 500 286 583 ἣν
307 498 426 576 έπιστοίς
445 497 463 566 ό
485 499 589 587 κύριος
610 501 643 566 ίκ
664 507 776 585 νεκρῦν
796 498 910 586 ἤγειρε,
942 498 1037 568 τύπον
1058 496 1134 566 εῖναι
1154 501 1325 585 διηγοῦνται
1344 505 1393 582 τῆς

246 601 397 688 Ἀγαμοῖθ,
413 601 451 686 ἣν
467 598 694 680 1έπτκταθείςύ
710 600 837 688 Χριστός
852 599 975 670 ἀύτοῖν
988 601 1153 688 ἐμόρφωσε,
1169 603 1221 668 καί
1234 603 1276 680 είς
1290 604 1394 684 αίσθη·
1489 650 1490 692 ρ

247 726 295 771 σιν
310 703 399 791 ἤγαγε
415 712 468 771 τοῦ
484 703 695 781 καταλιπόντος
714 702 830 789 *αύτύν
846 703 955 786 φωτός.
988 702 1058 770 ’Ότι
1076 705 1108 772 δλ
1125 700 1199 794 αύτῇ
1217 705 1363 786 έπέφανεν
1380 699 1397 770 ό

247 805 353 893 Σωτὴρ
368 806 452 884 ἐκτός
467 805 569 898 4ούσγγ
583 815 636 874 τοῦ
653 805 865 893 Πληρείματος,
882 809 914 874 έν
927 805 1113 892 έκτροίμαεος
1126 811 1227 895 μοίρρι,
1245 804 1300 874 τόν
1315 812 1397 870 Παῦ-

118 893 125 900 ’
246 919 297 976 λον
316 912 450 996 λέγουσιν
468 911 614 998 εἰρηκέναι
634 911 667 976 δν
687 917 723 999 τῇ
742 907 867 1000 ὅπροίτργ
889 908 966 996 πρός
984 913 1183 994 Κορινθίους,
1204 907 1351 993 Ἔσχατον
1366 908 1397 974 δὲ
1490 956 1491 1010 ρ

232 1011 365 1079 ιπύντων
382 1010 504 1098 ω’ςπτρεῖ
519 1020 560 1102 τῷ
575 1010 738 1100 ἐκτρώματι
753 1010 846 1094 ν’όφθη
860 1010 958 1095 κύμοί.
1006 1009 1066 1096 Τήν
1077 1037 1108 1078 τε
1122 1009 1193 1096 μετύ
1208 1017 1268 1078 τῶν
1282 1008 1398 1094 ἡλικιω-

246 1121 305 1180 τῶν
326 1121 381 1180 τοῦ
396 1121 538 1201 Σωτῆρος
554 1119 720 1200 παρουσίαν
738 1112 815 1200 πρός
836 1111 890 1196 τήν
906 1111 1047 1198 Ἀχαμύθ
1064 1111 1175 1196 όμοίεος
1192 1113 1395 1199 πεφανερωτέ-

244 1243 294 1281 ναι
316 1215 406 1283 αύτόν
427 1219 459 1284 έν
481 1225 517 1308 τῇ
539 1214 613 1308 αύτῇ
637 1219 772 1307 ἐπιστολῇ
794 1214 929 1296 είπόντα,
962 1223 1019 1282 Δεῖ
1036 1214 1091 1299 τύν
1112 1225 1237 1303 γυναῖκα
1258 1214 1396 1298 κύλνμμα

246 1322 320 1403 ἔχειν
338 1321 387 1386 ἐπὶ
403 1326 457 1402 τῆς
473 1327 603 1402 κεφαλῆς
621 1319 671 1386 διαί
687 1318 758 1396 τούς
774 1317 935 1405 Ἀγγέλους.
980 1320 1041 1386 Καί
1057 1317 1105 1386 ότι
1118 1318 1244 1402 ἥκοντος
1260 1324 1315 1384 τοῦ
1332 1325 1395 1384 Σο·

245 1429 335 1508 τῇρος
347 1420 424 1508 πρός
437 1420 531 1506 αύτήν
546 1419 584 1488 δι’
598 1419 673 1488 αἰδοῖ
688 1421 826 1506 κόλνμμα
839 1423 961 1488 έπέθετο
980 1418 1023 1504 θη
1038 1418 1194 1506 Ἀχαμοίθ,
1216 1421 1333 1488 Menoe«
1347 1445 1395 1485 πε·

245 1526 401 1607 ποιηκέναι
417 1522 564 1610 φανερόν,
585 1521 724 1608 κόλυμμα
742 1527 869 1609 θέμενον
887 1525 938 1590 έπλ
955 1522 989 1590 τό
1006 1522 1166 1608 πρόςωπον
1185 1519 1288 1590 αύτοῦ.
1335 1523 1395 1586 Καί
1492 1568 1493 1574 1

245 1625 281 1695 τοί
299 1625 386 1710 πύθη
402 1629 435 1693 δέ
453 1625 560 1710 αὐτῆς,
590 1625 610 1692 ἃ
628 1629 756 1709 λπαθεν,
788 1629 1055 1710 ίπισεσημειοῖσθαι
1071 1625 1123 1694 τόν
1140 1624 1245 1712 κύριον
1262 1623 1394 1706 φύσαντ-

245 1751 291 1794 σιν
306 1732 338 1796 έν
354 1736 395 1818 τῷ
411 1736 543 1818 στανρρῖ,
571 1731 623 1795 καλ
639 1731 671 1796 έν
686 1730 739 1814 μέν
753 1736 794 1819 τῷ
808 1732 915 1809 είπεῖν,
941 1726 974 1794 ‘O
992 1727 1066 1805 θεός
1081 1755 1139 1812 μου
1157 1731 1200 1805 είς
1213 1732 1240 1794 τί
1254 1730 1392 1814 έγκαεέλι·

245 1833 298 1909 πές
320 1855 370 1912 μις
398 1831 594 1914 μεμηνυκέναι
613 1828 704 1898 αύτύν
722 1831 767 1909 ότι
785 1829 950 1916 όπελαίφθη
972 1827 1031 1898 ύπύ
1053 1839 1108 1901 τοῦ
1126 1829 1226 1912 φωτός
1245 1827 1267 1915 ἡ
1283 1833 1394 1912 Σοφία,

245 1936 296 2000 καὶ
317 1932 454 2016 ἐκωλύθη
476 1931 535 2000 ύπύ
555 1933 715 2019 τοῦὍρου
732 1939 785 2016 τῆς
803 1937 846 2012 είς
861 1932 1072 2020 τούμπροσθεν
1088 1931 1196 2018 όρμῖγς·
1227 1930 1281 2016 τὴν
1299 1934 1331 1998 δέ
1347 1929 1394 1998 λύ-

245 2063 306 2118 πην
320 2033 412 2118 αύτῖγς
427 2038 458 2102 έν
473 2044 514 2124 τρῖ
530 2039 637 2116 είπεῖν,
661 2035 831 2123 Περίλυπός
843 2034 956 2120 ἐστινὴ
974 2035 1056 2121 ψυχή
1071 2061 1132 2120 μον
1148 2038 1227 2112 λέως
1241 2033 1392 2102 θανᾶτου·

244 2137 297 2205 τόν
311 2139 343 2204 δὲ
360 2135 459 2221 φόβον
473 2140 505 2206 έν
520 2145 562 2227 τρῖ
580 2141 684 2218 εἰπεῖν,
709 2137 825 2222 Πάτερ,
854 2140 882 2204 εί
897 2137 1038 2218 δυνατόν,
1066 2139 1237 2222 παρελθέτω
1253 2135 1305 2203 ἄπ’
1322 2139 1394 2219 έμοῦ

243 2239 277 2308 τό
300 2239 456 2327 ποτήριον·
487 2242 536 2308 καί
559 2239 613 2324 τὴν
636 2237 763 2326 οίπορίαν
779 2241 812 2308 δὲ
831 2240 970 2318 σίςαύτως
986 2243 1019 2308 έν
1036 2249 1077 2330 τῷ
1096 2242 1258 2327 είρηκέναι,
1290 2241 1352 2306 Καὶ
1366 2241 1393 2304 τί

245 2347 319 2410 είπω
333 2340 388 2410 ούκ
402 2339 478 2410 οίδα.
520 2348 593 2430 Τρία
606 2344 639 2409 δέ
652 2345 722 2429 γένη
738 2341 910 2430 ύνθρεόπων
923 2342 1020 2420 οὕτως
1034 2345 1191 2428 δεδωχέναι
1202 2340 1394 2410 διδάσκουσιν

246 2442 352 2524 αύτόν,
374 2443 424 2512 τόν
440 2447 493 2530 μὲν
508 2443 611 2514 ύλικόν
628 2448 659 2512 έν
674 2453 717 2535 τρῖ
732 2443 959 2534 8οίποκριθῆναι
973 2453 1014 2535 τῷ
1027 2447 1155 2532 λίγυντι,
1177 2442 1395 2528 Ἀκολουθήσω

246 2569 307 2626 σοις
340 2545 404 2614 Ούκ
426 2552 483 2632 έχει
503 2545 522 2616 ό
543 2546 609 2625 υἱός
630 2554 683 2614 τοῦ
700 2547 867 2634 όνθροίπου
881 2557 940 2614 ποῦ
957 2547 1012 2632 τὴν
1028 2546 1159 2631 κεφαλὴν
1175 2555 1284 2614 κλῖναι·
1315 2545 1394 2614 τόδλ

245 2649 375 2734 ψνγικόν
392 2653 423 2716 έν
438 2657 479 2740 τῷ
497 2652 649 2736 ιίρηκέναι
660 2657 701 2739 τῷ
717 2647 846 2732 είπόντι,
874 2649 1085 2735 Ἀκολουθήσω
1101 2674 1165 2730 σοι,
1186 2652 1348 2735 ἐπίτρεψον
1363 2649 1395 2714 δι’

246 2779 297 2836 μοι
315 2759 432 2840 πρῶτον
450 2751 657 2832 ἀποτάξασθαι
676 2759 762 2829 9τοῖς
778 2756 811 2821 έν
824 2760 865 2843 τρῖ
883 2757 956 2846 οίκρι
971 2779 1048 2837 μου,
1081 2750 1189 2829 Ούδιῖς
1206 2752 1252 2819 ἐπ’
1267 2750 1395 2840 ίίροτρον

245 2854 299 2939 τὴν
312 2865 392 2942 χεῖρα
407 2855 564 2939 έπεβαλοίν,
585 2857 637 2922 καί
652 2857 694 2932 τίς
705 2853 742 2922 τύ
758 2852 853 2922 όπίσω
868 2859 994 2939 βλέπων,
1016 2854 1139 2932 εύθετός
1154 2857 1231 2922 έστιν
1245 2857 1277 2922 έν
1290 2862 1326 2945 τῇ
1342 2858 1395 2937 βα-

126 2988 176 3032 pag.
191 2977 234 3022 ιεσ.
248 2963 339 3048 σιλείρι
353 2965 411 3024 τοῖν
425 2955 569 3044 ούρανοῖν.
618 2964 729 3024 Τοῦτον
744 2955 800 3043 γόρ
813 2959 931 3044 λέγουσι
949 2956 1043 3025 ιοτόν
1057 2960 1146 3040 μέσον
1160 2954 1243 3024 εἶναι.
1287 2954 1396 3024 Kainei-

204 3129 207 3138 ,
244 3087 297 3128 νον
317 3062 349 3126 δέ
368 3058 506 3137 ω’ςαύτως
525 3058 576 3126 τόν
598 3058 634 3126 τό
654 3067 773 3126 πλεῖστα
796 3061 870 3146 μέρη
890 3067 945 3144 τῆς
962 3059 1153 3142 δικαιοσύνης
1175 3055 1396 3145 ύμολογιξσαντα

245 3165 451 3245 πεποιηκέναι,
480 3165 580 3228 ἔπειτα
601 3160 642 3245 μὴ
663 3161 828 3245 θελήσαντα
848 3160 1066 3246 ύιιολουθῆσαι,
1095 3159 1166 3230 α’λλύ
1184 3157 1244 3228 ύπό
1262 3158 1395 3228 πλούτου

244 3263 408 3349 ἡττηθέντα
422 3263 499 3350 πρός
513 3262 545 3330 τό
558 3262 600 3347 μὴ
613 3265 719 3330 τέλειον
731 3265 878 3351 γενέσθαι,
893 3267 944 3332 καί
956 3273 1061 3332 τοῦτον
1075 3269 1128 3334 τοῦ
1142 3271 1275 3348 ψυχικοῦ
1288 3267 1397 3350 γένους

246 3370 395 3455 γεγονέναι
412 3370 541 3434 θέλουσι.
589 3365 628 3432 Τό
648 3367 680 3432 δέ
698 3366 897 3451 πνευματικόν
914 3370 944 3434 έν
961 3376 1002 3460 ερῖ
1018 3371 1126 3446 εἰπεῖν,
1148 3363 1250 3448 ’Λφες
1266 3365 1337 3444 τούς
1352 3391 1398 3432 νε·

246 3469 339 3556 κρούς
354 3469 456 3552 θάψαι
470 3467 540 3546 τούς
556 3471 669 3534 έαντοῦν
682 3468 816 3556 νεκρούς,
838 3468 876 3536 σύ
891 3471 922 3536 δὲ
939 3472 1099 3555 πορευθείς
1115 3467 1259 3554 διύγγιλλε
1273 3468 1330 3553 τὴν
1342 3473 1396 3553 βα-

246 3576 353 3640 σιλείαν
368 3580 422 3640 τοῦ
436 3579 525 3638 θεοῦ·
548 3574 598 3638 καλ
613 3572 663 3638 έπλ
681 3576 829 3655 Ζακγαίου
845 3579 899 3640 τοῦ
915 3571 1041 3642 τελύνσυ
1061 3569 1168 3651 είπύν,
1190 3570 1331 3650 Σπεύσας
1344 3599 1397 3638 κα·

246 3675 373 3763 τύβηθι,
405 3674 451 3742 ύτι
469 3673 596 3760 σήμερον
613 3676 644 3742 ἐν
660 3681 700 3763 τρῖ
719 3677 792 3764 οίκρι
813 3695 868 3740 σου
887 3678 936 3742 δεῖ
954 3701 990 3759 με
1007 3684 1117 3759 μεῖναι·
1151 3673 1320 3752 11τούτους
1341 3673 1396 3762 γύρ

246 3784 447 3862 πνευματικοῦ
461 3779 563 3864 γένους
574 3778 796 3862 καταγγέλλουσα
807 3779 964 3864 γεγονέναι.
993 3778 1054 3842 Καὶ
1066 3776 1119 3862 τὴν
1130 3783 1182 3861 τῆς
1191 3775 1286 3860 ζύμης
1300 3803 1396 3863 παρα-

246 3879 353 3965 βολὴν,
380 3881 419 3964 ἣν
439 3877 503 3964 1λῆ
519 3877 593 3966 γυνὴ
610 3880 820 3964 έγκτκρνφέναι
833 3881 945 3965 λέγεται
961 3883 1003 3958 τίς
1017 3877 1142 3966 ύλεύρου
1161 3878 1236 3946 σύτο
1249 3883 1330 3964 τρία,
1361 3876 1397 3944 τύ

246 3989 311 4070 τρία
329 3985 398 4070 γένη
416 3987 525 4066 δηλοῦν
542 3983 665 4067 λέγουσι
708 3987 839 4048 Γυναῖκα
855 3983 909 4066 μέν
924 3982 979 4069 γύρ
996 3980 1050 4066 τήν
1064 3987 1184 4066 Σοφίαν
1198 3983 1337 4072 λέγεσθαι
1354 3985 1396 4048 δι-

247 4084 422 4165 δόσκουσιν,
444 4082 568 4170 ύλεύρου
585 4082 659 4149 σύτα
679 4084 754 4149 ι’δὲ
770 4082 806 4149 τό
819 4088 885 4170 τρία
901 4085 968 4171 γένη
983 4092 1042 4154 τοῖν
1059 4081 1243 4171 ύνθρύπων,
1265 4109 1397 4168 πνευμα-

282 4223 341 4277 (ἓιε.
357 4223 465 4276 xxvn.
486 4252 515 4262 -
537 4227 558 4278 l.
576 4219 736 4282 έπεκτανθελς
752 4224 803 4274 cod.
836 4228 975 4310 ωπλαολατρ.
1008 4217 1184 4308 Υυλςρρῦσης.

249 4293 304 4411 γωδ.
322 4363 358 4413 na
375 4361 426 4412 αοδ.
442 4364 510 4424 θοι,
530 4363 670 4412 εοτιεαιιλῖεπε
685 4373 737 4412 eum
755 4361 805 4410 Vct.
836 4293 1139 4424 ωιίιεαίίλωῖύλαίιύίίύτὰ
1150 4293 1202 4346 wa·
1214 4295 1280 4358 Μ’,
1296 4308 1398 4360 mm

247 4431 378 4492 ῖιιλιτγτελε.
413 4431 486 4493 λαῖμα
503 4424 587 4482 αῦτδν.
870 4427 895 4480 6.
912 4423 926 4480 ό
942 4423 1054 4497 α’χαμιδθ
1071 4431 1108 4480 αδ.
1123 4444 1162 4492 γε.

281 4497 305 4547 3.
322 4489 402 4562 αῦτήι
422 4497 458 4547 αδ.
470 4501 546 4559 μήτε.
870 4493 894 4548 7.
912 4493 961 4557 ῖως
984 4493 1091 4550 θανάτου
1112 4499 1184 4548 verba
1207 4513 1249 4552 ιιαε
1270 4499 1324 4550 ενδ.
1342 4501 1396 4551 ven.

281 4563 305 4616 4.
323 4565 359 4615 λλο
372 4565 422 4615 τοδ.
434 4565 498 4628 Vm,
514 4569 535 4614 τι
549 4565 632 4616 nimus
645 4567 694 4616 ῖοπι
707 4567 762 4617 ολλιιι
775 4565 804 4617 δε
837 4567 941 4628 οςεισειίλ
956 4579 998 4617 πιο
1015 4566 1062 4616 Vct.
1078 4567 1176 4629 λυλαρτ.
