2994 5024
357 308 492 362 ransart
508 308 572 362 LIII.
584 309 604 363 I.
621 307 701 364 uolt.
712 309 756 361 ttt.
775 307 874 360 naua.
887 307 969 360 XLII.
1179 299 1241 362 617

88 448 146 492 coa
171 433 236 492 Nou
253 433 329 510 capit
340 433 503 511 prophetam
519 433 611 492 occidi
624 441 706 492 eatru
723 432 909 492 Hierusalem.
956 423 1030 492 Illud
1046 427 1150 492 etiarn:
1173 433 1241 492 ltet-

86 535 232 606 rrrsolem,
254 535 445 606 demenciam,
470 554 541 614 quac
556 536 660 594 occidis
674 534 825 612 propterca
840 543 870 593 ct
882 535 992 611 lapidae
1009 553 1072 606 ecs,
1098 536 1149 612 pai
1160 537 1200 594 od
1215 544 1242 592 tc

86 639 268 709 musicam&
301 634 388 698 item:
420 639 510 716 Saepe
524 639 603 698 colui
614 656 804 715 congregare,
834 636 1032 713 sabutgolla'oc
1046 636 1141 713 pullos
1156 657 1239 708 succ,⁸

85 746 138 798 et:
164 739 347 818 Relinquetur
361 739 438 800 cobis
451 741 548 800 domuc
563 749 670 812 vermo,-
695 747 742 800 et:
765 739 830 798 Noa
845 757 888 798 mc
904 737 1041 809 uidebitis,
1063 740 1150 798 donec
1165 741 1243 799 droa-

86 843 146 912 ta‘s,
172 843 348 901 Benedictus.

178 939 279 1006 lleiut.
297 939 383 1006 XLI.
417 939 494 1006 Vidc
512 941 636 1006 bominis
652 941 820 1020 audaciam,
852 961 886 1004 ac
904 949 1041 1024 quantum
1058 960 1099 1004 cx
1113 960 1242 1024 evauge-

84 1041 130 1106 lio
148 1042 317 1122 subtrahat,
341 1045 579 1128 quemadmodum
599 1045 624 1108 si
642 1044 706 1129 quis
725 1043 841 1106 animali
859 1043 991 1128 quopiam
1009 1043 1038 1105 in
1056 1045 1128 1108 duas
1143 1053 1242 1127 partes

84 1146 218 1209 dissecto
245 1145 392 1210 dimidium
421 1147 484 1210 eius
508 1146 649 1233 imperitis
675 1146 827 1222 ostendat,
858 1167 891 1208 ac
916 1145 1093 1230 persuadere
1117 1155 1241 1212 conetur

85 1247 234 1311 eiusmodi
256 1258 346 1312 totum
369 1248 473 1312 animal
497 1269 582 1328 esse,
610 1270 662 1312 oec
685 1248 712 1312 ei
736 1248 888 1332 quicquam
910 1248 1086 1333 ademptum.

176 1346 277 1414 Sobel.
295 1349 395 1414 XLII.
429 1351 474 1414 tc
492 1351 563 1414 baec
579 1353 721 1436 integram
738 1349 861 1414 abscidit
877 1350 998 1416 duorum
1017 1351 1138 1414 filiorum
1158 1372 1241 1437 para·
1255 1371 1351 1428 euers,
1364 1375 1396 1418 ιι.

83 1450 203 1530 bolam,
227 1452 291 1516 eius
309 1453 446 1516 videlicet
465 1455 514 1538 qui
537 1454 677 1518 bonorum
701 1463 812 1538 partem
834 1452 1010 1530 abstulerat,
1035 1464 1065 1516 et
1086 1452 1218 1516 alterius.

174 1655 278 1722 Reiut.
298 1656 399 1722 XLII.
435 1655 619 1722 simillimum
637 1658 822 1742 maximeque
838 1659 983 1743 geminum
1001 1679 1108 1722 novum
1127 1657 1180 1720 boo
1199 1660 1242 1721 la-

84 1760 173 1824 cinus
192 1770 237 1822 cst
252 1760 306 1837 iis,
331 1760 450 1844 quaein
470 1762 570 1824 codem
587 1771 655 1826 autc
672 1781 782 1845 genere
800 1760 955 1824 commisit.
1001 1757 1087 1843 Quod
1107 1761 1173 1824 buic
1192 1761 1242 1824 uui

83 1863 232 1926 duntaxat
256 1862 348 1926 fraudi
371 1863 443 1942 luit,
476 1885 540 1926 cum
563 1864 664 1928 eadem
690 1863 785 1928 diuina
806 1863 916 1928 veritas
936 1863 1122 1927 nibilominus
1141 1883 1242 1947 perse·

84 1974 187 2029 reret.
232 1983 234 1992 ’

176 2063 278 2132 Sobol.
300 2066 415 2133 XLIII.
450 2075 513 2132 Lea
526 2082 556 2131 ct
564 2071 718 2150 prophetae
735 2090 821 2150 usquc
837 2073 876 2130 ud
891 2072 1037 2142 Ioannem,
1061 2079 1090 2132 et
1107 2072 1195 2130 omncs
1213 2073 1242 2132 c'rr
1257 2089 1396 2149 coprete.

84 2177 165 2234 illud
184 2177 238 2233 cr'm
251 2173 340 2254 sarit.

173 2271 276 2337 liciat.
293 2273 409 2338 XLIII.
444 2271 477 2339 Si
499 2275 590 2358 legem
615 2285 769 2360 percenset
788 2295 823 2338 ac
844 2273 999 2358 propbetas
1019 2285 1240 2348 commemorat,

83 2395 184 2460 neque
201 2386 252 2440 aut
269 2375 310 2439 illi
329 2377 501 2460 pravitatem
519 2377 675 2454 adscribit,
708 2386 758 2440 aut
775 2376 847 2438 istos
866 2376 954 2440 salsos
972 2376 1127 2461 propbetas
1144 2376 1242 2461 appel·

82 2480 141 2559 lat,
167 2479 339 2542 necessario
354 2481 499 2543 latendum
517 2490 563 2543 est
579 2475 727 2544 Christum
741 2477 887 2542 dominum
904 2477 1057 2563 propbetas
1074 2479 1241 2542 testimonio

85 2603 144 2646 suo
166 2582 390 2667 comprobasse,
425 2603 497 2666 quos
521 2602 560 2644 ca
580 2582 681 2645 eodem
702 2581 767 2645 loco
787 2581 822 2644 de
842 2576 961 2645 Christo
980 2577 1154 2644 vaticinatos
1173 2601 1242 2646 esse

84 2683 246 2768 colligitur.

172 2781 404 2850 Scbol.XLIV.
439 2784 485 2850 [le
508 2784 598 2851 divite
619 2795 650 2849 et
670 2783 788 2848 Lazaro
813 2785 962 2863 mendico,
997 2784 1354 2868 praecommonere

85 2888 204 2952 delatus
226 2899 272 2952 cst
293 2889 330 2951 ab
352 2889 464 2974 augelis
486 2890 516 2952 io
536 2889 631 2954 sinum
655 2887 784 2951 Abraac.
821 2941 823 2944 .

172 2989 274 3056 Ilelut.
295 2989 409 3054 XLIV.
445 2987 552 3055 Vidcn'
575 3000 606 3052 at
631 2989 707 3052 iuter
726 2989 811 3053 viros
835 3009 875 3058 ac
900 2989 1002 3052 beatos
1027 2988 1055 3051 in
1083 2989 1131 3052 illa
1162 2989 1239 3052 felici

84 3094 284 3178 sempiternae
309 3093 414 3176 quictis
440 3093 601 3156 hereditate
625 3092 790 3156 Abraamus
812 3092 847 3154 ad
871 3091 968 3154 omino
991 3100 1179 3170 numeretur,
1210 3102 1240 3154 et

85 3195 114 3258 in
134 3195 200 3258 eius
215 3195 281 3258 sinu
297 3193 430 3258 Lazarus
446 3194 632 3279 acquiescat?
674 3191 788 3256 Ilcsioe
805 3193 910 3277 igitur,
934 3190 1068 3270 Marcio,
1092 3193 1239 3256 Abraamo

87 3296 283 3376 maledicere,
316 3297 363 3381 qui
385 3297 532 3360 dominum
551 3295 671 3381 agnovit
685 3315 784 3372 suum,
815 3315 938 3380 eumque
958 3295 1000 3358 sic
1016 3295 1159 3360 allocutus
1176 3306 1237 3357 est:

87 3405 223 3474 llcmc'crc,
248 3405 300 3482 pur·
311 3404 420 3462 r'udc‘cus
434 3405 591 3462 unr'oerscm
608 3411 722 3460 ter-ram.
769 3396 848 3462 Ecce
868 3398 917 3462 tibi
935 3397 1042 3462 Iustum
1057 3398 1132 3462 buno
1148 3397 1390 3476 fuissentsummum

87 3513 213 3566 testatus
232 3513 277 3565 est
293 3502 444 3583 domiuus,
478 3522 531 3564 uec
548 3501 585 3565 ab
602 3521 638 3565 ea
656 3501 733 3580 vita,
765 3521 849 3584 quam
868 3500 998 3564 salvator
1013 3500 1075 3586 ipae
1092 3521 1239 3564 commcn-

89 3604 155 3684 dat,
179 3603 317 3668 alienum.

175 3705 276 3770 Sobol.
294 3705 393 3770 XLV.
428 3710 512 3768 Nurac
533 3729 598 3768 vero
619 3710 666 3768 da'c
687 3707 849 3768 consolabar
870 3709 1012 3766 Lazarus.
1252 3727 1305 3773 tue.
1318 3729 1391 3778 teto

172 3807 273 3872 liciat.
290 3809 390 3872 XLV.
425 3804 499 3872 Cum
521 3807 654 3872 Lazarus
677 3810 706 3871 ia
728 3807 866 3871 Abraami
888 3807 954 3871 sinu
977 3807 1161 3890 consoletur,
1192 3827 1239 3871 se·

90 3909 187 3992 quitur
209 3931 246 3972 ne
265 3910 442 3974 Abraamuro
465 3911 578 3996 quidem
601 3911 694 3996 ipsum
718 3909 813 3973 solatii
836 3929 903 3974 ease
926 3908 1010 3974 buius
1030 3920 1194 3995 expertem.

175 4009 277 4076 Sebol.
294 4013 408 4077 XLVI.
443 4011 528 4076 Dixit
545 4013 686 4088 Abraam,
709 4015 822 4076 Habeat
831 4017 957 4092 Mopsem
974 4024 1002 4074 ct
1013 4015 1177 4093 propbetas,
1202 4017 1238 4074 il·
1250 4033 1306 4078 rort.
1320 4036 1353 4080 aa.

91 4117 131 4176 los
153 4120 287 4178 cudebat:
311 4119 421 4198 olabpuc'
438 4139 527 4198 acque
546 4121 611 4178 siu
633 4120 751 4178 mortuis
772 4121 834 4197 pur's
854 4121 1060 4190 resurrexerat,
1076 4118 1208 4178 ‘oadteat

172 4319 276 4384 uetur.
295 4319 408 4384 XLVI.
441 4318 510 4385 Non
527 4332 661 4406 tauquam
677 4281 713 4384 in'
724 4321 778 4384 boo
793 4320 900 4384 muodo
915 4318 1079 4398 adhaesit,
1103 4331 1133 4383 et
1147 4320 1175 4384 iu
1192 4341 1239 4384 er·

125 4473 162 4526 te
179 4477 243 4526 llaec
258 4477 329 4526 uerbo
350 4474 393 4529 aab
409 4469 518 4536 ἀσώτως
534 4473 648 4542 δαπανή-
718 4471 756 4528 14.
773 4477 852 4538 supra
869 4468 1010 4528 ἀκούουσιν.

94 4555 178 4604 cumo<
193 4557 267 4607 cupra
285 4558 332 4596 aaa
348 4551 478 4597 commum.
