3010 5000
332 323 393 386 530
754 335 873 388 οιαοτι
890 335 1055 389 τειειιιιιιι

331 449 399 516 νεάν
411 448 649 537 προβαινόντων,
670 453 722 518 καί
736 449 809 518 ιιατά
825 449 962 534 διαδοχήν
978 453 1047 516 νίοῦ
1062 451 1174 536 πατέρα
1186 453 1416 534 διαδεχομένου,
1435 452 1467 532 εἰς

333 552 432 638 γενεάς
454 556 538 620 πέντε
560 552 578 620 ό
599 551 673 619 αἰῶν
695 551 820 636 ἑλήλακε.

202 673 269 742 Κεφ.
281 670 316 742 η’,
416 658 476 721 Καί
491 659 590 743 γε’γονε
604 655 667 723 κατ’
681 659 776 722 έκεῖνο
795 662 900 741 καιροῦ
917 653 938 738 ή
954 662 1006 738 τῆς
1019 659 1196 738 Βαβυλῶνος
1212 659 1304 732 κτίσις
1317 657 1353 721 ἑν
1369 663 1408 744 τῇ
1422 663 1466 720 τῶν

328 756 490 845 Ἀσσυρίων
505 767 559 849 γῇ,
589 763 640 826 καί
657 757 675 825 ό
690 757 739 824 ὕπ’
757 756 856 824 αύτῶν
870 760 1081 841 οἰκοδομηθεὶς
1097 757 1160 824 τότε
1174 757 1296 843 πύργος.
1334 749 1465 822 Ἦσανδὲ

329 861 404 928 κατά
425 869 530 927 τοῦτον
551 858 602 928 τόν
622 858 741 947 καιρόν,
771 858 813 936 ῶς
828 860 885 944 ήδη
904 864 935 926 έν
951 871 1016 938 ταῖς
1033 860 1175 948 πρότερον
1192 863 1317 947 αἱρέσεσι
1335 859 1464 946 διηγησό-

329 990 397 1046 μην,
416 962 492 1030 κατά
507 963 559 1031 τόν
573 963 673 1048 είρμόν
688 971 746 1029 τῶν
762 961 824 1029 άνω
841 989 892 1046 μοι
905 970 1010 1048 γενεῶν
1025 969 1303 1049 πραγματενθεισῶν
1319 966 1355 1028 οἱ
1371 963 1465 1037 πάντες

329 1066 588 1151 ἑβδομηκονταδύο
604 1065 708 1152 ίίνδρες
723 1064 774 1132 τόν
792 1063 931 1150 άριθμόν,
954 1063 1076 1150 άρχηγοί
1092 1091 1122 1130 τε
1139 1068 1189 1131 καί
1205 1072 1410 1144 κεφαὲαιῶται
1426 1071 1465 1130 τοῦ

328 1169 381 1251 μὲν
399 1167 469 1251 Χάμ
490 1172 594 1256 γένους
614 1167 840 1256 τριακονταδύο,
871 1171 922 1234 καί
944 1175 997 1234 τοῦ
1019 1166 1144 1250 ιἸόφεθ
1166 1169 1337 1248 δεκαπέντε,
1375 1167 1465 1234 τοῦδέ

330 1270 419 1354 2Σήμ
434 1274 617 1338 εἰκοσιπέντε.
658 1273 717 1337 Καί
731 1270 827 1347 οὕτως
844 1267 862 1336 ό
875 1278 987 1356 πῦργος
1001 1273 1052 1336 καὶ
1066 1267 1087 1353 ή
1101 1270 1245 1352 Βαβυλῶν
1260 1272 1386 1354 ἐγένετο.
1429 1267 1464 1334 Ἔα

327 1372 443 1441 τούτων
464 1373 662 1460 διεσπάρησαν
684 1377 732 1439 έπί
753 1381 850 1440 πᾶσαν
871 1372 923 1456 τήν
944 1379 998 1458 γῆν
1014 1377 1106 1454 φυλαί
1122 1398 1152 1437 τε
1168 1374 1218 1438 καί
1234 1379 1372 1460 γλῶσσαι.
1419 1373 1464 1436 Καί

331 1478 448 1562 έπείπερ
466 1481 496 1543 οί
509 1475 765 1560 ἑβδομηκονταδύο
784 1474 848 1542 τότε
866 1474 917 1542 τόν
932 1475 1047 1561 πύργον
1063 1479 1288 1558 οἰκοδομοῦντες
1305 1483 1374 1550 ταῖς
1390 1473 1463 1560 γλύσ

330 1600 396 1655 σαις
415 1577 665 1661 διεσκεδάσθησαν
683 1581 889 1664 συγχυθέντες,
920 1581 971 1644 καί
992 1576 1051 1644 άπδ
1073 1585 1143 1660 μιᾶς
1161 1569 1198 1660 ἧς
1217 1575 1327 1666 ήδεσαν
1348 1579 1465 1661 ἑμπνεν

329 1683 449 1758 σθέντες
473 1685 505 1748 ίκ
529 1690 605 1748 θεοῦ
625 1681 791 1766 βουλήσεως
813 1679 897 1758 άλλος
920 1679 1008 1764 άλλην
1028 1680 1190 1764 ἐσχήκασιν.
1231 1677 1278 1756 Ἐξ
1302 1672 1406 1766 ῶνπερ
1426 1681 1465 1744 κοί

207 1813 257 1858 φας.
270 1800 315 1845 εον.
329 1785 411 1871 μέχρι
433 1788 520 1869 δεῦρο
542 1782 562 1867 ή
583 1782 720 1860 σύστασις
738 1791 795 1850 τῶν
810 1791 915 1850 λαλιῶν
931 1786 1089 1866 ἑνίστηκεν.
1124 1781 1213 1858 Ὦςτε
1229 1783 1405 1870 βουλομένῳ
1420 1785 1465 1848 ἔνε-

329 1906 391 1952 στιν
411 1883 506 1970 εύρεῑν
524 1889 646 1952 ἕκαστον
668 1884 795 1972 οίρχηγόν
816 1885 939 1969 ἑκάστης
959 1885 1104 1971 γλῶσσης·
1134 1881 1175 1960 ῶς
1198 1881 1324 1950 8Ἰωυδιν
1344 1886 1405 1966 μὲν
1424 1883 1466 1964 τήν

325 1985 476 2072 Ἑλληνίδα
492 1991 586 2072 έσχεν,
608 1991 638 2066 ἑξ
653 1981 744 2073 οῦπερ
756 1986 913 2064 καλἽωνες
927 1990 1077 2071 κέκληνται
1093 1991 1123 2053 οί
1134 1984 1186 2070 τήν
1198 1979 1326 2052 παλαιάν
1341 1995 1466 2071 γλῶσσαι

326 2088 543 2174 τῶνἙλλήνων
558 2093 685 2174 ἔχοντες,
711 2089 812 2176 Θήρας
826 2092 857 2156 δέ
873 2098 932 2156 τῶν
948 2095 1091 2180 Θρᾳκῶν,
1114 2089 1221 2172 Μοσδχ
1235 2088 1288 2173 τήν
1303 2097 1465 2154 Μοσσυνοί-

327 2217 388 2258 κων
402 2200 547 2278 γλῶσοαν,
572 2194 673 2276 Θωβὲλ
689 2191 743 2275 τήν
760 2199 819 2258 τῶν
838 2197 1003 2272 Θετταλῶν,
1027 2190 1131 2258 Ἐλοῦδ
1148 2191 1202 2275 τήν
1220 2195 1346 2270 Λυδῶν,
1371 2191 1464 2274 Γεφύρ

327 2291 382 2376 τήν
398 2302 579 2378 Γασφηνῦν,
610 2295 745 2379 Μιστρδμ
763 2293 817 2378 τήν
834 2304 891 2362 τῶν
909 2298 1095 2380 Αἰγυπτίων,
1131 2301 1215 2370 Ψοῦς
1230 2291 1283 2377 τήν
1299 2301 1359 2360 τῶν
1372 2293 1463 2372 'Agav-

327 2403 432 2477 μιτῶν,
461 2395 581 2483 Ἀρμοδτ
596 2394 650 2480 τήν
668 2404 726 2462 τῶν
746 2395 900 2482 Ἀράβων,
929 2400 980 2463 καί
996 2404 1055 2463 τῶν
1073 2403 1183 2464 λοιπῶν
1200 2399 1336 2476 ἕκαστος,
1363 2400 1417 2462 ἵνα
1432 2393 1464 2478 μή

325 2501 440 2564 καθένα
456 2501 544 2585 λέγω,
574 2502 651 2564 ἰδίαν
667 2498 849 2581 ένεπνεύσθη
866 2507 1005 2586 γλῶσσαν.
1049 2501 1110 2564 Καί
1127 2498 1221 2576 σῦτως
1238 2497 1364 2582 ἑκάστης
1382 2497 1463 2585 γλῶσ

326 2621 380 2684 σης
400 2598 422 2683 ή
442 2600 564 2686 διαδοχή
586 2604 617 2668 έν
638 2609 679 2690 τῷ
701 2601 801 2690 κόσμῳ
823 2599 1026 2668 πεπλάτυνται.

191 2705 256 2775 Κεφ.
275 2702 308 2764 θ’.
412 2702 516 2769 Πόθεν
539 2709 639 2770 τοίνυν
659 2696 742 2769 οῦτοι
762 2702 1003 2790 έψευδηγόρησαυ
1021 2700 1120 2770 αύτῶν
1143 2699 1178 2767 τά
1201 2701 1319 2788 βήματα
1326 2753 1336 2783 ,
1365 2727 1463 2789 παρετ

324 2805 428 2882 θέντες
443 2803 496 2890 τήν
511 2807 623 2872 ἑαυτῶν
640 2812 824 2889 μυθοποιίαν
840 2805 1065 2889 φανταζόμενοι,
1093 2807 1145 2870 καί
1161 2801 1420 2891 ὀνειροπολοῦντες
1434 2803 1463 2868 τό

324 2905 365 2990 μή
382 2905 453 2972 όντα
471 2905 512 2986 ῶς
529 2906 613 2988 όντα,
641 2910 693 2973 καί
709 2907 745 2974 τά
762 2907 832 2974 ὄντα
849 2915 902 3006 τής
919 2910 1030 2974 ἑαυτῶν
1045 2911 1178 2984 διανοίας
1194 2908 1462 2982 διασκεδαννύντεςε

323 3007 407 3076 Ἀλλά
422 3009 455 3076 τό
472 3017 533 3077 πᾶν
548 3018 601 3076 τοῦ
617 3010 757 3094 διαβόλου
770 3010 905 3094 βούλημα
920 3015 1004 3078 τοῦτο
1019 3012 1182 3093 ένεκίσσησε
1197 3019 1261 3087 ταῖς
1276 3017 1338 3076 τῶν
1352 3007 1461 3093 &ffi-

323 3137 389 3178 πων
404 3122 526 3197 ψυχαῖς·
549 3115 608 3179 έστι
622 3115 655 3178 δὲ
670 3117 742 3178 ἰδεῖν
757 3115 807 3178 καί
821 3111 976 3196 θαυμάσαι
992 3109 1033 3189 τίς
1048 3115 1080 3178 έν
1095 3121 1215 3189 πολλοῖς
1230 3113 1284 3194 μέν
1300 3111 1461 3196 ῶτοιτήμσσι

324 3212 376 3304 τόν
390 3212 553 3302 άνθρωπον
567 3214 697 3298 ήπάτηοε
711 3218 760 3280 καί
773 3219 815 3292 εἰς
828 3219 1014 3300 παρανομίαν
1026 3217 1215 3294 κατέσπασεν,
1231 3220 1275 3291 εἶς
1287 3241 1320 3282 τε
1332 3219 1463 3300 πορνείας

323 3318 375 3381 καί
388 3323 515 3402 μοιχείας
527 3319 576 3383 καί
590 3315 744 3404 άσελγείας,
758 3321 965 3401 είδωλομανίας
978 3343 1007 3382 τε
1020 3320 1071 3384 καί
1084 3322 1223 3402 γοητείας
1231 3319 1283 3384 καί
1296 3320 1460 3401 οίματεοχν-

323 3423 402 3499 σίας,
433 3418 568 3506 άρπαγάς
585 3445 615 3486 τε
632 3423 682 3484 καί
698 3419 872 3504 άπληστίας,
894 3424 1012 3504 κυβείας
1027 3445 1058 3484 τε
1072 3421 1122 3486 καί
1140 3417 1324 3506 σίδηφαγίας,
1345 3421 1396 3485 καί
1411 3416 1461 3483 δστ

322 3529 451 3586 τοιαῦτα.
499 3519 639 3606 Ούδαμοῦ
661 3523 693 3588 δὲ
714 3520 771 3608 πρό
790 3530 843 3605 τῆς
859 3529 912 3588 τοῦ
931 3529 1060 3608 Χριστοῦ
1076 3525 1240 3608 παρουσίας
1256 3525 1411 3606 ἐτόλμησεν
1425 3523 1462 3596 είς

323 3621 374 3688 τόν
396 3625 504 3690 ἑαυτοῦ
522 3624 667 3708 δεσπότην
684 3627 872 3710 φθέγξασθαι
890 3623 1062 3708 βλύσφημόν
1078 3651 1143 3690 τινα
1159 3622 1262 3710 λόγον,
1291 3623 1461 3709 ήάντιιρσιτ

322 3725 468 3808 ίννοήσαι.
510 3724 647 3810 Ἀνέμενε
664 3726 718 3812 γάρ
736 3725 786 3792 τόν
802 3735 854 3792 τοῦ
873 3733 1000 3812 Χριστοῦ
1018 3731 1197 3813 παρουσίαν,
1221 3722 1262 3802 ῶς
1276 3728 1362 3811 λέγει,
1387 3725 1459 3808 Περὶ

321 3836 376 3894 σοῦ
391 3830 550 3915 γέγραπται
572 3829 631 3910 ότι,
660 3839 722 3906 τοῖς
738 3827 868 3916 οίγγέλοις
883 3827 975 3896 αῦτοῦ
992 3832 1140 3896 ἐντελεῖται
1158 3831 1227 3914 περί
1243 3836 1314 3908 σοῦ,
1345 3829 1396 3898 τισί
1413 3827 1459 3892 ίτί

320 3937 425 4018 χειρῶν
441 3929 547 4018 άροῦσί
566 3952 604 3997 σε.
640 3929 751 3998 ’Ἠκουε
768 3928 822 4017 γάρ
838 3929 883 3998 άεί
897 3939 956 3998 τῶν
971 3938 1132 4017 προφητῶν
1145 3929 1394 4016 καταγγελλύντων
1410 3927 1458 4010 τήν

323 4039 454 4118 Χριστοῦ
471 4039 651 4120 παρουσίαν,
678 4033 820 4118 λύτρωσιν
836 4036 976 4117 ἐσομένην
993 4041 1053 4100 τῶν
1070 4031 1317 4118 άμαρτησοίντων,
1344 4035 1395 4098 καί
1411 4029 1457 4096 διά

324 4142 453 4220 Χριστοῦ
475 4136 710 4221 μετανοούντων,
741 4135 853 4219 ἐνόμιζέ
871 4161 901 4201 τε
920 4135 1080 4215 τεύξασθαί
1100 4161 1179 4212 τινος
1201 4135 1306 4211 έίέονς.
1340 4131 1456 4198 Ὅτεδί

320 4236 397 4306 είδεν
411 4237 429 4308 ό
443 4239 530 4318 τάλας
543 4237 593 4306 τόν
611 4237 740 4326 Χριστόν
754 4237 793 4323 μή
808 4237 965 4322 δεξάμενον
979 4236 1071 4306 αύτοῦ
1086 4237 1141 4322 τήν
1155 4238 1224 4324 περί
1239 4241 1383 4324 σωτηρίας
1397 4238 1454 4302 ἑτι·

355 4431 413 4480 θεν.
429 4431 495 4481 Vm.
512 4457 543 4468 -
563 4430 585 4481 1.
603 4433 667 4480 [δίεπ’
683 4433 766 4482 habent
782 4427 854 4496 Σήμ.
903 4427 933 4484 δὲ
950 4427 1015 4497 Σήμ
1035 4428 1196 4484 εἰκοσιπέντε

353 4497 378 4548 Ἱ.
395 4499 458 4547 Libri
478 4500 562 4548 οοοεπι
582 4493 680 4563 Ἰάφεθ.
702 4525 736 4535 -
762 4499 871 4548 Petamus
936 4497 960 4550 3.
977 4491 1100 4562 Ἰωῖιοδν,
1123 4501 1217 4548 τίεται
1233 4499 1298 4560 Ιορο,
1322 4499 1452 4546 mmm

319 4568 438 4626 proposuit
454 4565 498 4618 τοῦ
515 4563 545 4620 δὲ
557 4560 648 4631 Ἰάφεθ
664 4563 812 4630 δεκαπέντε,
829 4568 873 4618 τοῦ
906 4571 939 4618 ιο
955 4579 984 4617 ιο
1000 4567 1050 4617 τοο.
1065 4567 1183 4617 ναίεσκεν.
