2986 4996
295 277 429 330 PANbllll
446 277 522 329 ΔΜ.
541 275 710 328 necesses
727 275 790 328 tta
806 277 826 328 l.
843 275 957 330 TOM.1.
1158 267 1197 330 63

88 417 114 460 rc
128 409 152 460 et
167 397 277 462 debaro
297 397 487 483 regnantibus
506 396 596 460 tribus
617 416 658 464 ex
676 393 785 460 lsrndlc
803 396 832 459 iu
850 393 1006 460 Medorum
1024 394 1130 460 limites
1150 397 1201 460 de-

87 509 192 582 portatae
217 511 295 564 sunt.
344 497 418 564 Post
446 497 518 562 baec
539 495 685 562 Ezechias
707 493 868 561 Manassen
892 497 1009 580 genuit,
1043 495 1200 562 Manassen

86 599 215 678 Αιιιιι,
247 601 377 666 Αιιιιι
402 600 527 679 lusiam,
558 599 652 662 losias
673 597 856 675 lecbcuiam,
889 599 937 683 qui
959 611 990 662 et
1012 595 1149 664 Selumus
1170 613 1200 664 ct

85 701 194 766 baucias
210 703 302 766 dictus
322 714 378 767 est.
421 702 470 767 at
488 703 542 765 boc
561 699 714 778 luciaria,
745 700 874 764 ciusdem
893 701 1018 766 nominis
1036 703 1127 782 alter,
1151 725 1200 768 cu-

83 815 214 886 gnomcnto
236 801 393 883 Sedecias,
418 826 474 867 una
497 825 562 867 cum
584 801 712 866 loacimu
733 803 848 884 genitus
870 813 927 865 est.

147 903 206 970 Nec
232 918 277 972 est
300 907 374 990 quod
403 927 437 970 aa
460 907 496 968 de
518 925 550 968 re
572 905 722 989 quisquam
745 904 871 982 dubitet;
903 904 1025 968 miretur
1045 925 1117 969 vero
1139 927 1200 969 ma·
1219 915 1278 981 cap.
1297 919 1349 968 vtt.

83 1005 118 1088 gis
135 1019 288 1072 accuratam
310 1029 327 1070 a
350 1008 432 1071 uobis
452 1007 551 1070 initam
574 1002 714 1070 rationein
739 1015 768 1068 et
790 1005 930 1069 hocloco
954 1007 982 1070 in
1005 1007 1200 1070 studiosorum

83 1109 179 1188 gratim
193 1111 304 1174 utiliter
320 1110 510 1195 explicatam,
538 1108 585 1191 qui
604 1107 789 1192 castigatiora
807 1107 942 1192 exempla
959 1109 1112 1172 consulere
1135 1129 1202 1174 eru·

83 1206 176 1274 litionis
201 1233 305 1276 caussa
331 1210 488 1274 volueriut.
528 1208 608 1276 ,Non
639 1209 714 1272 enim
741 1209 836 1272 diffido
860 1207 928 1293 quin
954 1230 1018 1272 eum
1043 1209 1130 1272 animi
1155 1213 1200 1275 sui

84 1311 157 1375 [ιιι
170 1314 289 1377 candide
313 1313 341 1378 in
362 1313 397 1380 iis
420 1333 494 1396 quae
512 1310 628 1376 anobis
645 1309 791 1395 proposita
807 1321 875 1376 sunt
889 1311 1077 1396 acquiescere
1093 1333 1202 1395 cogan-

83 1419 129 1492 tur,
155 1415 293 1498 simulque
311 1435 413 1478 vocem
431 1414 509 1478 illam
529 1412 708 1476 lucrifaciunt
729 1432 803 1496 quae
821 1412 858 1475 ab
873 1412 1013 1498 imperitis
1030 1414 1200 1496 quibusdam

82 1517 291 1580 emendatoribus
309 1525 355 1580 est
370 1527 488 1600 propter
502 1513 716 1598 ambiguitatem
732 1535 773 1578 ex
788 1513 941 1598 evangelio
956 1515 1079 1578 sublata.
1121 1513 1201 1580 Nam

81 1635 129 1678 eum
150 1618 353 1701 generationes
382 1639 483 1684 omnes
509 1613 678 1680 Matthaeus
708 1614 853 1700 tripartito
876 1615 1073 1697 distribuerit,
1107 1627 1137 1681 et
1165 1619 1201 1681 ab

81 1713 205 1782 dbraamo
221 1720 255 1782 ad
273 1717 415 1784 Davidem
433 1739 523 1802 usque
538 1715 583 1782 Xl
589 1715 614 1782 V
630 1728 800 1795 enumeret,
824 1717 957 1800 superior
971 1729 1094 1803 utraque
1107 1721 1201 1784 series
1208 1741 1315 1800 ιιιιι,
1322 1747 1352 1792 ι.

80 1816 171 1903 integra
187 1820 343 1906 reperitur,
365 1841 460 1906 neque
476 1819 627 1904 quicquam
645 1821 681 1882 ad
698 1839 849 1884 nnmerum
866 1819 959 1897 deest,
985 1819 1033 1904 qui
1049 1821 1084 1885 ad
1099 1819 1202 1885 leobo-

80 1920 139 1984 uian
163 1921 264 1986 ordine
287 1922 461 2008 pertexitnr.
510 1921 553 1986 At
575 1920 659 1984 tertia
686 1923 800 1984 demum
825 1921 919 1985 series
940 1918 1015 1984 Xlll
1047 1925 1200 2003 duntaxat,

80 2043 125 2088 ιιι
140 2021 211 2088 xlv
228 2025 448 2108 generationum
464 2022 578 2086 nomina
596 2022 811 2108 complectitur,
835 2024 909 2106 quod
928 2043 945 2086 a
960 2024 1106 2088 nonnullis
1123 2047 1203 2088 eom·

80 2125 177 2190 missum
200 2136 249 2190 est
269 2125 316 2209 qni
334 2147 398 2190 cum
416 2123 570 2188 leobonias
589 2124 661 2188 duos
680 2123 855 2188 coniunctim
875 2145 942 2188 esse
958 2124 1083 2209 scriptos
1098 2147 1202 2190 cerne·

79 2238 139 2304 rect,
159 2226 290 2292 arbitrati
304 2238 372 2292 sunt
386 2227 506 2290 eandem
524 2246 625 2290 vocem
642 2237 828 2312 praepostere
844 2225 873 2288 in
890 2246 926 2290 ea
942 2226 1020 2290 serie
1035 2227 1200 2312 repetitam.

80 2323 170 2392 Vemm
185 2329 314 2394 eiusdem
332 2329 389 2392 istu
407 2328 541 2413 repetitio
559 2328 677 2392 minime
695 2328 764 2402 luit,
794 2330 845 2392 sed
862 2328 1030 2392 numerandi
1046 2331 1117 2393 ordo
1138 2350 1203 2415 per·

79 2427 186 2511 rpieuus.
232 2427 382 2514 Siquidem
401 2428 554 2494 lecboniae
572 2429 630 2495 lilio
649 2431 685 2492 de
702 2440 822 2513 parente
839 2449 943 2492 nomeu
961 2430 1123 2516 impositum
1143 2441 1200 2495 ιιι.

77 2527 110 2592 At
123 2531 165 2596 isti
181 2533 345 2616 elegantiae
362 2531 511 2611 vindices,
535 2533 600 2594 dum
617 2553 705 2596 ιιιιι
723 2552 828 2596 nomeu
843 2545 1031 2616 expungunt,
1056 2553 1108 2616 per
1124 2553 1203 2596 sum·

78 2652 137 2696 nam
157 2633 349 2719 ignorantiam
372 2644 474 2698 contra
494 2633 671 2719 propositum
695 2643 869 2719 peccarunt,
901 2643 988 2717 atque
1007 2643 1037 2696 et
1054 2633 1201 2696 nominum

76 2727 137 2796 XlV
156 2735 324 2820 collegium,
355 2736 430 2820 quod
447 2735 553 2798 ibidem
570 2734 748 2812 ostenditur,
780 2755 840 2798 uno
856 2735 987 2798 detracto
1001 2746 1201 2816 numerarunt,

77 2843 101 2894 et
111 2837 289 2922 multiplicem
303 2837 388 2900 unius
403 2837 438 2902 ad
453 2836 576 2900 alterum
590 2835 731 2900 rationem
745 2835 996 2920 habitudinemque
1009 2836 1200 2900 sustulerunt.

147 2933 303 3002 Caeterum
326 2937 362 3002 ab
384 2937 539 3002 lecbouiae
562 2948 693 3022 tempore
710 2938 847 3024 deinceps
871 2933 1040 3001 ludaeorum
1059 2937 1087 3000 io
1104 2934 1202 3023 llabg·

76 3033 156 3101 lonem
173 3039 336 3126 deportatio
351 3039 483 3124 contigit.
528 3037 561 3104 ln
580 3059 636 3124 qua
649 3037 969 3104 Nabuchodonosorcm
991 3039 1200 3104 convenientes

75 3141 136 3222 apud
148 3139 330 3228 Babylonem
348 3142 481 3206 seniores
499 3149 657 3226 rogarunt,
680 3151 711 3204 ut
726 3161 742 3204 e
759 3140 820 3204 suis
836 3151 933 3204 certos
947 3140 977 3202 in
997 3137 1130 3206 iudaeam
1149 3140 1201 3203 bc-

76 3239 154 3305 niaer
178 3245 214 3307 ad
239 3242 423 3306 habitandum
449 3241 593 3320 mitteret,
625 3262 662 3306 ne
682 3241 842 3306 silvescens
866 3242 1031 3324 incultaque
1053 3241 1134 3325 regio
1151 3242 1201 3306 dc-

75 3353 138 3406 terta
154 3346 271 3430 penitus
285 3355 427 3408 maneret.
470 3341 538 3408 Nec
559 3343 621 3428 regi
648 3343 803 3428 postulatio
827 3342 875 3408 illa
900 3342 1057 3428 displicuit.
1100 3342 1200 3429 ltaque

75 3455 236 3523 quatuerex
252 3446 440 3531 imperiosae
458 3446 579 3512 subditis
597 3444 733 3530 gentibus
750 3446 814 3508 siue
834 3465 914 3507 irrora
928 3442 1048 3524 dimisit,
1065 3444 1200 3508 nimirum
1225 3471 1245 3515 a,
1256 3471 1313 3528 neg.

75 3537 242 3626 Cbutltaeos,
265 3557 295 3610 et
313 3543 468 3627 Codanus,
491 3569 525 3612 ac
541 3545 778 3633 Sapharuraeos,
802 3555 832 3608 et
846 3546 1094 3630 Anagogaoaeos.
1140 3544 1198 3629 Qui
1237 3539 1315 3595 Μ

74 3663 129 3708 enm
144 3647 307 3713 simulacris
320 3649 384 3712 suis
399 3671 435 3713 eo
449 3649 569 3734 proiecti
584 3649 682 3712 sedem
699 3648 728 3711 in
744 3645 876 3712 Samaria
893 3649 1083 3713 constituunt.
1115 3647 1201 3712 lianc

74 3745 155 3829 enim,
185 3752 263 3836 quod
288 3750 456 3835 praepingui
483 3750 565 3836 gleba
591 3751 735 3836 fertilique
755 3752 846 3828 iuret,
876 3750 912 3813 ad
931 3749 1113 3814 habitandum
1130 3750 1201 3814 dcli·

74 3859 144 3928 gout.
187 3850 300 3916 Verum
317 3852 465 3936 aliquanto
484 3862 584 3936 postca
604 3862 734 3936 tempore
749 3873 765 3914 a
783 3851 853 3914 ieris
869 3851 985 3930 boleti,
1010 3851 1141 3916 leonibus
1156 3853 1201 3916 vi·

73 3949 166 4016 delicet
184 3953 281 4039 pardis
300 3965 330 4018 ct
347 3954 424 4016 ursis
440 3954 560 4037 aliisque
575 3951 740 4017 crudelibus
756 3953 857 4015 bestiis
874 3953 1097 4032 incursantibus,
1121 3954 1201 4038 lega·

74 4059 111 4114 lus
132 4053 160 4118 in
179 4053 361 4141 Babylonem
385 4075 448 4118 cum
468 4054 602 4140 precibus
621 4054 753 4132 mittunt,
785 4052 975 4116 vehementer
997 4074 1049 4118 cos
1067 4055 1200 4118 admirati

73 4205 94 4250 tit
108 4205 237 4258 Omoemus.
271 4201 425 4274 ’Eqacibcret
439 4211 530 4258 uldam
545 4211 615 4257 tnta·
646 4211 710 4258 tetur
726 4201 807 4260 δόλιοι
822 4211 843 4255 et
859 4201 1022 4258 carducum.

71 4276 198 4329 Μιιιιυι
212 4291 261 4326 essa
271 4273 391 4341 φύλακες.
404 4277 529 4326 secudum
542 4278 616 4336 ipsius
683 4275 706 4326 i.
722 4267 882 4340 Ἰσραηλίτηι
899 4275 948 4322 cod.
961 4275 1035 4324 tenet.

73 4338 188 4401 tauteus
199 4347 409 4407 accomodarum
419 4345 547 4405 tumul.
560 4357 615 4404 pro·
682 4343 706 4392 u
724 4335 907 4406 dlounuaicncc
917 4338 1202 4408 dpcpubcdncodffleoet.

73 4405 144 4468 latam,
159 4415 180 4459 et
194 4415 320 4462 temnet
334 4417 387 4462 cett.
400 4411 616 4473 tenimgrupboeum
682 4405 707 4460 9.
725 4407 939 4475 ιιφφιριυριίιις
955 4411 1005 4459 cod.
1022 4411 1096 4461 venet

73 4473 200 4528 ltdinendo.
222 4482 258 4543 cs.
270 4481 358 4531 suidas
371 4493 391 4530 s.
404 4494 437 4542 ι,
451 4482 492 4542 qui
505 4481 615 4542 interpre-
684 4477 723 4529 to.
738 4473 942 4543 αἰιγιγιιιιιις
958 4479 1010 4528 cod.
1022 4479 1120 4544 derum.
