2984 4996
334 321 954 386 ransarturs.1.rom.rrr.mace.xcrr.
1156 319 1217 384 683

69 463 141 520 trent
158 453 282 536 legendo
298 453 464 533 discamus,
489 464 611 538 tuasque
630 471 678 516 res
693 452 883 536 intelligendo
901 451 957 516 tria
974 450 1022 515 illa
1038 462 1149 516 teroem
1166 451 1217 516 abs

70 567 99 618 te
126 555 293 639 excogitata
318 555 457 641 principia
486 555 627 641 principio
649 555 777 618 carentia
801 565 831 616 et
853 573 870 616 a
892 573 925 618 se
950 555 1075 618 invicem
1103 554 1219 618 diversa

69 660 253 722 damnemus.
298 655 403 741 Longe
421 658 497 720 enim
516 658 573 721 alia
592 668 637 722 est
655 656 777 743 apostoli
796 656 927 720 doctrina
942 676 978 720 ac
994 658 1096 741 dogma
1115 657 1219 721 firmis·

68 761 192 840 simum,
216 761 326 844 quoda
348 760 432 843 nugis
454 761 512 824 tuis
535 781 569 824 ao
596 759 700 824 labulis
723 779 900 844 magnopere
923 758 1054 823 dissidet.
1100 756 1218 823 Etenim

69 863 225 949 perspicuo
248 883 332 924 arnum
353 867 492 924 domenum
511 863 611 926 delinit
629 881 714 942 csse,
739 883 821 924 annm
834 865 942 944 fidem,
967 883 1050 924 unum
1070 863 1215 942 doptabmn,

69 987 155 1028 ιιιιιιι
173 970 253 1028 mat
270 970 439 1047 eundemque
450 977 560 1048 patrem
576 969 714 1039 omm'am,
739 969 791 1046 pm'
802 985 887 1046 snper
901 969 993 1027 amaria
1008 977 1038 1025 ιι
1051 969 1080 1026 in
1094 967 1220 1027 omnibus

68 1079 127 1142 est,
153 1079 208 1130 tam
226 1068 255 1130 in
275 1067 340 1151 lege
357 1087 441 1152 qnam
458 1067 487 1132 in
504 1066 651 1154 propbetis
670 1077 700 1129 ιι
715 1067 744 1129 io
763 1067 902 1152 apostolis
918 1067 1063 1147 omnibns,
1088 1087 1122 1130 ac
1138 1065 1219 1131 dein·

71 1191 141 1256 ceps
164 1171 282 1234 ceteris.

152 1271 233 1336 Hace
250 1274 339 1357 igitur
357 1291 373 1334 ι
391 1291 541 1336 sacrarum
563 1271 713 1336 literarum
730 1271 878 1356 reliquiis,
903 1291 977 1356 qnae
999 1273 1074 1357 apud
1089 1269 1220 1335 biarcio-

70 1395 137 1438 ncm
156 1375 249 1438 adbuc
267 1375 469 1460 reperiuntur,
493 1395 509 1436 a
529 1373 612 1439 nobis
629 1375 751 1438 collecta
768 1375 792 1438 si
813 1375 878 1459 quis
897 1375 1080 1455 consideret,
1104 1373 1220 1438 divinae

70 1477 272 1562 providentiae
294 1477 539 1561 magnificentiam
564 1477 761 1562 obstupescet.
808 1473 883 1541 Cum
904 1477 980 1540 enim
1005 1475 1151 1561 quaelibet
1171 1495 1221 1541 res

70 1581 164 1644 tribus
183 1577 357 1644 testimoniis
379 1579 531 1664 approbari
548 1591 577 1642 ct
595 1579 694 1643 baberi
713 1599 765 1663 pro
782 1591 931 1664 comperte
945 1581 1056 1660 soleat,
1080 1579 1220 1664 singulari

71 1693 118 1746 cst
135 1681 181 1746 tei
199 1681 340 1745 beoclicio
356 1693 385 1744 ιι
403 1682 671 1762 administratione,
696 1683 736 1744 uti
754 1681 898 1761 diximus,
924 1683 1048 1760 laetam,
1072 1693 1104 1745 ιιι
1121 1681 1175 1746 boo
1192 1681 1222 1744 in

73 1785 193 1867 negotio
215 1794 281 1848 octo
305 1784 389 1848 nobis
407 1805 441 1847 ac
458 1784 640 1869 septuaginta
662 1783 829 1866 testimonia
853 1805 893 1847 ex
914 1784 1069 1869 evangelio
1087 1795 1222 1870 suppete-

71 1898 158 1965 rent,
184 1907 221 1950 ex
247 1887 378 1971 apostolo
406 1887 607 1971 quadraginta.
654 1883 738 1970 Quae
762 1887 859 1950 omnia
877 1888 911 1950 ad
937 1887 1011 1950 bane
1033 1905 1124 1970 arsque
1146 1887 1221 1950 diem

71 1989 147 2074 apud
169 1989 248 2053 illum
272 2000 405 2067 servata,
437 2009 491 2052 nec
517 1989 548 2052 in
575 1989 806 2052 commoversiam
832 1988 954 2052 adducta
981 2000 1063 2069 sunta
1095 1991 1168 2054 adeo
1191 2001 1223 2053 ut

40 2125 45 2136 ·
72 2103 188 2154 centurn
213 2091 329 2155 omnino
356 2103 442 2175 atquae
468 2091 629 2154 octodecim
654 2101 768 2154 extent.
815 2087 900 2174 Quae
923 2091 1037 2175 quidem
1061 2089 1222 2156 Marcionis

71 2193 255 2280 opinionibus
280 2193 501 2273 contradicunt,
532 2195 574 2256 sic
601 2204 736 2278 tanquam
762 2213 802 2256 ex
828 2213 953 2279 persona
980 2193 1088 2258 domini
1111 2193 1221 2279 prolata

74 2298 145 2360 sint.
192 2295 250 2361 Sed
271 2308 299 2358 ιι
323 2297 399 2360 aliud
419 2299 539 2380 insuper
563 2295 689 2359 additum
713 2306 759 2358 est
777 2307 894 2380 praeter
917 2295 1062 2381 evangelii
1084 2297 1223 2382 apostoli-

74 2420 131 2483 que
150 2399 358 2462 testimonium.
402 2397 509 2483 Neque
527 2399 604 2462 enim
623 2397 730 2462 inlclioi
746 2393 892 2461 Marcioni
915 2399 1008 2463 visum
1034 2409 1080 2462 est
1101 2420 1141 2462 ex
1163 2399 1224 2484 cpi·

74 2501 151 2564 stola
169 2503 204 2564 ad
222 2497 366 2587 Ephesios
383 2502 585 2566 auctoritatem
607 2501 683 2564 illam
700 2499 825 2579 alicrre,
849 2502 900 2564 scd
918 2521 958 2564 ex
976 2521 1010 2565 eo
1027 2501 1061 2564 ad
1080 2498 1225 2565 Laodice·

75 2625 148 2683 uos,
172 2624 246 2688 qnae
263 2625 403 2688 nusquam
425 2605 498 2689 apud
518 2603 680 2688 apostolum
698 2603 839 2666 cernitur.
886 2601 971 2686 Qnae
988 2623 1052 2668 oum
1072 2623 1160 2689 pecus
1176 2603 1224 2667 illa

73 2727 124 2790 per
149 2727 289 2770 summam
315 2705 501 2770 stoliditatem
530 2705 646 2768 minime
666 2705 787 2789 legerit,
818 2706 847 2769 in
870 2705 1015 2790 plerisque
1036 2705 1116 2791 lapsa
1139 2727 1223 2792 quam

74 2808 228 2872 manifeste
252 2811 282 2872 io
306 2809 428 2892 singulis
455 2809 589 2872 convinci
616 2827 649 2872 ae
674 2806 808 2891 redargui
833 2819 932 2893 posset
955 2827 1136 2892 nequaqnam
1162 2809 1225 2872 ani-

75 2911 240 2975 madvertit.
286 2909 392 2994 Neque
421 2931 494 2974 vern
523 2910 646 2996 cuipiam
673 2909 776 2974 mirum
805 2910 873 2973 illud
901 2909 993 2973 videri
1022 2911 1118 2975 debet.
1165 2907 1224 2994 Qui

77 3015 153 3078 caim
171 3013 317 3097 evangelii
334 3013 440 3098 aliquid
460 3025 489 3076 ιι
507 3013 630 3097 apostoli
650 3011 757 3076 babere
778 3031 811 3075 se
830 3011 1032 3097 profiteretur,
1057 3013 1159 3076 temno
1175 3034 1225 3098 po·

77 3117 147 3195 tuit,
173 3128 204 3180 ut
221 3135 279 3178 non
298 3136 387 3198 pauca
408 3116 509 3178 saltem
530 3115 690 3201 scripturae
708 3113 798 3182 verba
820 3113 980 3178 retineret?
1024 3110 1138 3199 Quippe
1161 3135 1224 3178 eom

77 3229 168 3282 totum
191 3219 353 3302 scripturae
375 3219 473 3282 vivum
498 3219 552 3296 sit,
578 3229 610 3282 ut
630 3219 670 3282 ita
686 3217 829 3295 dixerim,
854 3237 977 3301 corpus,
1001 3217 1132 3302 potuitne
1149 3237 1227 3280 mor-

78 3332 156 3384 tonm
177 3321 266 3384 cllum
285 3321 443 3384 membrum
463 3341 515 3407 pro
534 3320 621 3383 animi
642 3321 688 3383 sui
705 3318 823 3383 libidine
842 3320 989 3404 reperire,
1015 3319 1091 3403 qnod
1109 3319 1143 3382 ad
1166 3330 1227 3384 sta-

78 3423 233 3488 biliendum
261 3423 440 3487 mendacium
468 3434 569 3487 contra
600 3423 751 3486 veritatem
782 3422 949 3507 proferret?
992 3419 1093 3506 Quare
1122 3441 1227 3508 eorpus

78 3527 170 3610 ipannu
190 3525 325 3590 mutilare
343 3546 378 3589 ac
396 3525 531 3610 pleraque
550 3525 679 3590 membra
697 3545 834 3588 resecare
850 3524 992 3604 institnit,
1016 3544 1138 3609 quorum
1153 3544 1227 3588 non·

79 3629 155 3693 nulla
169 3629 204 3690 ad
223 3649 306 3693 usum
328 3649 410 3693 sunm
430 3627 560 3692 relicuit.
607 3626 691 3711 Quae
712 3626 825 3712 quidem
843 3625 879 3690 ab
896 3627 944 3690 illo
962 3635 1113 3690 reservate
1129 3635 1160 3690 ιι
1177 3626 1227 3690 ad·

79 3729 132 3796 buo
153 3731 295 3816 spirantia
317 3731 432 3816 penitus
450 3731 583 3814 extingui
600 3742 764 3816 nequeunt,
789 3730 839 3794 sed
856 3729 954 3793 vitalia
970 3728 1019 3791 ille
1035 3727 1226 3792 deelarandao

80 3870 124 3930 ult,
148 3869 218 3917 buius
236 3870 282 3918 leet
303 3871 450 3920 eonumteodi
463 3884 491 3920 ιιι
505 3871 634 3932 pericnlum
701 3867 725 3921 3.
745 3865 841 3920 isaacio
864 3867 972 3918 mendose
991 3868 1104 3928 seriptum
1123 3871 1187 3917 amnt
1202 3869 1227 3916 ln

81 3937 170 3998 geldam
189 3937 300 3998 [ιιιιιιιιι.
338 3939 418 3988 Varla:
441 3953 504 4004 quaa
519 3936 634 3988 testimo·
668 3939 743 3988 edilia.

82 4002 119 4054 nis
129 4001 225 4054 nomini
241 4003 394 4070 respondent
410 4004 513 4066 domini,
531 4016 636 4086 propter
702 4018 728 4074 4,
744 4016 788 4075 ἀπ’
803 4015 882 4085 ἄλλης
899 4019 943 4086 (tc.
958 4017 1104 4086 ζπλσωλῆς)
1121 4022 1229 4084 „mapa

83 4087 204 4120 nnmerum
221 4071 375 4136 octodecim,
401 4083 426 4123 ιι
442 4071 509 4123 lelici
523 4091 573 4123 erus
588 4071 636 4123 be-
667 4105 712 4156 PM
730 4083 769 4142 ἐπ’
786 4081 878 4156 ἄλλης,
905 4090 968 4152 quod
987 4089 1058 4151 „14190
1075 4092 1138 4138 mm
1158 4091 1184 4138 ,λλ
1200 4091 1228 4138 λλ.

82 4137 229 4200 collationi,
254 4151 358 4208 propter
379 4157 507 4192 numerum
528 4151 634 4192 eentum.
671 4161 725 4209 pm,

84 4209 376 4328 gmffimmg
386 4211 556 4344 „mnas-Ji
565 4227 638 4342 ’'iffi“
705 4243 729 4293 5.
747 4243 839 4306 ζῶντος
851 4245 1013 4306 montesacro
1023 4239 1154 4306 σώζοντος,
1173 4243 1229 4294 σοι.

325 4313 334 4338 a
627 4306 637 4316 ·
719 4315 725 4326 ·
940 4315 945 4326 ·

85 4343 155 4404 pm
188 4345 264 4394 Ηλλλ
280 4348 342 4396 mim
357 4349 421 4396 m
443 4349 523 4408 mma
538 4350 637 4398 mma
670 4327 765 4364 nonam
780 4317 848 4376 atquc
862 4315 986 4363 Pctumum
1001 4315 1099 4361 meatus.

85 4413 242 4475 manumet,
259 4415 334 4462 alteru
351 4415 441 4479 p'aXL,
458 4418 557 4481 ιιιιιιῆ
578 4417 638 4478 llll,
704 4413 729 4468 6.
748 4409 801 4468 ἀλλ’
817 4409 854 4475 uic
869 4416 959 4466 restitui
971 4415 1110 4464 Camurium
1124 4417 1145 4462 ιι
1160 4415 1230 4464 Ριιι-

85 4481 188 4539 cummi
201 4483 221 4532 L
234 4483 376 4544 ιιριιιιιιιι,
393 4485 485 4544 quibus,
499 4485 534 4532 ιιι
546 4489 638 4544 sumpto
670 4487 735 4534 otum
760 4489 851 4536 ιιιιιιιιι
874 4498 919 4558 pra
942 4477 1065 4544 ductae,
1091 4483 1153 4547 qued
1177 4483 1231 4532 tara

85 4559 176 4666 affl
196 4551 242 4602 atos
264 4551 377 4612 ιιιιιιᾱ,
410 4549 509 4617 uenter
526 4564 638 4606 matous
669 4555 787 4621 ριαιιιιι
