2984 4996
263 285 324 348 666
681 293 803 348 SANGPI
819 293 986 347 ΕΡῙΡΗΑΝΙΙ

262 411 317 479 οῦν
335 415 509 498 ἐγείρονται,
539 408 608 476 ούδί
623 409 750 494 Χριστός
766 409 929 497 ἐγήγερται·
959 412 1010 478 τισί
1027 415 1054 478 εί
1073 409 1202 498 Χριστός
1219 409 1276 480 ούιι
1292 411 1406 498 έγόγερ-

261 542 324 592 ται,
355 511 480 596 μοίταιον
501 511 534 580 τό
551 512 688 599 κήρυγμα
704 510 802 595 ἡμῶν·
831 515 879 579 ιιαλ
897 512 968 596 μετοί
984 522 1075 580 ταῦτα
1088 514 1202 594 πάντα,
1233 523 1290 580 Δεῖ
1305 515 1405 600 γῦρτί

262 615 377 698 θνητόν
394 624 479 682 τοῦτο
499 615 679 682 ἐνδύσασθαι
694 613 877 694 α’θανασίαν,
905 618 957 681 ναί
976 614 1009 682 τό
1027 616 1166 703 φθαρτόν
1184 625 1271 683 τοῦτο
1289 616 1403 684 ίνδύσιι

262 729 335 784 σθαι
351 716 532 804 α’φθαρσίαν.
577 721 637 783 Καὶ
652 715 707 784 οῦν
723 715 801 798 είπε,
828 716 868 782 Τό
883 717 997 802 θνητόν
1012 726 1098 785 τοῦτο
1114 726 1247 803 χωρῆσαι
1261 719 1320 802 τὴν
1334 717 1405 784 dou„

261 824 384 900 νασίαν,
412 820 449 902 ἢ,
481 819 520 886 Τό
543 820 681 904 φθαρτόν
700 827 788 887 τοῦτο
808 827 938 905 χωρῆσαι
958 819 1012 903 τὴν
1034 819 1220 903 ύφθορσίαν,
1250 819 1339 900 α’λλό,
1371 821 1406 887 Τό

261 921 375 1006 θνητόν
389 925 439 989 καί
458 930 492 969 ⁶⁶
502 923 640 1008 φθαρτόν
654 922 835 990 ἐνδύσασθαι
850 920 1024 1009 ύφθαρσίαν
1035 925 1087 988 ιιαλ
1101 921 1277 990 ἀθανασίαν.
1315 931 1405 990 Ποῖον

260 1027 294 1091 δέ
309 1028 367 1091 έστι
382 1025 510 1108 θνητόν,
535 1024 593 1090 ἄλλ’
609 1024 630 1108 ἢ
644 1024 676 1090 τό
692 1033 777 1108 σῦμα
793 1026 827 1090 τό
845 1023 881 1092 οῦ
893 1032 1028 1110 χωρῆσαν
1042 1028 1075 1092 έν
1090 1023 1169 1113 αύτῷ
1187 1023 1280 1106 μόνον
1294 1023 1405 1090 α’θιτνιι-

260 1132 340 1207 σίαν,
371 1125 441 1193 ύλλοί
454 1131 505 1194 ναὶ
522 1131 704 1211 Μοίνῆσαν,
733 1131 784 1194 ταί
801 1129 903 1210 μέλλον
918 1125 1074 1194 ἐνδύεσθαι
1089 1127 1144 1210 τήν
1158 1125 1344 1208 ύθανασίαν,
1371 1127 1406 1194 ού

258 1236 312 1295 τοῦ
329 1230 464 1313 σώματος
481 1227 719 1314 ύποβαλλομένου
741 1231 793 1296 καί
811 1237 864 1313 τῆς
879 1237 992 1313 ψυχῆς,
1021 1237 1074 1312 τῆς
1089 1229 1128 1312 μὴ
1144 1228 1405 1312 ύποθνησιεοιῖσης,

259 1334 439 1415 ἐνδυομένης
454 1329 631 1412 ἀθανασίαν,
663 1330 734 1397 σίλλοί
754 1339 808 1398 τοῦ
824 1339 939 1414 θνητοῦ
955 1333 1133 1415 ἐνδυομένου
1155 1331 1209 1416 τὴν
1225 1329 1406 1412 οίθανιτσίαν,

259 1436 310 1500 καί
329 1442 381 1499 τοῦ
399 1442 540 1520 φθαρτοῦ
557 1433 746 1520 ύφθαρσίαν,
777 1435 906 1501 τουτέστι
923 1441 976 1501 τοῦ
992 1433 1141 1518 σύματοςς
1170 1431 1261 1500 αύτοῦ
1277 1434 1337 1520 γᾶρ
1354 1437 1407 1500 πολ

258 1535 392 1612 θάνατός
409 1539 469 1603 έστι
484 1538 534 1602 καί
554 1535 659 1621 φθοραί
675 1535 868 1622 πρόςιιαιρος,
898 1536 947 1602 διύ
963 1535 1017 1620 τήν
1030 1535 1113 1602 λύσιν
1129 1535 1183 1619 νῦν
1198 1539 1407 1619 ἐπενεχθεῖσαν

259 1636 338 1726 αύτῷ
355 1636 405 1703 διδ
420 1647 473 1721 τῆς
487 1645 540 1704 τοῦ
550 1637 643 1722 ’Λδόμ
656 1645 817 1724 παρακοῆς.
851 1638 919 1705 Ὅτι
934 1639 965 1704 δέ
978 1641 1046 1725 περί
1059 1647 1117 1704 νῦν
1130 1646 1294 1722 μελλουσῶν
1308 1660 1408 1722 φησιν

259 1743 290 1805 έν
311 1737 389 1828 αύτῷ
410 1748 590 1807 τελειοῦσθαι
612 1739 781 1827 εὐεργεσιῶν
801 1740 851 1807 διύ
870 1749 923 1824 τῆς
943 1739 1141 1825 ύποσχέσεοις,
1169 1739 1201 1807 τό
1216 1748 1406 1826 πληροῦσθαι

261 1845 472 1926 07ἐνσημαίνει
492 1845 597 1929 λέγων,
634 1843 705 1910 Τότε
724 1841 875 1928 γενήσεται
894 1840 1014 1930 ύλόγος
1031 1841 1050 1910 ό
1067 1845 1278 1930 γεγραμμένος,
1308 1849 1406 1909 Κατε-

258 1942 344 2026 πόθη
366 1942 385 2010 ό
405 1943 536 2022 θόνατος
557 1947 598 2021 είς
617 1955 715 2021 νῖκος·
743 1949 793 2011 ἵνα
815 1945 929 2035 σημύνη
950 1945 1005 2029 τὴν
1025 1944 1090 2012 τότε
1107 1947 1268 2027 μέλλουσαν
1282 1948 1409 2014 ίσοσθαι

258 2053 369 2130 νεκρῦν
383 2043 547 2112 ύνύστασιν.
562 2103 564 2107 ,
582 2045 701 2130 Ἐπειδὴ
715 2047 869 2130 κατεπόθη
884 2045 902 2114 ό
914 2047 1047 2124 θάνατος
1060 2045 1118 2114 οίπύ
1134 2049 1242 2132 μέρους
1256 2050 1286 2114 ίν
1298 2053 1339 2136 τῇ
1350 2055 1406 2116 τοῦ

261 2153 390 2232 Χριστοῦ
404 2147 566 2228 ύναστοίσει,
581 2150 632 2214 ναί
645 2155 702 2215 νοῦν
717 2149 772 2215 σῦν
786 2149 866 2238 αύτῷ
878 2147 1073 2216 οίναστόντεον.
1106 2149 1225 2233 Ἀνέστη
1240 2149 1293 2236 γῦρ
1307 2151 1406 2218 zoua*

257 2248 376 2332 σοόματα
389 2257 449 2316 νῦν
463 2248 567 2335 όγίοτν,
590 2250 631 2328 ύς
647 2273 721 2334 φησι
735 2249 768 2317 τό
787 2249 966 2338 εῦαγγίλιον,
988 2255 1040 2318 ιιαλ
1056 2261 1251 2336 συνειςῆλθον
1267 2250 1349 2342 αύτηῦ
1366 2258 1407 2330 τίς

256 2350 310 2435 τὴν
324 2348 409 2437 ύγίαν
424 2351 516 2418 πόλιν.
564 2353 635 2420 Τότε
649 2355 681 2420 δέ
697 2356 738 2430 είς
751 2363 833 2431 νῖκος
850 2359 1052 2435 καταπίνεται,
1075 2356 1124 2421 ὅτε
1139 2353 1200 2422 όπό
1216 2354 1339 2422 πόντον
1353 2383 1405 2422 ιια-

256 2461 386 2529 θολιιιοῦς
407 2452 597 2537 όφαντοῦται.

135 2863 186 2909 Ρῑσ·
199 2853 243 2896 ἥδ·
491 2849 568 2904 ΤΗΣ
592 2849 692 2904 ΠΡΟΣ
716 2848 939 2904 ΚΟΡΙΝΘΙΟΥΣ
963 2838 1159 2904 ΔΕΥΤΕΡΔΣ.

338 2965 422 3048 Αῦτη
443 2967 475 3031 δέ
496 2971 577 3053 τρίτη
599 2976 691 3033 νεῖται
713 2965 794 3051 πυροί
813 2973 854 3055 τῷ
871 2970 1039 3053 Μαρτίανι.
1083 2968 1338 3054 Μετηλλσγμένας
1359 2969 1401 3046 δέ,

257 3066 307 3134 διό
328 3067 362 3134 τό
385 3067 503 3152 πριότην
523 3066 591 3152 παρ’
612 3065 692 3156 αύτρῦ
712 3066 851 3152 τετύχθαι
872 3067 925 3150 την
947 3068 1024 3153 πρός
1046 3068 1186 3144 Γαλάτας.

338 3168 366 3235 α’
382 3172 433 3235 καί
449 3170 489 3236 κε’
507 3170 593 3254 Σχόλ.
629 3177 770 3236 6’ίΠῦσαι
792 3169 848 3256 γαίρ
874 3173 908 3235 αί
927 3173 1091 3256 ἐπαγγελίαι
1112 3179 1189 3238 θεοῦ
1212 3173 1245 3238 ίν
1265 3170 1347 3262 αύτῷ
1367 3171 1400 3238 τό

257 3276 333 3338 Ναί·
356 3271 402 3337 διδ
425 3273 475 3338 ναί
496 3272 532 3337 δι’
554 3269 646 3338 αύτοῦ
667 3272 699 3338 τό
720 3271 812 3356 Ἀμὴν
834 3279 874 3362 τῷ
895 3279 967 3360 θεῷ.

338 3373 364 3438 α’
381 3376 432 3440 ιιαί
447 3373 615 3459 κε’Ἔλεγγ.
648 3372 806 3452 Διόνοιξον
828 3373 899 3450 τούς
921 3371 1098 3458 ὀφθαλμούς
1121 3397 1178 3442 σου
1200 3378 1252 3444 τινί
1275 3375 1400 3460 σιύθηει,

254 3469 279 3542 οῦ
295 3481 453 3561 Μαρκίων.
496 3478 539 3541 El
552 3477 584 3542 δέ
599 3475 636 3542 σύ
652 3475 749 3543 οῦνέττ
764 3475 900 3556 δύνασαι,
922 3477 1121 3560 τετιλεῦτηνας
1136 3475 1204 3564 γδρ,
1226 3481 1259 3544 οί
1271 3475 1330 3544 ύπδ
1345 3485 1400 3544 σοῦ

253 3577 453 3660 α’παιηθέντες
467 3577 666 3657 ύνοιξύτοισαν
677 3577 747 3655 τούς
760 3576 937 3662 ὀφθαλμούς
951 3576 1063 3658 αύτοῦν,
1085 3582 1137 3646 ιιαί
1151 3581 1326 3666 φνγέτασαν
1338 3577 1398 3646 dno*

254 3688 308 3747 σοῦ
323 3679 364 3756 οῦς
379 3679 438 3748 ιίπό
453 3683 574 3765 ἑρπετοῦ
587 3686 687 3748 δεινοῦ
701 3683 752 3747 καὶ
764 3683 980 3764 λυμαινομένου
993 3681 1063 3758 τούς
1075 3685 1248 3768 ίγγίζοντας.
1291 3685 1332 3748 Et
1341 3681 1398 3768 γὰρ

254 3784 320 3850 ῦσαι
336 3785 499 3869 ἐπαγγελίαι
513 3791 589 3850 θεοῦ
603 3787 634 3850 έν
649 3781 728 3871 αύτρὶ
741 3781 775 3848 τό
791 3785 863 3864 Ναί,
881 3787 1050 3871 ἐπαγγελίας
1065 3784 1097 3850 δέ
1110 3791 1186 3850 θεοῦ
1200 3781 1283 3850 οίδεν
1294 3781 1313 3852 ό
1325 3781 1397 3850 &niu

253 3893 354 3962 στολος
372 3885 423 3952 διαί
437 3892 491 3951 τοῦ
507 3883 603 3969 νόμου
618 3889 669 3952 καί
685 3893 744 3952 τῶν
761 3891 939 3972 προφητοῦν,
970 3885 1027 3972 ῦρα
1045 3912 1077 3972 γε
1095 3889 1127 3952 ἐν
1146 3893 1265 3976 Χριστῷ
1286 3885 1319 3953 τό
1333 3889 1396 3952 Ναί

253 3996 312 4054 σῦν
333 3991 509 4076 έπαγγελιαῖν
530 3995 583 4055 τοῦ
604 3987 797 4075 πληρώματος
820 3992 1000 4072 έβεβαιοῦτο.
1046 3987 1110 4055 Ούιι
1132 3986 1284 4074 ύλλότριος
1303 3980 1396 4054 ούνό

256 4090 384 4174 Χριστός
402 4098 456 4157 τοῦ
473 4097 600 4157 παλαιοῦ
617 4091 712 4175 νόμον
734 4094 784 4156 καί
806 4097 866 4157 τοῖν
883 4098 1061 4177 προφητῦν,
1092 4088 1162 4158 ούδέ
1182 4098 1235 4158 τοῦ
1251 4096 1325 4158 θεαῦ
1342 4099 1395 4158 τοῦ

251 4191 430 4276 λαλήσοντος
446 4195 479 4259 έν
494 4200 534 4282 τῷ
547 4192 646 4282 νόμιμ,
674 4195 725 4260 καί
743 4195 777 4259 έν
793 4200 910 4281 Χριστῷ
928 4193 981 4269 τός
997 4191 1088 4260 αύτοῦ
1105 4195 1272 4280 ἐπαγγελίας
1288 4201 1394 4276 πεπλη-

283 4381 324 4435 65.
341 4385 407 4434 Libri
423 4387 478 4436 aditi
493 4387 599 4436 πετδοιι
615 4377 750 4452 ἄφθαρτον.
874 4381 916 4437 67.
933 4383 1076 4452 ἐνσημαίνει
1098 4399 1147 4448 τρο.
1181 4386 1246 4436 λείαν·
1260 4385 1340 4434 ham
1362 4399 1393 4450 με

283 4448 324 4502 66.
343 4454 470 4503 Commius
484 4457 565 4504 vertit:
581 4452 627 4502 sed
643 4453 717 4504 etiam
734 4451 806 4504 habi-
841 4451 965 4518 σημαίνει.
992 4456 1118 4505 varnarius
1131 4456 1215 4504 ναίετε
1227 4451 1297 4514 Quod
1308 4461 1392 4502 ιεεεαι

251 4517 346 4570 tatione
364 4519 462 4586 excipit.
778 4555 780 4560 ·
841 4520 873 4569 de
889 4520 1044 4586 perficiendi·
1059 4520 1085 4570 in
1099 4519 1154 4588 ἰμιο
1171 4518 1334 4572 beneficentiis
1347 4537 1392 4587 μετ
