3008 4996
274 333 335 398 266
694 345 813 399 οιαστι
830 345 997 398 mmmm

270 463 322 526 καλ
337 459 450 537 πάντας
464 459 535 538 τοῦς
549 461 714 546 προφήτας,
731 460 785 539 οῦς
800 455 882 527 οῦτοι
899 459 1109 544 βδελύττονται
1138 459 1189 526 Ἐν
1202 469 1269 538 ταῖς
1282 455 1338 529 νῦν
1355 469 1411 529 Πι-

273 561 388 645 ριόδοις
408 561 441 628 τέ
461 571 522 628 πᾶν
541 567 584 640 είς
602 561 725 638 ἐαυτοῦς
741 562 920 649 μετήνεγκαν
934 562 1192 646 καταψευσάμενοι
1207 565 1324 648 Πέτρου
1339 563 1412 632 κατά

272 663 399 741 πολλοῦς
412 663 558 747 τρόπους,
581 661 623 741 οἷς
635 664 727 731 οῦτοῦ
744 662 816 730 καθ’
830 662 942 747 ἡμέραν
964 667 1177 747 βαπτιζομίνου
1197 661 1341 750 άγνισμσῦ
1355 669 1412 732 fvt·

271 790 337 845 κεν,
359 765 497 851 καθάπερ
512 769 563 832 καλ
580 759 676 844 οῦτοι,
697 764 841 848 ἐμψάηαν
854 789 885 830 τι
896 763 949 830 τδν
965 763 1057 832 αῦτδν
1069 764 1230 851 άπίητσθαι
1245 769 1297 832 καλ
1308 775 1411 852 κρεῦν,

272 864 313 943 οἷς
327 870 377 932 καλ
392 859 489 947 οῦτοι,
511 869 559 934 καί
574 867 672 950 πάσης
688 865 775 950 άλλης
789 869 903 950 ἐδωδῆς
918 875 972 948 τῆς
992 865 1050 932 άπδ
1073 875 1194 954 σαρκοῦν
1214 873 1411 952 πεποιημένης

269 969 414 1054 λέγουσιν,
445 969 600 1054 ἐπειδήπερ
623 971 671 1034 καλ
690 966 779 1045 αῦτδς
793 965 900 1050 Ἐβίου
918 971 969 1033 καλ
982 965 1149 1051 Ἐβιοονῖται
1170 977 1320 1047 παντελῶς
1340 969 1409 1036 άπά-

269 1095 369 1152 ηουται
388 1069 511 1136 τούτων.
543 1071 637 1135 Ὅταν
653 1070 686 1135 δέ
702 1069 851 1160 ἐρωτήσῃς
866 1072 917 1135 ἕνα
933 1077 993 1134 τεδν
1009 1067 1123 1150 αῦτῦν,
1143 1076 1223 1146 τίνος
1244 1073 1342 1136 &vem
1363 1075 1410 1154 ἐμ·

267 1170 373 1254 ψῦχον
387 1169 425 1238 οῦ
442 1170 709 1256 μεταλαμβάνουσι,
735 1170 776 1254 μή
798 1173 909 1254 ἔχοντάς
922 1197 951 1236 τι
973 1171 1171 1257 διηγήσασθαι
1193 1171 1403 1258 ἀποκρίνονται

268 1269 431 1356 άσυνέτας,
452 1277 504 1340 καί
519 1275 648 1359 λίγονσι,
670 1271 731 1338 Διά
744 1271 777 1338 τῦ
793 1275 826 1340 ἐκ
844 1277 1001 1348 συνουσίας
1024 1276 1075 1338 καλ
1091 1279 1194 1356 μίξεως
1210 1274 1355 1357 σωμάτων
1369 1271 1404 1339 εί

268 1401 318 1441 ναι
335 1372 410 1440 αῦτά
425 1372 462 1442 οῦ
476 1374 745 1458 μεταλαμβάνομιν,
768 1372 809 1451 τίς
824 1370 900 1440 τίνοι
915 1371 1024 1451 αὐτοῦς
1041 1373 1128 1451 δλους
1147 1373 1219 1453 τοῦς
1233 1372 1293 1441 άπδ
1312 1379 1404 1458 ἐπιμι-

268 1480 331 1555 ξίας
346 1474 457 1563 άνδράς
481 1501 512 1542 τε
535 1480 585 1542 καλ
607 1476 748 1562 γυναικὸς
768 1474 959 1560 βδελυκτοῦς,
986 1477 1038 1542 καί
1052 1475 1090 1541 τά
1106 1473 1166 1542 ῦπδ
1182 1483 1237 1543 τοῦ
1258 1477 1403 1561 πόματος

269 1575 368 1645 σῦτῦν
387 1583 528 1664 ληρωδοῦς
542 1579 722 1660 ἐξεμεθέντα.

125 1673 194 1744 1⁶9·
212 1674 250 1740 ις’·
351 1680 507 1762 Βάπτεσμα
521 1680 553 1746 δέ
569 1681 620 1744 καί
635 1677 719 1745 αῦτολ
733 1677 916 1762 λαμβάνουσι
930 1681 1021 1765 χωρίς
1036 1671 1079 1746 οῦν
1091 1676 1162 1745 καθ’
1178 1677 1290 1766 ἧμίρσν
1303 1686 1405 1765 βαπτί-

265 1786 369 1859 ζονται.
412 1779 573 1866 Μυστήρια
590 1781 622 1846 δέ
642 1784 739 1864 δῆθεν
754 1788 868 1848 τελοῦσι
890 1781 966 1846 κατά
986 1786 1106 1864 μίμησιν
1122 1789 1182 1848 τῶν
1202 1779 1295 1868 άγίοιν
1319 1786 1405 1872 ἕκτῇ

131 1906 195 1964 ,τις
210 1898 255 1945 ιιι.
268 1883 406 1970 ἐκκλησίην
422 1879 482 1949 άπδ
502 1885 639 1948 ἐνιαυτοῦ
656 1885 698 1958 είς
715 1878 851 1948 ἐνιαυτδν
871 1880 922 1947 διά
941 1881 1079 1964 άζῦμεον,
1104 1885 1156 1947 καί
1174 1880 1207 1948 τδ
1228 1881 1298 1949 άλλο
1321 1885 1406 1969 μίρος

264 1990 320 2049 τοῦ
335 1988 496 2068 μυστηρίου
512 1982 549 2048 δι’
562 1983 672 2060 ῦδατος
686 1983 789 2066 μάνου.
833 1983 897 2050 Δῦσ
922 1986 956 2050 δέ
973 2009 1070 2064 τινας,
1100 1981 1142 2061 τίς
1155 1987 1246 2068 ἔφην,
1267 1993 1406 2052 συνιστά-

264 2103 312 2150 σιν
329 2086 363 2150 ἐκ
379 2092 455 2151 θεοῦ
471 2088 674 2170 τεταγμένους,
696 2087 748 2152 δνα
765 2086 817 2167 μὲν
833 2084 884 2151 τδν
903 2084 1047 2170 Χριστὸν,
1068 2087 1122 2151 ίνα
1137 2086 1169 2151 δέ
1187 2085 1240 2152 τάν
1256 2087 1403 2170 διάβολον.

265 2190 327 2252 Καί
340 2185 393 2253 τδν
409 2187 462 2269 μὲν
479 2186 605 2271 Χριστδν
618 2187 733 2273 λέγουσι
747 2193 801 2252 τοῦ
816 2189 968 2270 μέλλοντος
984 2189 1091 2264 αίῦνος
1102 2189 1253 2270 εἰληφέναι
1269 2187 1323 2254 τάν
1338 2195 1404 2270 κλῆ·

264 2313 333 2374 ρον,
355 2286 408 2354 τδν
427 2289 460 2355 δέ
480 2288 618 2372 διάβολον
641 2285 749 2356 τοῦτον
772 2293 966 2354 πεπιστιῦθαι
984 2286 1037 2354 τδν
1050 2291 1160 2368 αίῦνα,
1190 2292 1223 2355 ἐκ
1240 2297 1404 2376 προςταρῆς

264 2394 358 2474 δῆθεν
371 2397 425 2456 τοῦ
442 2389 680 2474 παντοκράτορος
694 2388 769 2454 κατά
784 2395 898 2472 σίτησιν
914 2391 1060 2470 ἑκατέρων
1074 2387 1180 2456 αῦτῦν.
1224 2393 1285 2456 Καὶ
1296 2392 1404 2457 τοῦτον
1492 2453 1493 2460 ,

263 2493 348 2558 lma
361 2491 481 2576 Ἰησοῦν
495 2495 702 2579 γεγεννημίνον
716 2494 750 2558 ἐκ
769 2493 935 2573 σπέρματος
952 2488 1061 2573 άνδράς
1075 2493 1206 2577 λίροασι,
1228 2495 1278 2558 καλ
1295 2496 1401 2578 ἐπιλεχ-

262 2596 370 2672 θέντα,
398 2597 448 2660 καί
469 2595 545 2661 οῦτοι
563 2592 638 2659 κατά
660 2591 780 2679 ἐκλογὴν
801 2591 870 2657 υίδν
887 2599 963 2658 θεοῦ
981 2595 1144 2675 κληθέντα,
1174 2591 1234 2660 άπδ
1248 2601 1303 2660 τοῦ
1325 2593 1400 2660 άνυ-

262 2705 319 2761 θιν
333 2699 375 2772 εἰς
389 2693 479 2762 αῦτδυ
496 2695 621 2780 ἥκοντος
639 2702 771 2779 Χριστοῦ
789 2697 821 2760 ἐν
836 2698 907 2760 εἴδει
922 2701 1100 2778 περιστιρθς.
1146 2693 1192 2760 Οῦ
1205 2696 1355 2777 φάσκουσι
1370 2697 1402 2761 δλ

262 2800 297 2864 ἐκ
309 2805 385 2864 θεοῦ
405 2796 516 2883 πατρδς
532 2795 624 2863 αῦτού
645 2803 854 2882 γεγεννῆσθαι,
882 2793 953 2860 άλλά
971 2799 1121 2876 ἐκτίσθαι,
1145 2794 1186 2874 ῦς
1200 2800 1251 2864 ἐντι
1272 2805 1333 2863 τῶν
1351 2795 1402 2883 άρ-

262 2901 421 2985 χαγγίλοιυ,
443 2905 557 2983 μείζονα
579 2899 611 2964 δέ
634 2896 733 2963 αῦτῦν
753 2896 860 2977 ιι’ίντει,
883 2895 973 2962 αῦτδν
990 2899 1022 2963 δέ
1042 2898 1187 2984 κυριεῦιιν
1209 2901 1260 2964 καί
1276 2897 1402 2984 άῃίλενν

261 3004 313 3067 καλ
329 3001 449 3069 πάντων
469 2999 528 3067 ῦπδ
543 3007 598 3066 τοῦ
616 2997 854 3084 παντοκράτορος
870 3001 1090 3082 πεποιημένον,
1117 3003 1169 3066 καλ
1188 2999 1328 3081 ἐλθόντι,
1349 3001 1401 3066 καλ

260 3101 490 3188 ῦρηγηοάμενοτ
505 3099 547 3179 τίς
560 3101 592 3169 τῦ
610 3099 678 3186 παρ’
693 3099 794 3176 αὐτοῖς
808 3097 977 3187 εῦογγίλιον
993 3099 1173 3184 καλούμενον
1188 3104 1323 3186 περιίχει,
1344 3101 1401 3180 δτι,

255 3197 370 3272 Ἦλθον
384 3211 542 3272 καταλῦσαι
563 3202 616 3279 τάς
630 3207 754 3280 θυσίας,
782 3203 832 3268 καί
860 3200 912 3268 ἐάν
930 3201 971 3285 μὴ
994 3201 1151 3286 παύσησθε
1167 3209 1222 3268 τοῦ
1238 3202 1342 3282 θῦσιν,
1364 3199 1403 3269 οῦ

260 3305 402 3374 παύσεται
425 3303 476 3388 άφ’
499 3303 605 3388 ’ῦμοῦν
627 3302 648 3388 ἦ
671 3301 754 3390 άρμὴ.
797 3305 859 3368 Καί
873 3310 965 3369 ταῦτα
987 3306 1037 3370 καλ
1055 3302 1177 3370 τοιαῦτά
1196 3303 1263 3370 τινά
1286 3307 1347 3370 ἐστι
1366 3303 1402 3368 τά

259 3405 330 3493 παρ’
349 3405 451 3484 σῦτοῖς
470 3405 715 3490 *ἐπιτηδεύματα
760 3403 887 3490 Πράξεις
905 3406 938 3470 δέ
957 3405 1045 3482 ῦλλας
1060 3411 1200 3472 καλοῦσιν
1218 3403 1402 3472 Ἀποστδλαν

260 3506 350 3589 εἶναι,
371 3511 404 3575 ἐν
417 3506 465 3586 αίς
479 3507 596 3574 4πολλά
612 3514 666 3590 τῆς
689 3504 820 3589 άσεβείας
843 3505 940 3573 αὐτῶν
959 3509 1082 3588 ἔμπλεα,
1106 3509 1218 3572 Ιἐνθεν
1234 3505 1271 3573 ου’
1288 3507 1398 3592 παράρ-

129 3627 139 3642 ·
259 3638 320 3698 ηας
333 3610 408 3676 κατά
423 3617 477 3694 τῆς
491 3608 633 3694 ἀληθείας
646 3608 770 3684 ἐαστοῦς
787 3608 924 3675 άπλισαν.
956 3607 1166 3689 ’Λναβαθμοῦς
1180 3606 1237 3693 γάρ
1253 3633 1336 3684 τινας
1350 3608 1402 3672 καλ

259 3709 423 3799 ῦφηρησεις
439 3716 532 3796 δῆθεν
546 3715 580 3778 ἐν
593 3719 656 3785 τοῖς
670 3707 871 3792 Ἀναβαθμοῑς
884 3707 1032 3793 Ἰακάβου
1046 3707 1252 3789 ὑποτίθενται,
1280 3707 1321 3785 ῦς
1338 3711 1402 3790 ἐξη-

259 3817 404 3900 γουμένου
419 3813 493 3879 κατά
505 3839 537 3879 τε
551 3819 607 3878 τοῦ
620 3819 694 3878 ναοῦ
709 3812 760 3877 καλ
774 3820 833 3876 τῶν
845 3819 979 3891 θυσιῦν,
1008 3809 1084 3877 κατά
1104 3835 1135 3876 τε
1154 3819 1209 3876 τοῦ
1230 3810 1327 3896 πυράς
1345 3815 1401 3875 τοῦ

260 3918 293 3982 ἐν
308 3923 349 4005 τῷ
366 3920 582 4004 θυσιαστηρίῳ,
604 3916 655 3979 καλ
669 3911 739 3978 ἄλλοι
755 3911 848 3978 πολλά
869 3917 1052 3992 κενοφωνίας
1066 3916 1190 3995 ἐμπλσα,
1213 3909 1255 3988 είς
1273 3915 1325 3977 καί
1343 3916 1401 3976 τοῦ
1488 3959 1489 3964 1

261 4018 385 4084 Παῦλον
399 4021 529 4084 ἐνταῦθα
547 4022 779 4100 κατηγοροῦντες
795 4013 850 4080 οῦκ
863 4014 1046 4098 αἰσχῦνονται
1062 4013 1248 4089 ἐπιπλάστοις
1268 4015 1327 4078 τισί
1345 4021 1402 4094 τῆς

258 4125 318 4185 νῦν
331 4117 582 4202 ψευδαποστδλαν
602 4115 698 4183 αῦτοῦν
720 4122 899 4201 κακουργίας
921 4119 972 4181 καλ
994 4115 1106 4199 πλάτης
1125 4116 1225 4202 λόγοις
1241 4115 1402 4197 πιπσιηριί-

258 4246 326 4299 νοις
376 4224 489 4307 Ταρσέα
504 4221 557 4304 μέν
571 4218 671 4299 αῦτδν,
694 4216 734 4296 τίς
747 4216 837 4295 αῦτδς
850 4215 986 4305 άμολοριῑ
998 4220 1047 4283 καλ
1065 4216 1121 4285 οῦκ
1140 4216 1279 4304 άρνεῖται,
1299 4217 1400 4301 λίγον·

293 4475 482 4529 Cn-le.-
515 4475 537 4528 1.
555 4469 616 4530 ὄντα
631 4474 675 4530 καλ
690 4473 734 4544 ἐτη
753 4475 806 4542 (κίε)
873 4469 1097 4544 Ἰ.ημεῦνίπυαιι“σ
1118 4475 1400 4526 ἐπιλῦσαι-οσαν-

256 4537 807 4612 πιριοσοτίρως,αῦτένοοιλλσυιίοοδλ’σειτ
840 4549 897 4596 m.
