2986 4996
273 279 313 343 62
696 292 818 344 emer!
836 289 1002 346 mmm

271 403 327 472 Ἐν
349 403 466 492 χρόνοις
486 407 519 473 δέ
539 403 673 486 Ἐζεκίου
692 409 743 474 καί
770 404 887 490 8’Ἅχαζ
908 405 1176 491 τ’χχμαλωτεόθτχσαν
1199 411 1290 490 φυλαί
1312 410 1346 475 ἐκ
1366 416 1423 474 τοῦ

270 504 388 594 Ἰσραὴλ
412 511 454 584 είς
473 505 510 573 τά
533 507 600 594 ὅρια
622 508 750 590 Μήδων.
793 507 882 574 Μετά
903 517 991 576 τοῦτο
1011 507 1147 590 Ἐζεκίας
1167 517 1255 599 γεννᾷ
1275 508 1328 576 τόν
1349 519 1422 576 Μα-

271 617 381 692 νασσῆ,
408 617 573 690 Μανασσῆς
587 607 640 676 τόν
657 607 767 692 Ἀμοίς,
794 607 891 693 Ἀμοδς
907 609 959 677 τόν
974 609 1107 692 Ἰωσίαν,
1135 611 1252 688 Ἰωσίας
1267 611 1320 678 τόν
1332 610 1420 695 Ἰεχο-

271 715 351 792 νίαν,
381 709 433 777 τόν
450 714 501 778 καί
518 709 633 796 Σελοδμ
648 711 843 794 καλεόμενον,
873 713 908 790 δς
922 717 974 779 καὶ
988 711 1128 796 Ἀμασίας
1145 717 1268 801 ἐλέγετο,
1296 711 1419 797 όἸιχο·

271 817 337 889 νίας
358 805 446 889 οὗτος
461 820 549 901 γεννᾷ
564 811 618 879 τόν
632 811 774 897 Ἰεχονίαν
789 813 841 880 τόν
859 814 1037 897 καλούμενον
1051 820 1193 882 Σεδεκίαν
1210 817 1261 882 καί
1273 813 1420 898 Ἰωακείμ

138 919 205 987 Κεφ.
225 913 254 982 ἴ.
363 917 423 979 Καὶ
447 917 550 997 μηδείς
576 917 644 1000 περί
669 914 777 981 τούτου
801 913 1023 1000 ἀμφιβαλλέτω,
1052 919 1225 999 θαυμαζέτω
1253 919 1285 984 δέ
1311 926 1420 1001 μᾶλλον

269 1012 324 1098 τόν
347 1013 552 1100 ἀκριβολογίαν
579 1014 731 1098 ω’φελίμως
754 1020 885 1083 ἐνταῦθα
907 1021 1043 1102 κειμένην
1070 1027 1133 1096 τοῖς
1155 1023 1328 1096 σπουδαίοις
1350 1047 1418 1102 χρη·

270 1121 450 1200 στομαθείας
470 1119 555 1183 ἐνεκα
575 1117 611 1183 τά
633 1115 743 1204 ἀκριβῆ
763 1127 823 1184 τοῖν
843 1117 1031 1205 ἀντιγράφων
1048 1120 1279 1204 καταλαμβάνειν
1299 1123 1419 1187 ἐθέλον-

270 1239 332 1296 σιυ,
362 1211 465 1295 οἵτινες
486 1216 581 1294 εάθδς
601 1218 671 1302 μετά
691 1227 745 1304 τῆς
764 1218 903 1302 ω’φελείας
920 1218 1114 1307 εὐγνωμονεῖν
1133 1219 1419 1308 ἀναγκασθήσονται,

268 1319 462 1404 κερδήναντες
483 1319 516 1386 τό
541 1317 602 1387 ἀπό
624 1349 712 1388 τινων
733 1321 861 1406 ἀμαθῶν
884 1330 942 1389 τῶν
966 1327 1062 1412 ἐντῷ
1085 1321 1239 1413 εὐαγγελίῳ
1262 1327 1304 1400 είς
1326 1323 1419 1408 ἀμφι-

269 1426 387 1506 βολίαν,
410 1419 451 1498 τίς
470 1419 543 1488 κατά
561 1422 742 1508 διόρθωσιν,
763 1421 929 1502 ἀφανισθὲν
944 1423 1042 1510 βητόν.
1089 1433 1199 1509 Τριχοῖς
1216 1423 1272 1512 γάρ
1289 1424 1418 1510 ἀριθμοὶ·

269 1545 376 1600 σαντος
397 1533 450 1589 τοῦ
471 1521 557 1610 άγίου
574 1530 742 1590 Ματθοίου
761 1523 815 1601 τάς
835 1525 950 1612 γενεάς,
972 1524 1031 1592 ἀπό
1050 1533 1104 1592 τοῦ
1118 1524 1255 1611 Ἀβραάμ
1275 1525 1341 1618 ἀχρι
1361 1537 1418 1592 τοῦ

270 1629 369 1709 Αοβλδ
389 1624 539 1707 φήσαντος
557 1626 657 1712 γενεάς
674 1630 900 1712 δεκατέσσαρας,
932 1631 963 1694 οί
983 1626 1038 1693 δάο
1061 1625 1201 1712 ἀνάτεροι
1220 1626 1346 1712 ἀριθμοί
1364 1651 1415 1694 σα·

269 1737 338 1810 φεῖς
353 1725 552 1811 εόρίσκονται,
575 1733 718 1812 μηδεμίαν
738 1732 867 1810 ἔλλειψιν
883 1728 1017 1814 ἀριθμοῦ
1033 1731 1221 1813 περιέχοντες.
1252 1729 1342 1806 Ἕως
1358 1730 1419 1816 γάρ

268 1835 323 1895 τοῦ
344 1826 485 1912 Ἰεχονίου
502 1832 667 1916 περιέχουσι
687 1829 759 1907 τοδς
778 1830 909 1916 χρόνους.
950 1827 985 1896 ‘0
1005 1831 1037 1896 δέ
1057 1837 1154 1918 τρίτος
1169 1829 1300 1918 ἀριθμός
1316 1830 1418 1899 οάιιέτι

270 1929 490 2017 δεκατεσσάρων
508 1938 615 2017 γενεάν
636 1929 798 2016 εόρίσκεται
818 1931 892 1998 κατά
910 1931 1053 2016 διαδοχὴν
1069 1930 1224 2016 ὀνομάτων
1244 1933 1276 1999 τδ
1297 1933 1416 2019 πλήρω-

268 2059 311 2115 μα
330 2035 418 2116 ἐχων,
440 2030 511 2098 ἀλλά
531 2036 704 2119 δεκατριῶν·
728 2033 830 2117 ἐπειδή
850 2059 926 2110 τινες
943 2032 1085 2118 Ἰεχονίαν
1104 2033 1165 2118 άμα
1185 2032 1307 2124 Ἰεχονίᾳ
1325 2037 1419 2126 ἐτέριγ

157 2153 255 2215 mn·
269 2132 425 2200 ἐπιτοαυτδ
448 2131 581 2219 τάρόντες
606 2132 747 2218 ἐνόμισαν
771 2133 823 2202 τόν
845 2133 976 2221 ἀριθμόν
1000 2139 1309 2223 ιδεδισσολογισμένον
1329 2135 1415 2204 εέναι.

271 2233 335 2301 Ουίι
351 2228 389 2318 ἦν
406 2237 439 2302 δέ
454 2240 636 2322 δισσολογίοι,
667 2235 737 2301 ἀλλά
752 2235 883 2323 ἀριθμός
899 2236 1010 2320 σαφής·
1032 2241 1074 2314 είς
1088 2237 1182 2322 ὄνομα
1196 2239 1252 2324 γάρ
1266 2238 1380 2322 πατρός
1398 2239 1418 2307 δ

267 2347 339 2414 παῖς
361 2339 560 2421 ’ἐπεκέκλητο
581 2335 722 2422 Ἰεχονίας
742 2347 797 2406 τοῦ
813 2336 963 2422 Ἰεχονίου.
1004 2336 1196 2424 Ἀφελόμενοι
1212 2333 1267 2407 οάν
1281 2365 1356 2418 τινες
1371 2340 1417 2419 οἱς

266 2437 341 2505 κατά
358 2444 531 2520 φιλοκαλίαν
545 2438 578 2506 τδ
592 2445 626 2506 ἐν
641 2439 751 2524 ὄνομα,
781 2439 886 2529 ἀγνοίρι
903 2441 1074 2526 φερόμενοι,
1096 2443 1222 2518 ἐλλειπές
1235 2443 1414 2526 ἐποιήσαντο

267 2548 319 2624 τῆς
341 2537 525 2626 ἀποθέσεως,
557 2544 637 2634 ιιιαλΙ
653 2542 728 2608 κατά
752 2542 806 2625 τήν
829 2539 927 2624 όμόδα
943 2551 997 2607 τοῦ
1014 2540 1147 2629 ἀριθμοῦ
1164 2550 1223 2609 τόν
1239 2545 1415 2610 δεκατεσσά·

268 2667 327 2730 ρων
343 2639 497 2724 ὀνομάτων
510 2643 564 2726 τὴν
577 2640 733 2726 δπόσχεσιν
746 2645 797 2709 καί
809 2643 842 2710 τό
858 2643 1035 2729 πολύπειρον
1049 2652 1102 2728 τῆς
1116 2647 1238 2728 σχέσεως
1251 2643 1413 2727 ἠφάνισαν.

352 2749 466 2810 Γίνεται
489 2738 572 2811 βοάν
593 2749 730 2812 ἐντεῦθεν
752 2743 812 2812 ἀπό
835 2753 888 2811 τοῦ
913 2746 1023 2830 χρόνον
1042 2744 1178 2829 Ἰεχονίου
1197 2745 1414 2831 ἡαίχμαλωσία

269 2842 316 2928 δή
336 2849 378 2923 είς
392 2850 563 2929 Βαβυλῶνα.
605 2845 654 2912 Ἐν
676 2845 770 2935 τούτῳ
789 2855 829 2936 τῷ
849 2846 944 2935 χρόνῳ
963 2855 1016 2931 τῆς
1029 2851 1225 2932 αίχμσλωσίας
1239 2855 1415 2934 προςῆλθον

267 2950 299 3014 οί
311 2947 502 3035 πρεσβύτεροι
518 2956 558 3038 τῷ
574 2946 838 3032 Ναβουχοδονόσορ
857 2953 889 3015 ἐν
897 2954 1062 3033 Βαβυλῶνι,
1084 2957 1319 3036 παρακαλοῦντες
1335 2948 1414 3018 ἀπο-

266 3055 406 3132 σταλῆναί
424 3076 505 3127 τινας
524 3057 583 3116 τῶν
608 3053 692 3116 ίδίων
719 3047 813 3116 αάτοΰ
834 3054 1038 3137 θέγκαθέτους
1064 3055 1107 3128 είς
1126 3049 1181 3134 τήν
1204 3049 1413 3136 7’ίσραιχλίτων

265 3157 331 3236 γῆν,
350 3151 432 3229 ὅπως
447 3152 488 3236 μὴ
506 3151 526 3235 οἱ
541 3153 622 3238 χαίρα
639 3149 868 3234 οάλομανήσασα
880 3155 1032 3244 ἐρημωθῇ.
1066 3155 1128 3219 Καὶ
1140 3154 1255 3230 ἐδέξατο
1268 3153 1323 3236 τήν
1338 3179 1403 3240 παρ

265 3249 363 3318 αὐτῶν
378 3253 574 3339 παράκλησιν·
597 3250 634 3320 οό
647 3251 704 3339 γάρ
720 3250 909 3339 ἀνεβάλλετο,
928 3256 980 3320 καί
994 3254 1161 3321 ἀποστέλλει
1180 3255 1232 3337 μὲν
1252 3261 1309 3321 τοῖν
1323 3257 1413 3322 ίδίων

264 3355 389 3440 τέσσαρα
406 3357 485 3441 γένη,
499 3354 569 3432 τοός
581 3381 612 3422 τε
624 3359 800 3442 Χουθαίους
812 3358 1022 3438 καλουμένους,
1039 3358 1090 3422 καί
1102 3360 1280 3435 Ιίουδαίυνς,
1304 3363 1413 3422 9Σεντ-

265 3461 469 3542 φαρουραίους
493 3459 545 3524 καί
572 3456 881 3543 Η)Ἀνοιγωγιιναίους,
913 3461 1019 3534 σ’ίτινες
1041 3457 1101 3541 ἅμα
1120 3466 1183 3533 τοῖς
1203 3454 1301 3523 αότιδν
1324 3459 1414 3524 είδοό-

264 3565 328 3633 λοις
348 3556 508 3642 ἀναβάντες
527 3561 681 3650 κατρίιιουν
702 3557 735 3625 τό
757 3566 916 3642 τηνικαῦτα
936 3557 991 3642 τόν
1010 3558 1197 3644 Σαμάρειαν,
1218 3562 1326 3642 ταιίετχν
1343 3562 1412 3626 ἔπι-

263 3658 413 3744 λεξάμινοι
438 3663 554 3738 ἑαυτοῖς
580 3660 634 3744 τὴν
656 3667 714 3746 γῆν
738 3659 788 3727 διά
812 3659 845 3726 τό
860 3657 936 3726 εέναι
955 3660 1043 3728 πίονά
1066 3686 1097 3727 τε
1119 3663 1169 3726 καί
1193 3659 1410 3747 γονιμωτάτην.

267 3763 375 3850 Χρόνῳ
395 3763 427 3829 δέ
442 3755 525 3830 οὗτοι
547 3761 607 3828 όπδ
629 3768 689 3828 τῶν
707 3768 823 3848 θηρίων
844 3761 1138 3848 διασπαραττόμενοι,
1159 3761 1283 3828 λεόντων
1301 3763 1333 3828 δέ
1351 3766 1411 3828 παλ

263 3862 436 3949 παρδάλεων
456 3867 507 3930 καί
525 3864 640 3951 άρκτων
657 3866 708 3929 καί
722 3872 782 3930 τῶν
795 3863 889 3930 άλλων
906 3872 1045 3949 πονηράν
1059 3869 1191 3951 θηρίων,
1213 3862 1412 3930 ἀποστέλλου-

264 3983 310 4029 σιν
334 3968 377 4042 είς
395 3969 574 4050 Βαβυλῶνα,
603 3973 856 4052 παρακαλοῦντες,
883 3969 934 4032 καλ
959 3963 1108 4056 ὑπερβολῇ
1130 3964 1332 4050 θαυμάζοντες
1351 3964 1412 4049 τήν

296 4134 321 4190 δ.
338 4139 374 4188 lta
392 4142 453 4191 libri.
883 4137 908 4191 3.
926 4141 1041 4202 λειοτίριι·
1055 4139 1099 4192 καλ
1111 4135 1176 4192 κατὰ
1187 4154 1231 4202 pro
1244 4141 1345 4202 simplici
1357 4155 1409 4192 κα-

297 4203 357 4253 οιν.
375 4207 428 4256 vll.
453 4235 486 4247 -
520 4209 542 4259 1.
565 4206 818 4274 δεδιασολογησμένον
850 4204 898 4267 τά,
914 4209 976 4269 quoa
991 4209 1061 4270 ουιρο
1076 4211 1196 4269 mpetum.

264 4271 322 4336 (είτ)
337 4273 392 4323 τόθι
408 4277 487 4328 petav.
521 4277 627 4328 λὀτίοειι
642 4277 818 4342 διδισσολαγη·
884 4275 909 4326 4.
926 4263 968 4326 τόν
985 4277 1036 4324 cod.
1054 4278 1128 4325 Vena.
1149 4277 1221 4338 λἰιλςο
1235 4273 1303 4340 γοῦν.

884 4342 908 4392 5.
925 4335 944 4406 οἱ
962 4357 1007 4391 σοι.
1025 4345 1075 4393 cod.
1091 4345 1165 4392 venet.

296 4356 486 4478 ’ἐένέτιεκέκλητα
499 4413 652 4477 commo.
675 4411 818 4474 λἰιίροοιειι-
883 4405 908 4460 6.
926 4437 976 4468 ,,-
987 4419 1013 4459 ut
1028 4409 1139 4459 mitteret
1152 4407 1249 4474 aliquos
1263 4405 1295 4456 δε
1305 4405 1352 4456 nuit
1370 4407 1409 4458 αδ

263 4475 319 4526 dou
336 4472 469 4543 ἐκέκλητο.
850 4475 1035 4530 ἱοέιιλιίλειιδωω
1050 4487 1143 4530 terrm
1155 4473 1333 4528 απολάβω·
1347 4489 1410 4528 ναν·
