2986 4996
239 319 279 384 68
662 327 782 380 ειαοει
799 326 966 380 εειεεεεαιι

240 451 322 531 βίοις
338 441 522 522 ἀναστάσεως
537 449 650 530 νεκρῶν
661 441 695 510 τό
714 452 852 528 σημεῖον,
873 441 911 510 οῦ
928 443 1030 526 μέντοι
1042 467 1074 530 γε
1090 449 1242 529 τηλαυγῶς
1262 440 1392 526 κεκήρυ-

242 573 322 614 κται·
344 548 396 612 καλ
411 547 551 633 ἔσπαρται
565 547 597 612 έν
612 543 714 623 αῦταῖς
728 547 796 631 περί
807 552 863 612 τοῦ
881 552 1059 630 μονογενοῦς
1073 547 1143 610 υίοῦ
1161 552 1216 610 τοῦ
1229 551 1315 624 θεοῦ,
1337 545 1393 608 καλ

243 649 313 732 περί
333 654 389 714 τοῦ
411 643 498 734 άγίου
515 646 694 732 πνεύματος,
717 649 766 714 καλ
785 645 860 712 κατά
875 645 1012 712 είδαίλων.
1059 645 1099 712 Τό
1117 647 1149 712 δέ
1164 647 1392 731 τηλαυγέστερον

241 751 277 817 έν
289 746 394 826 αάταῖς
407 753 564 835 μοναρχίας
580 753 638 832 έγει
658 747 713 832 τὴν
729 746 903 834 είςαγονγὴν,
926 750 958 814 έν
971 748 1003 813 δέ
1019 755 1055 838 τῇ
1070 754 1213 836 μοναρχίᾳ
1230 772 1392 830 πνευματι-

240 859 306 928 κῶς
322 848 438 936 ἡτριάς
457 853 517 918 έστι
531 853 785 938 καταγγελλομένη.
831 853 872 915 Οί
888 850 920 916 δέ
937 848 1088 932 ῦεξάμενοι
1109 847 1163 915 τόν
1178 849 1271 932 νόμον
1291 851 1333 924 είς
1354 846 1392 914 τό

241 959 439 1038 μετατεθῆναι
459 961 513 1036 τῆς
533 956 765 1039 είδαλολατρείας
781 953 831 1018 καί
851 950 903 1016 τόν
919 954 970 1017 ἕνα
985 950 1059 1018 θεόν
1072 954 1229 1038 ἐπιγνῶναι
1245 949 1395 1016 έσπουδά·

120 1075 216 1134 μηεεε
248 1063 373 1138 σθησαν.
419 1051 474 1131 Οίς
488 1052 525 1121 οῦ
543 1057 659 1143 γέγονεν
674 1055 819 1137 ἐπιμέλεια
835 1051 869 1118 τό
886 1050 1091 1138 άκριβέστερον
1107 1055 1274 1138 ἐπιγνῶναι
1303 1058 1394 1132 Σφα-

243 1159 339 1234 λέντες
353 1157 385 1222 δέ
403 1159 435 1223 οί
446 1163 593 1235 τοιοῦτον,
620 1158 671 1222 καί
687 1155 728 1239 μη
747 1161 898 1242 τηλαυγῶς
912 1153 946 1221 τό
965 1162 1026 1220 πάν
1041 1157 1130 1240 μέρος
1147 1163 1201 1238 τῆς
1220 1159 1344 1229 πίστεως
1360 1176 1395 1216 τε

242 1260 295 1326 καλ
310 1265 364 1342 τῆς
381 1255 524 1345 ἡμετέρας
545 1264 621 1341 ζωῆς
639 1256 672 1322 τό
690 1255 856 1341 άκρίβασμα
871 1255 1092 1339 κατειληφότες,
1113 1253 1261 1342 ἠγνόησαν
1274 1255 1327 1339 μέν
1344 1255 1394 1320 νέ·

243 1367 325 1448 κρῶν
345 1357 518 1439 άνάστασιν,
547 1360 598 1425 καί
618 1355 790 1437 άπιοτοῦσι,
819 1365 934 1442 πνεῦμα
952 1359 984 1424 δέ
1003 1357 1094 1443 άγιον
1111 1356 1148 1423 οῦ
1168 1359 1395 1442 παραδέχονται,

242 1463 297 1529 καλ
312 1459 367 1547 γάρ
386 1459 544 1546 ἠγνόησαν.
589 1463 650 1525 Καί
673 1459 748 1544 αῦτη
773 1459 793 1544 ἡ
815 1463 926 1546 αίρεσις
950 1457 1098 1526 άθετοῦσα
1123 1460 1175 1542 μέν
1194 1467 1304 1545 νεκρῶν
1320 1457 1395 1524 άνά-

245 1585 361 1642 σταστν,
383 1559 587 1646 άποεθουμένη
609 1563 642 1628 δέ
663 1565 912 1648 είδεολολατρείαν,
944 1564 976 1628 έν
995 1559 1070 1651 αότῇ
1091 1563 1124 1628 δέ
1145 1565 1398 1646 είδωλολατροῦσα

244 1661 308 1732 κατ’
323 1662 463 1750 άγνοιαν,
494 1663 544 1730 διά
564 1663 598 1730 τό
619 1662 850 1750 ἀποκεκρύφθαι
874 1661 910 1729 τά
929 1667 1035 1729 είδωλα
1051 1670 1112 1728 τῶν
1130 1661 1277 1746 τεσσάρων
1294 1665 1400 1728 έθνῶν

246 1768 279 1832 έν
300 1772 341 1854 τρῦ
365 1762 427 1850 όρει
449 1773 491 1854 τῷ
520 1763 613 1852 8παρ’
630 1764 732 1842 αῦτοῖς
747 1767 878 1851 Γαριζείν
898 1765 1200 1848 σεσυκοφαντημένως
1214 1765 1398 1853 καλουμένῳ.

251 1872 300 1955 Τρῖ
328 1863 384 1952 γάρ
408 1869 583 1957 βουλομένῳ
609 1865 747 1954 -άκριβῶς
774 1870 843 1952 περλ
870 1875 924 1933 τοῦ
939 1865 1037 1953 όροας
1062 1868 1192 1948 Γαριζείν
1217 1869 1400 1950 έρευνῶσθαι

246 1967 342 2034 ίστέον
359 1966 407 2032 ότι
429 1965 506 2054 πρός
524 1976 560 2059 τῇ
575 1966 687 2058 Ἰεριγῶ
712 1977 821 2036 κεῖνται
846 1967 882 2034 τά
903 1966 958 2034 δόο
972 1966 1049 2056 όρη,
1078 1967 1112 2035 τό
1130 1993 1160 2034 τε
1182 1975 1234 2033 τοῦ
1252 1971 1398 2052 Γαριζείν,

245 2071 298 2136 καλ
313 2067 346 2134 τό
363 2075 417 2134 τοῦ
431 2069 540 2152 Ιλβάλ,
561 2072 655 2156 πέραν
670 2075 723 2136 τοῦ
735 2067 894 2156 Ἰορδάνου
914 2068 990 2156 πρός
1012 2077 1047 2160 τῇ
1065 2067 1190 2160 άνατολῇ
1206 2077 1259 2153 τῆς
1272 2067 1400 2155 Ἰερτηῶ,

249 2168 290 2248 ῶς
304 2172 360 2254 έχει
375 2167 412 2236 τό
429 2170 666 2257 Δευτερουόμιον
688 2173 740 2242 καλ
755 2169 857 2255 Ἰησοῦ
876 2179 933 2237 τοῦ
952 2179 1043 2255 Ναυῆ
1066 2169 1087 2254 ἡ
1109 2175 1219 2255 βίβλος.
1262 2176 1400 2240 Είδωλο-

246 2279 402 2358 λατροῦσιν
424 2265 479 2338 οὖν
493 2271 668 2358 άγνοοῦντες
682 2275 717 2339 έκ
736 2280 790 2339 τοῦ
806 2271 994 2356 πανταχόθεν
1013 2276 1163 2360 κροςέγειν
1180 2272 1256 2361 πρός
1276 2271 1309 2340 τό
1324 2271 1401 2360 όρος

249 2377 281 2441 έν
293 2381 336 2462 τῶ
350 2371 459 2451 αὐτοῦς
473 2371 627 2458 εὔχεσθαι,
649 2378 743 2457 δῆθεν
757 2374 804 2441 ότι
820 2372 962 2460 ἡγίασται.
1004 2372 1164 2442 Ἀδάνατον
1183 2376 1240 2463 γάρ
1259 2375 1312 2460 τὴν
1327 2405 1400 2462 γρα·

249 2501 313 2560 φην
326 2473 498 2557 ψεύσασθαι
512 2474 702 2556 φάσκουσαν,
714 2474 856 2560 Ἔμειναν
873 2483 1027 2554 ποιοῦντες
1042 2474 1097 2542 τόν
1114 2475 1223 2561 νόμον,
1243 2480 1294 2544 καλ
1309 2503 1402 2564 προς-

246 2583 408 2654 κυνοῦντες
429 2575 465 2642 τά
482 2575 580 2643 αῦτῶν
597 2581 703 2642 είδωλα
725 2580 783 2656 ἕως
805 2585 859 2662 τῆς
878 2576 1006 2664 σημερον
1025 2576 1206 2665 ημέρας,’
1181 2607 1223 2656 ως
1221 2579 1402 2664 έμφέρεται

249 2680 282 2744 έν
303 2703 339 2768 τη
362 2676 484 2768 τετάρτη
505 2685 565 2744 τῶν
586 2685 753 2745 Βασιλειῶν.

114 2801 231 2874 χωρ’,
331 2777 517 2865 Ἐλέγηονται
538 2777 624 2846 δέ’
585 2782 670 2846 αυτοὶ
684 2779 870 2906 πανταχόθεν
885 2782 953 2866 περί
966 2788 1079 2868 νεκρῶν
1100 2778 1297 2860 άναστάσεως,
1316 2788 1400 2866 πρῶ-

246 2907 302 2948 τον
327 2877 387 2946 άπό
416 2889 470 2947 τοῦ
492 2878 651 2964 ΗΑβελ,
632 2909 678 2948 οτι
704 2881 778 2965 μετά
808 2882 841 2948 τό
867 2879 1030 2948 άποθανεῖν
1049 2881 1085 2948 τό
1121 2881 1194 2965 αίμα
1230 2885 1401 2970 προςδιαλέ·

248 3007 329 3070 γεται
350 2990 393 3071 τῷ
415 2982 551 3072 δεσπότρ.
594 2979 679 3066 Αίμα
703 2985 735 3049 δέ
759 2981 796 3050 οῦ
818 2982 901 3068 ψυχὴ
928 2982 1074 3069 τυγχάνει,
1109 2982 1168 3050 ἄλλ’
1194 2989 1225 3051 έν
1251 2987 1354 3068 αἵματι
1380 2983 1402 3068 ἡ

250 3081 342 3168 ψυχή.
387 3085 449 3149 Καί
466 3083 522 3150 σῦκ
535 3081 625 3163 εἶπεν,
646 3083 684 3150 Ἠ
694 3083 776 3168 ψυχὴ
793 3090 851 3173 βορι
866 3083 941 3170 πρός
957 3086 1006 3167 μέ,
1029 3085 1144 3162 δεικνῦς
1160 3085 1207 3152 ότι
1223 3089 1301 3152 ίστιν
1315 3089 1403 3166 έλπίς

251 3183 436 3262 άναστάσεως
459 3192 518 3252 τῶν
539 3185 691 3269 σωμάτων.
732 3185 815 3252 ’Λλλά
838 3189 888 3252 καί
907 3185 1005 3270 Ἐνάχ
1027 3190 1167 3271 μετετέθη
1189 3195 1244 3253 τοῦ
1268 3187 1404 3271 μήίῦεῑν

251 3285 398 3369 θάνατον,
420 3289 470 3353 καί
486 3285 539 3370 οδγ
557 3285 719 3374 ηὑρίσκετο.
761 3287 845 3354 Ἀλλά
867 3291 917 3356 καὶ
934 3288 1040 3374 Σάρρα
1062 3287 1133 3372 μετά
1158 3289 1191 3355 τό
1214 3297 1403 3374 νεκρωθῆναι

250 3384 344 3472 αότῦγς
359 3387 412 3472 τήν
434 3387 549 3475 μήτραν
571 3391 621 3454 καί
645 3388 700 3472 τήν
724 3387 845 3475 ιπηγὴν
862 3388 915 3472 τήν
931 3387 994 3456 κατ’
1009 3389 1133 3473 έθισμόν
1145 3385 1401 3475 ξηρανθῆναιαῦ·

251 3499 304 3568 θος
319 3487 598 3575 άναζοιογονουμένη
613 3493 656 3566 είς
670 3490 835 3574 καταβολὴν
848 3493 1023 3576 σπέρματος,
1037 3489 1121 3575 καλή
1139 3496 1320 3577 ’πρεσβῦτις
1336 3499 1403 3560 κυδ-

251 3613 364 3658 σκουσα
384 3593 486 3658 τέκνον
503 3589 565 3658 κατ’
581 3595 753 3678 έπαγγελίαν
774 3591 824 3658 διά
845 3591 899 3675 τήν
912 3595 1022 3658 Ιέλυίιλα
1044 3602 1096 3677 τῆς
1115 3591 1309 3671 άναστάσεας.
1356 3593 1404 3660 Οῦ

252 3692 312 3776 μὴν
329 3695 361 3758 δέ
379 3691 451 3758 άλλά
471 3696 523 3760 καί
537 3691 648 3776 Ἰακῶβ
665 3692 873 3777 ἐπιμελόμενος
896 3701 957 3760 τῶν
981 3698 1065 3761 ἰδίων
1081 3691 1206 3775 όστέοεν,
1223 3693 1268 3772 σός
1279 3693 1316 3761 οό
1331 3699 1404 3782 περὶ

254 3792 472 3878 άπολλυμένων,
494 3797 658 3862 ένετέλλετο.
691 3793 736 3860 Οό
750 3795 843 3879 μόνον
859 3795 891 3861 δέ
905 3794 976 3860 άλλά
992 3799 1043 3861 καλ
1059 3794 1173 3879 Ἰωσὴφ
1187 3823 1223 3888 τη
1238 3796 1312 3888 αὐτῇ
1329 3795 1403 3864 άκο-

252 3901 362 3984 λσυθίγ
384 3895 582 3979 έντελλόμενος
602 3903 656 3980 τῆς
677 3894 863 3974 άναστάσεως
884 3895 1029 3978 ὑπέφαινε
1046 3897 1078 3964 τό
1095 3895 1182 3975 είδος.
1229 3897 1275 3964 Οό
1291 3897 1350 3982 μὴν
1369 3901 1405 3966 δέ

254 3993 326 4062 άλλά
342 3986 393 4063 καί
408 3993 429 4080 ἡ
445 3996 557 4085 ῥάβδος
570 4006 623 4063 τοῦ
636 3996 749 4083 Ἀαρῶν
765 3995 783 4080 ἡ
798 3999 984 4082 βλαστήσασα
998 3999 1073 4086 ξηρά
1088 3992 1162 4066 οὖσα
1176 3993 1269 4077 αὖθις
1284 3998 1405 4086 καρπόν

253 4093 376 4182 ἤνεγκεν
389 4101 431 4174 είς
443 4101 547 4164 έλπίδα
563 4106 653 4182 ζωῆς,
676 4098 713 4165 τά
725 4098 814 4186 νεκρά
830 4099 951 4184 στόματα
964 4097 1051 4184 ἡμῶν
1068 4099 1283 4185 ἀναστήσεσθαι
1297 4107 1406 4184 σημαί-

254 4220 365 4277 νουσα,
387 4203 429 4276 είς
450 4198 610 4266 άνάστασιν
625 4201 658 4265 δέ
680 4203 821 4287 φέρουσα.
866 4204 926 4266 Καὶ
950 4199 971 4285 ἡ
994 4208 1046 4268 τοῦ
1066 4206 1223 4281 Μωῦσέοες
1241 4203 1273 4270 δέ
1288 4201 1406 4290 ῥάβδος

288 4381 388 4452 ἔλπομ’
403 4382 490 4448 αὐτοῖς
506 4391 550 4440 λοι.
558 4391 695 4510 scaligeri
687 4396 730 4440 est
734 4405 810 4442 τνιενι-
843 4395 904 4451 τοίς.
932 4392 1067 4463 λὀεολστῶ
1081 4399 1135 4444 ante
1145 4391 1405 4460 παρὰοειωῶλίλτ-

255 4455 328 4504 δολία.
355 4457 451 4506 Ρείονίο
464 4459 555 4518 placuit
570 4475 620 4522 παρ
652 4453 755 4518 τούτοις.
784 4460 811 4508 ίει
844 4460 894 4522 dia.

254 4523 305 4572 τσο.
321 4523 418 4586 Rhodia.
432 4525 725 4588 ιετσίιλελδδνειλτρδέυτ
744 4521 812 4591 παρὰ
882 4527 942 4577 (λιν.
956 4528 1104 4580 111.-1
1121 4525 1405 4597 οηγηντηνοοῶίίλι
1485 4537 1486 4552 ’
