3018 4994
375 306 510 358 sannen
527 306 590 358 nro.
604 309 622 358 ι.
639 307 720 360 rom.
734 308 765 358 u.
782 305 880 360 nanu.
895 307 1008 359 xxxn.
1036 306 1037 314 ¹
1202 295 1263 360 397

114 437 199 488 tatem
216 447 299 500 oceo,
333 427 485 490 manileste
504 427 609 490 latetur
628 447 695 490 esse
713 426 786 490 haec
804 448 879 512 quae
896 427 1042 514 proposita
1061 439 1130 492 suot
1146 429 1263 492 omnino

114 528 256 607 condicta,
286 550 377 612 seque
396 529 511 594 fabulae
528 529 595 594 huic
611 529 783 615 imposuisse
801 529 918 593 nomina
936 551 1011 614 quae
1028 529 1063 594 ab
1082 531 1198 594 nemine
1215 531 1266 594 ha·

114 641 218 696 ctenus
240 643 378 718 usurpata
399 633 524 698 luerent.
570 629 756 716 Proindeqne
778 632 885 696 nemini
905 632 1020 696 dubium
1041 643 1085 696 est
1103 633 1171 717 quin
1192 633 1263 698 haec

112 733 163 797 ille
178 735 301 820 primum
319 733 471 812 indiderit,
496 757 530 798 ac
547 733 603 800 nisi
622 735 684 820 ipse
701 735 730 797 in
747 733 806 798 vita
825 734 973 798 extitisset
989 734 1161 820 aliquando,
1186 737 1264 802 veri-

113 848 159 900 tas
174 836 274 920 ntique
288 837 406 923 proprio
421 838 538 902 nomine
553 838 681 902 caritura
698 836 795 900 luerit.
835 835 911 921 Quid
925 837 1014 920 igitur
1028 837 1161 922 prohibet
1175 839 1263 904 alium

113 939 272 1023 quemlihet
287 940 317 1003 in
332 941 432 1004 eadem
449 941 569 1004 materia
586 949 665 1003 certa
681 939 822 1004 vocabula
837 939 1036 1003 constituere?
1078 937 1179 1022 Quare
1195 962 1264 1006 san-

112 1051 178 1106 etus
197 1042 351 1129 episcopus
370 1040 530 1121 heraeus,
562 1053 595 1106 ut
612 1041 755 1123 diximus,
787 1041 907 1106 ridicula
930 1041 1069 1126 quaedam
1093 1043 1209 1120 nomina
1229 1067 1263 1110 ac

111 1164 167 1230 per
181 1144 274 1209 iocum
290 1167 306 1208 a
322 1145 418 1232 seipso
434 1143 593 1230 composita
607 1143 734 1223 subiicit,
760 1155 894 1228 tanquam
910 1144 1023 1208 illorum
1039 1145 1122 1228 nugis
1140 1167 1264 1212 consen·

112 1258 220 1328 tanea,
252 1247 413 1312 cuiusmodi
431 1259 500 1312 sunt
515 1268 658 1333 peponum
675 1267 709 1310 ac
727 1247 940 1310 cucurbitarum
957 1257 1007 1310 aut
1023 1246 1261 1333 colocyntharum

111 1369 241 1435 genera,
267 1372 388 1434 quorum
406 1349 616 1436 appellationes
633 1349 722 1412 certis
739 1349 827 1412 rebus
844 1347 990 1427 attribuit3
1020 1349 1048 1412 id
1066 1351 1140 1434 quod
1158 1352 1262 1416 eruditi

112 1451 247 1517 homines
270 1453 356 1517 facile
379 1474 418 1517 ex
440 1453 477 1516 iis
499 1473 574 1536 quae
596 1462 684 1516 ersten
705 1450 831 1535 legerint
851 1451 1094 1516 animadvertent.

195 1551 334 1620 Ceterum
350 1555 480 1620 nonnulli
493 1553 602 1619 axillis
615 1554 735 1639 primam
749 1565 835 1638 atque
849 1554 1077 1638 antiquissimam
1092 1551 1260 1640 Ogdoadem
1280 1561 1339 1629 cap.
1350 1564 1403 1617 vu.

112 1658 195 1722 hisce
214 1657 377 1722 nominibus
394 1657 566 1742 insigniunt.
609 1654 738 1720 Primam
756 1657 832 1720 euim
850 1677 915 1720 esse
933 1667 1064 1720 statuunt
1079 1654 1260 1737 Proarclren,

110 1762 168 1824 hoe
190 1770 238 1825 est
259 1761 380 1847 primum
403 1761 530 1824 omnium
548 1756 743 1844 Principium,
775 1770 833 1822 tum
852 1759 1076 1836 bosnensium,
1105 1758 1169 1824 sive
1187 1762 1261 1846 quod

111 1863 308 1948 intelligentia
323 1863 384 1948 capi
399 1885 456 1928 oon
471 1871 577 1947 potest,
595 1861 711 1926 tertium
726 1858 947 1947 inexplicabile,
965 1872 1094 1946 quartum
1105 1861 1261 1942 Acratum,

109 1967 140 2029 id
159 1976 206 2030 est
220 1977 369 2050 aspectum
385 1965 510 2049 lugiens.
556 1961 615 2028 lam
632 1985 649 2027 a
664 1961 812 2028 Proarche
827 1963 920 2050 primo
936 1985 970 2028 ao
985 1965 1085 2048 quinto
1099 1965 1164 2028 loco
1178 1963 1264 2029 Prin-

111 2067 220 2154 cipium
238 2079 386 2132 exortam.
432 2068 460 2131 Α
475 2065 624 2152 Principio
639 2087 729 2144 vero,
753 2067 828 2151 quod
844 2065 1051 2130 Anennobtum
1069 2078 1191 2147 vocant,
1215 2090 1263 2132 se-

111 2171 209 2234 cnndo
223 2181 368 2256 sextoque
383 2170 448 2234 loco
462 2171 629 2255 productum
646 2167 862 2254 Aeataleptum,
886 2169 941 2234 hoc
955 2181 1000 2233 est
1015 2169 1262 2256 incomprehensi·

110 2273 183 2336 hile.
229 2272 277 2336 Ab
295 2271 493 2358 inexplicabili
513 2271 616 2336 deinde
635 2270 722 2335 tertio
740 2271 804 2334 loeo
824 2292 859 2336 ao
875 2271 999 2357 septimo
1013 2272 1261 2351 Anonomastum,

110 2376 177 2440 sire
193 2371 417 2440 lnnominahile.
463 2371 587 2439 Domum
603 2373 638 2438 ab
656 2375 768 2438 horam
784 2374 983 2459 Agennetom‚
1006 2375 1069 2438 sive
1085 2371 1260 2459 ingenitum,

110 2477 257 2563 prodiisse
278 2477 389 2563 primae
410 2476 488 2542 illios
511 2473 661 2562 Ogdoadis
684 2477 936 2562 complementum.
982 2474 1045 2541 Has
1066 2477 1106 2541 illi
1129 2475 1262 2542 Virtutes

110 2591 181 2646 ante
200 2577 318 2666 Bython
336 2601 370 2643 ao
386 2576 478 2665 Sigen
496 2579 632 2644 extitisse
650 2587 788 2656 censent,
812 2591 842 2644 ut
860 2577 996 2664 perlectis
1014 2580 1203 2665 perfectiores
1219 2591 1262 2643 at·

110 2704 170 2768 qne
197 2681 427 2766 intelligentibus
451 2681 693 2766 intelligentiores
720 2702 787 2746 esse
813 2681 976 2746 videantur.
1022 2677 1261 2766 Onugacissimi

110 2783 325 2869 vanissimisque
339 2783 503 2870 sophistael
545 2781 597 2848 Sic
614 2784 690 2848 enim
706 2805 758 2848 eos
774 2784 838 2848 iure
853 2783 993 2870 quispiam
1009 2783 1143 2869 appellet.
1184 2781 1260 2848 Nam

110 2899 143 2951 et
157 2887 194 2951 de
209 2883 307 2972 Bytho
322 2886 418 2972 plures
432 2896 500 2951 sunt
514 2887 588 2972 apud
603 2886 668 2950 illos
682 2887 801 2971 alioqui,
825 2907 859 2951 ac
872 2885 1069 2972 discrepantes
1084 2886 1260 2950 sententiae.

111 2987 240 3074 Quidam
259 2989 335 3054 enim
352 2988 481 3072 iniugem
496 2988 576 3053 illum
593 3009 660 3054 esse
678 2988 835 3067 deliniunt,
860 3010 913 3052 nec
929 3009 1039 3052 marem
1055 2988 1183 3068 scilicet,
1207 3009 1261 3052 nec

109 3092 265 3171 feminam,
284 3111 378 3176 neque
392 3092 510 3154 omnino
524 3091 644 3156 alterius
657 3093 776 3176 generis
790 3091 865 3156 aliud
881 3091 1043 3175 quiequam.
1080 3090 1140 3155 Alii
1152 3101 1262 3155 utrum·

110 3215 170 3281 qne
186 3194 215 3260 ei
233 3213 336 3258 sexum
355 3193 532 3274 attribuunt,
555 3205 584 3258 et
600 3193 812 3280 Androgynnm
831 3193 951 3258 iaciunt.
997 3191 1088 3277 Sigen
1108 3214 1195 3280 porro
1213 3193 1260 3257 alii

109 3296 268 3380 coniugem
287 3296 364 3359 illins
386 3317 453 3360 esse
473 3297 588 3375 dicunt,
622 3308 654 3360 ut
672 3296 727 3360 hoc
745 3318 798 3382 par
815 3295 854 3360 sit
871 3296 996 3360 omnium
1016 3296 1259 3381 antiquissimum,

108 3421 150 3464 ea
167 3419 226 3483 qno
241 3410 341 3464 cetera
357 3399 393 3462 ad
410 3421 475 3464 eum
492 3400 605 3464 modum
621 3399 700 3463 velut
714 3398 860 3463 scenicam
876 3398 1000 3463 fabulam
1017 3409 1185 3485 pertenent.
1218 3395 1261 3462 lta

107 3522 226 3567 somma
243 3510 288 3564 est
301 3502 375 3587 apud
390 3501 469 3586 ipsos
483 3523 623 3587 nugarum
638 3523 672 3565 ac
689 3503 866 3566 somniorum
881 3501 1018 3580 licentia,
1042 3501 1145 3586 quibos
1160 3521 1261 3564 eorum

107 3623 196 3669 mens
219 3603 361 3668 altissimo
384 3604 506 3690 quodam
528 3614 651 3669 veterno
673 3623 708 3668 ae
730 3625 836 3690 sopore
858 3605 1015 3669 detinetur.

197 3701 380 3790 Quamquam
396 3706 463 3791 quid
486 3705 532 3770 hic
555 3727 610 3790 ego
627 3706 733 3770 diutius
750 3707 905 3787 immoror,
929 3729 993 3770 cum
1009 3707 1103 3793 ipsum
1122 3726 1174 3791 per
1193 3725 1261 3770 sese

106 3811 228 3874 illorum
251 3820 451 3893 argumentum
474 3829 559 3874 omne
583 3809 668 3874 laoile
691 3811 846 3895 prodatur,
878 3820 1073 3896 appareatque
1094 3807 1142 3874 vel
1164 3828 1204 3871 ex
1225 3807 1261 3870 iis

108 3929 187 3998 quae
212 3908 288 3974 dieta
315 3922 384 3974 sunt
407 3911 644 3996 quemadmodum
670 3911 763 3976 everti
785 3911 976 3996 convincique
1002 3912 1115 3998 possit?
1165 3907 1211 3976 Sit
1236 3910 1261 3972 si

107 4013 200 4078 niodo
216 4013 374 4098 quispiam,
400 4013 447 4097 qui
466 4013 620 4076 inhaerere
636 4013 713 4077 ritae
727 4016 838 4099 cupiat,
863 4035 918 4078 nec
933 4014 1110 4078 inanissimis
1126 4013 1212 4098 nugis
1229 4033 1262 4075 ac

107 4115 271 4180 mendaciis
291 4114 395 4201 decipi.
440 4111 500 4180 Sed
522 4117 557 4180 de
579 4115 615 4180 iis
638 4115 790 4180 hactenus.
834 4115 900 4181 Nos
924 4117 977 4180 hae
997 4115 1113 4182 haeresi
1133 4127 1262 4202 praeter-

107 4218 202 4282 missa
220 4226 310 4282 tntum
329 4217 365 4281 ad
384 4228 500 4281 ceteras
515 4218 589 4298 iter,
614 4239 648 4283 ac
666 4219 782 4305 planum
800 4218 1026 4306 prospiciemus,
1050 4220 1128 4284 utin
1147 4218 1262 4283 illorum

141 4401 168 4456 4.
190 4407 237 4456 let.
250 4408 347 4468 lnlerpr.
361 4407 428 4456 addit
442 4415 529 4474 quarto
544 4416 569 4457 et
582 4417 672 4458 octavo
707 4409 825 4471 agnoscit,
841 4411 988 4460 desiderator
1003 4413 1027 4459 in
1044 4411 1096 4460 cod.
1113 4409 1186 4460 Vatia.

107 4475 177 4526 loco.
737 4475 762 4528 6.
778 4478 814 4526 lto
827 4477 961 4528 eodt'otm.
988 4480 1060 4540 t'otqo
1073 4471 1264 4544 δραματουργιὶ-

141 4543 168 4594 5.
186 4542 273 4596 πολιαι
291 4539 350 4606 καὶ,
366 4545 672 4608 praemonstremus
706 4560 785 4598 aanor.
