<?xml version="1.0" encoding="UTF-8"?>
<!DOCTYPE html PUBLIC "-//W3C//DTD XHTML 1.0 Transitional//EN"
    "http://www.w3.org/TR/xhtml1/DTD/xhtml1-transitional.dtd">
<html xmlns="http://www.w3.org/1999/xhtml" xml:lang="en" lang="en">
 <head>
  <title>
</title>
<meta http-equiv="Content-Type" content="text/html;charset=utf-8" />
  <meta name='ocr-system' content='tesseract 3.04.00' />
  <meta name='ocr-capabilities' content='ocr_page ocr_carea ocr_par ocr_line ocrx_word'/>
</head>
<body>
  <div class='ocr_page' id='page_1' title='image "./corporishaerese03oehlgoog_0685.png"; bbox 0 0 2984 4996; ppageno 0'>
   <div class='ocr_carea' id='block_1_1' title="bbox 277 281 1002 346">
    <p class='ocr_par' dir='ltr' id='par_1_1' title="bbox 277 281 1002 346">
     <span class='ocr_line' id='line_1_1' title="bbox 277 281 1002 346; baseline 0.001 -5"><span class='ocrx_word' id='word_1_1' title='bbox 277 281 338 346; x_wconf 78' lang='grc'><strong><em>668</em></strong></span> <span class='ocrx_word' id='word_1_2' title='bbox 697 288 817 344; x_wconf 73' lang='lat' dir='ltr'>SANCTI</span> <span class='ocrx_word' id='word_1_3' title='bbox 833 289 1002 342; x_wconf 79' lang='grc' dir='ltr'><strong>ΕΡΙΡΗΔΝΙΙ</strong></span> 
     </span>
    </p>
   </div>
   <div class='ocr_carea' id='block_1_2' title="bbox 102 404 1422 3866">
    <p class='ocr_par' dir='ltr' id='par_1_2' title="bbox 273 404 1419 1310">
     <span class='ocr_line' id='line_1_2' title="bbox 276 404 1418 496; baseline 0 -22"><span class='ocrx_word' id='word_1_4' title='bbox 276 407 413 492; x_wconf 84' lang='grc' dir='ltr'><strong><em>ρτοκότος.</em></strong></span> <span class='ocrx_word' id='word_1_5' title='bbox 454 404 525 472; x_wconf 81' lang='grc' dir='ltr'><strong><em>Ἀλλ’</em></strong></span> <span class='ocrx_word' id='word_1_6' title='bbox 540 405 610 474; x_wconf 72' lang='grc' dir='ltr'><strong><em>οῦδὲ</em></strong></span> <span class='ocrx_word' id='word_1_7' title='bbox 624 405 776 482; x_wconf 80' lang='grc' dir='ltr'><strong><em>όντίθετος</em></strong></span> <span class='ocrx_word' id='word_1_8' title='bbox 792 405 810 472; x_wconf 89' lang='grc' dir='ltr'><strong><em>ό</em></strong></span> <span class='ocrx_word' id='word_1_9' title='bbox 827 405 954 493; x_wconf 88' lang='grc' dir='ltr'><strong><em>Χριστός</em></strong></span> <span class='ocrx_word' id='word_1_10' title='bbox 969 413 1011 496; x_wconf 76' lang='grc' dir='ltr'><strong><em>τῶ</em></strong></span> <span class='ocrx_word' id='word_1_11' title='bbox 1027 412 1091 496; x_wconf 72' lang='grc' dir='ltr'><strong><em>θεῷ</em></strong></span> <span class='ocrx_word' id='word_1_12' title='bbox 1107 414 1149 496; x_wconf 80' lang='grc' dir='ltr'><strong><em>τρῦ</em></strong></span> <span class='ocrx_word' id='word_1_13' title='bbox 1166 405 1310 474; x_wconf 78' lang='grc' dir='ltr'><strong><em>δεδωκότι</em></strong></span> <span class='ocrx_word' id='word_1_14' title='bbox 1327 407 1418 490; x_wconf 76' lang='grc' dir='ltr'><strong><em>νόμον</em></strong></span> 
     </span>
     <span class='ocr_line' id='line_1_3' title="bbox 275 507 1419 598; baseline 0.001 -23"><span class='ocrx_word' id='word_1_15' title='bbox 275 514 326 576; x_wconf 85' lang='grc' dir='ltr'><strong><em>καὶ</em></strong></span> <span class='ocrx_word' id='word_1_16' title='bbox 350 507 513 592; x_wconf 75' lang='grc' dir='ltr'><strong><em>προφήτας.</em></strong></span> <span class='ocrx_word' id='word_1_17' title='bbox 560 507 619 574; x_wconf 81' lang='grc' dir='ltr'><strong><em>Διό</em></strong></span> <span class='ocrx_word' id='word_1_18' title='bbox 641 507 695 594; x_wconf 83' lang='grc' dir='ltr'><strong><em>γόρ</em></strong></span> <span class='ocrx_word' id='word_1_19' title='bbox 717 507 749 575; x_wconf 90' lang='grc' dir='ltr'><strong><em>τό</em></strong></span> <span class='ocrx_word' id='word_1_20' title='bbox 775 511 806 574; x_wconf 88' lang='grc' dir='ltr'><strong><em>ἐν</em></strong></span> <span class='ocrx_word' id='word_1_21' title='bbox 828 507 908 598; x_wconf 74' lang='grc' dir='ltr'><strong><em>αὐτῷ</em></strong></span> <span class='ocrx_word' id='word_1_22' title='bbox 928 508 982 584; x_wconf 81' lang='grc' dir='ltr'><strong><em>τός</em></strong></span> <span class='ocrx_word' id='word_1_23' title='bbox 1004 511 1231 594; x_wconf 82' lang='grc' dir='ltr'><strong><em>ἐπαγγελθείσας</em></strong></span> <span class='ocrx_word' id='word_1_24' title='bbox 1252 508 1419 593; x_wconf 68' lang='grc' dir='ltr'><strong><em>ὑποσχέσεις</em></strong></span> 
     </span>
     <span class='ocr_line' id='line_1_4' title="bbox 279 608 1416 701; baseline 0 -25"><span class='ocrx_word' id='word_1_25' title='bbox 279 614 380 676; x_wconf 68' lang='grc' dir='ltr'><strong><em>69Ναί</em></strong></span> <span class='ocrx_word' id='word_1_26' title='bbox 403 616 551 697; x_wconf 84' lang='grc' dir='ltr'><strong><em>γίνεσθαι,</em></strong></span> <span class='ocrx_word' id='word_1_27' title='bbox 581 610 631 675; x_wconf 81' lang='grc' dir='ltr'><strong><em>διό</em></strong></span> <span class='ocrx_word' id='word_1_28' title='bbox 651 612 738 678; x_wconf 87' lang='grc' dir='ltr'><strong><em>τοῦτό</em></strong></span> <span class='ocrx_word' id='word_1_29' title='bbox 760 633 847 694; x_wconf 88' lang='grc' dir='ltr'><strong><em>φησι,</em></strong></span> <span class='ocrx_word' id='word_1_30' title='bbox 879 614 935 676; x_wconf 85' lang='grc' dir='ltr'><strong><em>Καί</em></strong></span> <span class='ocrx_word' id='word_1_31' title='bbox 957 609 995 676; x_wconf 86' lang='grc' dir='ltr'><strong><em>δι’</em></strong></span> <span class='ocrx_word' id='word_1_32' title='bbox 1017 608 1107 676; x_wconf 85' lang='grc' dir='ltr'><strong><em>αότοῦ</em></strong></span> <span class='ocrx_word' id='word_1_33' title='bbox 1128 610 1162 676; x_wconf 89' lang='grc' dir='ltr'><strong><em>τό</em></strong></span> <span class='ocrx_word' id='word_1_34' title='bbox 1177 609 1271 694; x_wconf 71' lang='grc' dir='ltr'><strong><em>Ἀμίγν</em></strong></span> <span class='ocrx_word' id='word_1_35' title='bbox 1287 620 1329 701; x_wconf 76' lang='grc' dir='ltr'><strong><em>τῷ</em></strong></span> <span class='ocrx_word' id='word_1_36' title='bbox 1348 620 1416 698; x_wconf 70' lang='grc' dir='ltr'><strong><em>θεῷ·</em></strong></span> 
     </span>
     <span class='ocr_line' id='line_1_5' title="bbox 274 712 1418 799; baseline 0 -21"><span class='ocrx_word' id='word_1_37' title='bbox 274 721 349 780; x_wconf 82' lang='grc' dir='ltr'><strong><em>θεοῦ</em></strong></span> <span class='ocrx_word' id='word_1_38' title='bbox 364 715 416 797; x_wconf 84' lang='grc' dir='ltr'><strong><em>μὲν</em></strong></span> <span class='ocrx_word' id='word_1_39' title='bbox 431 712 542 796; x_wconf 86' lang='grc' dir='ltr'><strong><em>πατρός</em></strong></span> <span class='ocrx_word' id='word_1_40' title='bbox 556 715 815 799; x_wconf 69' lang='grc' dir='ltr'><strong><em>ἐπαγγειλαμένου,</em></strong></span> <span class='ocrx_word' id='word_1_41' title='bbox 840 720 970 799; x_wconf 78' lang='grc' dir='ltr'><strong>Χριστοῦ</strong></span> <span class='ocrx_word' id='word_1_42' title='bbox 983 713 1016 778; x_wconf 85' lang='grc' dir='ltr'><strong><em>δέ</em></strong></span> <span class='ocrx_word' id='word_1_43' title='bbox 1028 721 1082 778; x_wconf 90' lang='grc' dir='ltr'><strong><em>τοῦ</em></strong></span> <span class='ocrx_word' id='word_1_44' title='bbox 1097 716 1147 778; x_wconf 81' lang='grc' dir='ltr'><strong><em>καὶ</em></strong></span> <span class='ocrx_word' id='word_1_45' title='bbox 1162 717 1362 796; x_wconf 84' lang='grc' dir='ltr'><strong><em>βεβαιοῦντος</em></strong></span> <span class='ocrx_word' id='word_1_46' title='bbox 1374 715 1418 778; x_wconf 81' lang='grc' dir='ltr'><strong><em>ντί</em></strong></span> 
     </span>
     <span class='ocr_line' id='line_1_6' title="bbox 275 812 1418 905; baseline 0 -23"><span class='ocrx_word' id='word_1_47' title='bbox 275 820 381 901; x_wconf 90' lang='grc' dir='ltr'><strong><em>κυρίου</em></strong></span> <span class='ocrx_word' id='word_1_48' title='bbox 396 815 428 882; x_wconf 92' lang='grc' dir='ltr'><strong><em>τό</em></strong></span> <span class='ocrx_word' id='word_1_49' title='bbox 445 813 535 898; x_wconf 80' lang='grc' dir='ltr'><strong><em>Ἀμήν</em></strong></span> <span class='ocrx_word' id='word_1_50' title='bbox 549 817 794 900; x_wconf 76' lang='grc' dir='ltr'><strong><em>περιποιουμένου</em></strong></span> <span class='ocrx_word' id='word_1_51' title='bbox 809 814 847 881; x_wconf 82' lang='grc' dir='ltr'><strong><em>δι’</em></strong></span> <span class='ocrx_word' id='word_1_52' title='bbox 861 813 955 880; x_wconf 85' lang='grc' dir='ltr'><strong><em>αότοῦ</em></strong></span> <span class='ocrx_word' id='word_1_53' title='bbox 969 817 1001 882; x_wconf 90' lang='grc' dir='ltr'><strong><em>ἐν</em></strong></span> <span class='ocrx_word' id='word_1_54' title='bbox 1015 824 1078 892; x_wconf 85' lang='grc' dir='ltr'><strong><em>τοῖς</em></strong></span> <span class='ocrx_word' id='word_1_55' title='bbox 1092 812 1129 880; x_wconf 86' lang='grc' dir='ltr'><strong><em>δι’</em></strong></span> <span class='ocrx_word' id='word_1_56' title='bbox 1142 813 1237 880; x_wconf 90' lang='grc' dir='ltr'><strong><em>αῦτοῦ</em></strong></span> <span class='ocrx_word' id='word_1_57' title='bbox 1250 824 1289 905; x_wconf 74' lang='grc' dir='ltr'><strong><em>τῇ</em></strong></span> <span class='ocrx_word' id='word_1_58' title='bbox 1307 819 1418 901; x_wconf 72' lang='grc' dir='ltr'><strong><em>ἐπτγγε</em></strong></span> 
     </span>
     <span class='ocr_line' id='line_1_7' title="bbox 274 915 1417 1006; baseline 0.002 -24"><span class='ocrx_word' id='word_1_59' title='bbox 274 923 320 1006; x_wconf 60' lang='lat' dir='ltr'><strong><em>atq</em></strong></span> <span class='ocrx_word' id='word_1_60' title='bbox 334 923 523 1000; x_wconf 82' lang='grc' dir='ltr'><strong><em>βεβαιωθεῖσι</em></strong></span> <span class='ocrx_word' id='word_1_61' title='bbox 540 921 635 984; x_wconf 76' lang='grc' dir='ltr'><strong><em>70καί</em></strong></span> <span class='ocrx_word' id='word_1_62' title='bbox 649 921 854 1004; x_wconf 82' lang='grc' dir='ltr'><strong><em>ἐπιγνωσθεῖσι</em></strong></span> <span class='ocrx_word' id='word_1_63' title='bbox 868 917 919 984; x_wconf 91' lang='grc' dir='ltr'><strong><em>τόν</em></strong></span> <span class='ocrx_word' id='word_1_64' title='bbox 932 920 1043 1002; x_wconf 85' lang='grc' dir='ltr'><strong><em>πατέρα</em></strong></span> <span class='ocrx_word' id='word_1_65' title='bbox 1058 915 1149 982; x_wconf 87' lang='grc' dir='ltr'><strong><em>αῦτοῦ</em></strong></span> <span class='ocrx_word' id='word_1_66' title='bbox 1165 921 1197 984; x_wconf 89' lang='grc' dir='ltr'><strong><em>ἐν</em></strong></span> <span class='ocrx_word' id='word_1_67' title='bbox 1209 917 1297 1006; x_wconf 82' lang='grc' dir='ltr'><strong><em>νόμιμ</em></strong></span> <span class='ocrx_word' id='word_1_68' title='bbox 1312 927 1417 1000; x_wconf 80' lang='grc' dir='ltr'><strong><em>λελαλη-</em></strong></span> 
     </span>
     <span class='ocr_line' id='line_1_8' title="bbox 274 1018 1417 1108; baseline -0.002 -22"><span class='ocrx_word' id='word_1_69' title='bbox 274 1020 363 1100; x_wconf 86' lang='grc' dir='ltr'><strong><em>κότα,</em></strong></span> <span class='ocrx_word' id='word_1_70' title='bbox 391 1023 443 1086; x_wconf 82' lang='grc' dir='ltr'><strong><em>καί</em></strong></span> <span class='ocrx_word' id='word_1_71' title='bbox 467 1023 498 1086; x_wconf 91' lang='grc' dir='ltr'><strong><em>ἐν</em></strong></span> <span class='ocrx_word' id='word_1_72' title='bbox 522 1018 674 1108; x_wconf 74' lang='grc' dir='ltr'><strong><em>εὐαγγελίῳ</em></strong></span> <span class='ocrx_word' id='word_1_73' title='bbox 697 1030 759 1096; x_wconf 83' lang='grc' dir='ltr'><strong><em>τοῖς</em></strong></span> <span class='ocrx_word' id='word_1_74' title='bbox 781 1019 985 1087; x_wconf 73' lang='grc' dir='ltr'><strong><em>πεπιστευκόσι</em></strong></span> <span class='ocrx_word' id='word_1_75' title='bbox 1006 1021 1211 1105; x_wconf 87' lang='grc' dir='ltr'><strong><em>δεδαρημένον</em></strong></span> <span class='ocrx_word' id='word_1_76' title='bbox 1232 1018 1270 1084; x_wconf 76' lang='grc' dir='ltr'><strong><em>τό</em></strong></span> <span class='ocrx_word' id='word_1_77' title='bbox 1294 1020 1417 1102; x_wconf 72' lang='grc' dir='ltr'><strong><em>σωτήρια</em></strong></span> 
     </span>
     <span class='ocr_line' id='line_1_9' title="bbox 273 1119 1418 1210; baseline -0.002 -22"><span class='ocrx_word' id='word_1_78' title='bbox 273 1129 332 1188; x_wconf 87' lang='grc' dir='ltr'><strong><em>τῶν</em></strong></span> <span class='ocrx_word' id='word_1_79' title='bbox 348 1121 490 1209; x_wconf 83' lang='grc' dir='ltr'><strong><em>λεγόντοιν</em></strong></span> <span class='ocrx_word' id='word_1_80' title='bbox 509 1121 545 1190; x_wconf 81' lang='grc' dir='ltr'><strong><em>δι’</em></strong></span> <span class='ocrx_word' id='word_1_81' title='bbox 563 1121 654 1190; x_wconf 84' lang='grc' dir='ltr'><strong><em>αῦτσῦ</em></strong></span> <span class='ocrx_word' id='word_1_82' title='bbox 671 1124 806 1208; x_wconf 86' lang='grc' dir='ltr'><strong><em>ίέγοντος</em></strong></span> <span class='ocrx_word' id='word_1_83' title='bbox 824 1129 970 1210; x_wconf 88' lang='grc' dir='ltr'><strong><em>Χριστοῦ,</em></strong></span> <span class='ocrx_word' id='word_1_84' title='bbox 994 1124 1071 1201; x_wconf 83' lang='grc' dir='ltr'><strong><em>Ναί,</em></strong></span> <span class='ocrx_word' id='word_1_85' title='bbox 1093 1119 1239 1208; x_wconf 76' lang='grc' dir='ltr'><strong><em>όπατήρ,</em></strong></span> <span class='ocrx_word' id='word_1_86' title='bbox 1262 1122 1311 1189; x_wconf 81' lang='grc' dir='ltr'><strong><em>ὅτι</em></strong></span> <span class='ocrx_word' id='word_1_87' title='bbox 1330 1122 1418 1198; x_wconf 81' lang='grc' dir='ltr'><strong><em>οῦτας</em></strong></span> 
     </span>
     <span class='ocr_line' id='line_1_10' title="bbox 275 1223 804 1310; baseline 0 -20"><span class='ocrx_word' id='word_1_88' title='bbox 275 1227 385 1310; x_wconf 73' lang='grc' dir='ltr'><strong><em>ἐγένετο</em></strong></span> <span class='ocrx_word' id='word_1_89' title='bbox 408 1223 429 1307; x_wconf 77' lang='grc' dir='ltr'><em>ἦ</em></span> <span class='ocrx_word' id='word_1_90' title='bbox 451 1223 571 1292; x_wconf 85' lang='grc' dir='ltr'><strong><em>εῦδοκία</em></strong></span> <span class='ocrx_word' id='word_1_91' title='bbox 593 1223 721 1292; x_wconf 89' lang='grc' dir='ltr'><strong><em>ἐυῶπιόν</em></strong></span> <span class='ocrx_word' id='word_1_92' title='bbox 741 1246 804 1291; x_wconf 90' lang='grc' dir='ltr'><strong><em>σου.</em></strong></span> 
     </span>
    </p>

    <p class='ocr_par' dir='ltr' id='par_1_3' title="bbox 270 1323 1419 1614">
     <span class='ocr_line' id='line_1_11' title="bbox 358 1323 1419 1413; baseline -0.004 -19"><span class='ocrx_word' id='word_1_93' title='bbox 358 1326 385 1409; x_wconf 80' lang='grc' dir='ltr'><strong><em>β’</em></strong></span> <span class='ocrx_word' id='word_1_94' title='bbox 398 1329 449 1394; x_wconf 84' lang='grc' dir='ltr'><strong><em>καί</em></strong></span> <span class='ocrx_word' id='word_1_95' title='bbox 463 1326 506 1402; x_wconf 80' lang='grc' dir='ltr'><strong><em>ις’</em></strong></span> <span class='ocrx_word' id='word_1_96' title='bbox 522 1327 609 1411; x_wconf 79' lang='grc' dir='ltr'><strong><em>Σχόλ.</em></strong></span> <span class='ocrx_word' id='word_1_97' title='bbox 644 1324 689 1392; x_wconf 85' lang='grc' dir='ltr'><strong><em>Οό</em></strong></span> <span class='ocrx_word' id='word_1_98' title='bbox 710 1327 765 1413; x_wconf 84' lang='grc' dir='ltr'><strong><em>γόρ</em></strong></span> <span class='ocrx_word' id='word_1_99' title='bbox 785 1325 908 1403; x_wconf 84' lang='grc' dir='ltr'><strong><em>ἓαυτοῦς</em></strong></span> <span class='ocrx_word' id='word_1_100' title='bbox 924 1325 1120 1410; x_wconf 76' lang='grc' dir='ltr'><strong><em>κηρύσσομεν,</em></strong></span> <span class='ocrx_word' id='word_1_101' title='bbox 1153 1332 1188 1395; x_wconf 67' lang='grc' dir='ltr'><strong><em>ίέ</em></strong></span> <span class='ocrx_word' id='word_1_102' title='bbox 1200 1323 1270 1390; x_wconf 83' lang='grc' dir='ltr'><strong><em>όλλοί</em></strong></span> <span class='ocrx_word' id='word_1_103' title='bbox 1290 1325 1419 1410; x_wconf 80' lang='grc' dir='ltr'><strong><em>Χριστόν</em></strong></span> 
     </span>
     <span class='ocr_line' id='line_1_12' title="bbox 270 1425 1419 1512; baseline 0.001 -19"><span class='ocrx_word' id='word_1_104' title='bbox 270 1427 398 1512; x_wconf 84' lang='grc' dir='ltr'><strong><em>Ἰησοῦν,</em></strong></span> <span class='ocrx_word' id='word_1_105' title='bbox 420 1429 543 1506; x_wconf 81' lang='grc' dir='ltr'><strong><em>ἐαυτοῦς</em></strong></span> <span class='ocrx_word' id='word_1_106' title='bbox 560 1431 592 1494; x_wconf 78' lang='grc' dir='ltr'><strong><em>δὲ</em></strong></span> <span class='ocrx_word' id='word_1_107' title='bbox 607 1427 731 1505; x_wconf 76' lang='grc' dir='ltr'><strong><em>δούλους</em></strong></span> <span class='ocrx_word' id='word_1_108' title='bbox 745 1426 829 1512; x_wconf 85' lang='grc' dir='ltr'><strong><em>ῦμῶν</em></strong></span> <span class='ocrx_word' id='word_1_109' title='bbox 845 1429 895 1496; x_wconf 85' lang='grc' dir='ltr'><strong><em>διό</em></strong></span> <span class='ocrx_word' id='word_1_110' title='bbox 913 1427 1065 1512; x_wconf 64' lang='grc' dir='ltr'><strong><em>72Ἰησοῦ·</em></strong></span> <span class='ocrx_word' id='word_1_111' title='bbox 1094 1427 1140 1493; x_wconf 82' lang='grc' dir='ltr'><strong><em>ὅτι</em></strong></span> <span class='ocrx_word' id='word_1_112' title='bbox 1154 1427 1226 1504; x_wconf 78' lang='grc' dir='ltr'><strong><em>θεός</em></strong></span> <span class='ocrx_word' id='word_1_113' title='bbox 1242 1425 1261 1494; x_wconf 93' lang='grc' dir='ltr'><strong><em>ό</em></strong></span> <span class='ocrx_word' id='word_1_114' title='bbox 1277 1428 1419 1494; x_wconf 77' lang='grc' dir='ltr'><strong><em>εἶπνίνέτ</em></strong></span> 
     </span>
     <span class='ocr_line' id='line_1_13' title="bbox 273 1529 628 1614; baseline -0.008 -15"><span class='ocrx_word' id='word_1_115' title='bbox 273 1531 397 1608; x_wconf 82' lang='grc' dir='ltr'><strong><em>σκότους</em></strong></span> <span class='ocrx_word' id='word_1_116' title='bbox 418 1538 485 1612; x_wconf 88' lang='grc' dir='ltr'><strong><em>φῶς</em></strong></span> <span class='ocrx_word' id='word_1_117' title='bbox 505 1529 628 1614; x_wconf 74' lang='grc' dir='ltr'><strong><em>λάμψαι.</em></strong></span> 
     </span>
    </p>

    <p class='ocr_par' dir='ltr' id='par_1_4' title="bbox 273 1630 1422 2026">
     <span class='ocr_line' id='line_1_14' title="bbox 356 1630 1421 1719; baseline -0.004 -19"><span class='ocrx_word' id='word_1_118' title='bbox 356 1635 383 1715; x_wconf 69' lang='grc' dir='ltr'><strong><em>β’</em></strong></span> <span class='ocrx_word' id='word_1_119' title='bbox 399 1637 449 1700; x_wconf 87' lang='grc' dir='ltr'><strong><em>καί</em></strong></span> <span class='ocrx_word' id='word_1_120' title='bbox 464 1632 632 1719; x_wconf 77' lang='grc' dir='ltr'><strong><em>κς’Ἔλεγχ.</em></strong></span> <span class='ocrx_word' id='word_1_121' title='bbox 668 1632 712 1698; x_wconf 87' lang='grc' dir='ltr'><strong><em>Οῦ</em></strong></span> <span class='ocrx_word' id='word_1_122' title='bbox 733 1636 929 1718; x_wconf 76' lang='grc' dir='ltr'><strong><em>κηρύσσουσιν</em></strong></span> <span class='ocrx_word' id='word_1_123' title='bbox 951 1632 1074 1709; x_wconf 80' lang='grc' dir='ltr'><strong><em>ἓαυτοός</em></strong></span> <span class='ocrx_word' id='word_1_124' title='bbox 1093 1637 1126 1698; x_wconf 85' lang='grc' dir='ltr'><strong><em>οί</em></strong></span> <span class='ocrx_word' id='word_1_125' title='bbox 1144 1631 1318 1710; x_wconf 72' lang='grc' dir='ltr'><strong><em>ἀπόστολοι,</em></strong></span> <span class='ocrx_word' id='word_1_126' title='bbox 1351 1630 1421 1697; x_wconf 80' lang='grc' dir='ltr'><strong><em>όλλό</em></strong></span> 
     </span>
     <span class='ocr_line' id='line_1_15' title="bbox 276 1732 1421 1821; baseline -0.001 -22"><span class='ocrx_word' id='word_1_127' title='bbox 276 1733 405 1820; x_wconf 89' lang='grc' dir='ltr'><strong><em>Χριστόν</em></strong></span> <span class='ocrx_word' id='word_1_128' title='bbox 418 1735 532 1819; x_wconf 84' lang='grc' dir='ltr'><strong><em>Ἰησοῦν</em></strong></span> <span class='ocrx_word' id='word_1_129' title='bbox 545 1735 658 1821; x_wconf 81' lang='grc' dir='ltr'><strong><em>κόριον.</em></strong></span> <span class='ocrx_word' id='word_1_130' title='bbox 702 1735 758 1802; x_wconf 89' lang='grc' dir='ltr'><strong><em>Διό</em></strong></span> <span class='ocrx_word' id='word_1_131' title='bbox 774 1733 829 1802; x_wconf 88' lang='grc' dir='ltr'><strong><em>οῦκ</em></strong></span> <span class='ocrx_word' id='word_1_132' title='bbox 843 1739 885 1802; x_wconf 81' lang='grc' dir='ltr'><strong><em>ἐνι</em></strong></span> <span class='ocrx_word' id='word_1_133' title='bbox 900 1739 1019 1821; x_wconf 80' lang='grc' dir='ltr'><strong><em>αἵρεσις,</em></strong></span> <span class='ocrx_word' id='word_1_134' title='bbox 1038 1732 1106 1802; x_wconf 75' lang='grc' dir='ltr'><strong><em>οῦδὲ</em></strong></span> <span class='ocrx_word' id='word_1_135' title='bbox 1118 1737 1253 1819; x_wconf 75' lang='grc' dir='ltr'><strong><em>ἐκκλησία</em></strong></span> <span class='ocrx_word' id='word_1_136' title='bbox 1267 1738 1308 1810; x_wconf 86' lang='grc' dir='ltr'><strong><em>είς</em></strong></span> <span class='ocrx_word' id='word_1_137' title='bbox 1324 1733 1421 1817; x_wconf 77' lang='grc' dir='ltr'><strong><em>ὄνομα</em></strong></span> 
     </span>
     <span class='ocr_line' id='line_1_16' title="bbox 273 1834 1421 1924; baseline 0.001 -23"><span class='ocrx_word' id='word_1_138' title='bbox 273 1834 444 1904; x_wconf 87' lang='grc' dir='ltr'><strong><em>οίποστόλιον</em></strong></span> <span class='ocrx_word' id='word_1_139' title='bbox 465 1837 694 1924; x_wconf 80' lang='grc' dir='ltr'><strong><em>όνηγορευμένη.</em></strong></span> <span class='ocrx_word' id='word_1_140' title='bbox 740 1836 890 1904; x_wconf 84' lang='grc' dir='ltr'><strong><em>Οῦδέπυτε</em></strong></span> <span class='ocrx_word' id='word_1_141' title='bbox 910 1838 966 1924; x_wconf 87' lang='grc' dir='ltr'><strong><em>γτίρ</em></strong></span> <span class='ocrx_word' id='word_1_142' title='bbox 982 1835 1148 1920; x_wconf 71' lang='grc' dir='ltr'><strong><em>ἠκούσαμεν</em></strong></span> <span class='ocrx_word' id='word_1_143' title='bbox 1167 1837 1188 1921; x_wconf 78' lang='grc' dir='ltr'><em>ἢ</em></span> <span class='ocrx_word' id='word_1_144' title='bbox 1207 1841 1371 1922; x_wconf 84' lang='grc' dir='ltr'><strong><em>Πετρίους,</em></strong></span> <span class='ocrx_word' id='word_1_145' title='bbox 1400 1837 1421 1920; x_wconf 72' lang='grc' dir='ltr'><em>ἢ</em></span> 
     </span>
     <span class='ocr_line' id='line_1_17' title="bbox 275 1937 1422 2026; baseline 0.003 -24"><span class='ocrx_word' id='word_1_146' title='bbox 275 1945 437 2018; x_wconf 89' lang='grc' dir='ltr'><strong><em>Παυλίους,</em></strong></span> <span class='ocrx_word' id='word_1_147' title='bbox 459 1939 748 2026; x_wconf 74' lang='grc' dir='ltr'><strong><em>ἢΒαρθολομαίους,</em></strong></span> <span class='ocrx_word' id='word_1_148' title='bbox 769 1940 983 2023; x_wconf 71' lang='grc' dir='ltr'><strong><em>η’Θαδδαίους,</em></strong></span> <span class='ocrx_word' id='word_1_149' title='bbox 1006 1937 1075 2004; x_wconf 82' lang='grc' dir='ltr'><strong><em>ιίλλό</em></strong></span> <span class='ocrx_word' id='word_1_150' title='bbox 1090 1937 1422 2025; x_wconf 74' lang='grc' dir='ltr'><strong><em>όπαργῆςὲνκήρυγμτ</em></strong></span> 
     </span>
    </p>

    <p class='ocr_par' dir='ltr' id='par_1_5' title="bbox 102 2031 1420 3866">
     <span class='ocr_line' id='line_1_18' title="bbox 102 2031 1420 2127; baseline -0.002 -19"><span class='ocrx_word' id='word_1_151' title='bbox 102 2031 108 2044; x_wconf 62' lang='grc'><strong>’</strong></span> <span class='ocrx_word' id='word_1_152' title='bbox 154 2075 205 2120; x_wconf 77' lang='grc' dir='ltr'><strong><em>ηις.</em></strong></span> <span class='ocrx_word' id='word_1_153' title='bbox 217 2064 261 2108; x_wconf 75' lang='grc' dir='ltr'><strong><em>τοι.</em></strong></span> <span class='ocrx_word' id='word_1_154' title='bbox 275 2039 391 2108; x_wconf 85' lang='grc' dir='ltr'><strong><em>πόντων</em></strong></span> <span class='ocrx_word' id='word_1_155' title='bbox 407 2049 466 2108; x_wconf 92' lang='grc' dir='ltr'><strong><em>τῶν</em></strong></span> <span class='ocrx_word' id='word_1_156' title='bbox 483 2040 665 2122; x_wconf 73' lang='grc' dir='ltr'><strong><em>ἀποστόλων,</em></strong></span> <span class='ocrx_word' id='word_1_157' title='bbox 688 2041 743 2110; x_wconf 83' lang='grc' dir='ltr'><strong><em>οῦκ</em></strong></span> <span class='ocrx_word' id='word_1_158' title='bbox 761 2040 871 2118; x_wconf 83' lang='grc' dir='ltr'><strong><em>αῦτοῦς</em></strong></span> <span class='ocrx_word' id='word_1_159' title='bbox 886 2041 1049 2127; x_wconf 87' lang='grc' dir='ltr'><strong><em>κηρῦσσον,</em></strong></span> <span class='ocrx_word' id='word_1_160' title='bbox 1072 2039 1141 2106; x_wconf 78' lang='grc' dir='ltr'><strong><em>όλλό</em></strong></span> <span class='ocrx_word' id='word_1_161' title='bbox 1162 2041 1285 2126; x_wconf 88' lang='grc' dir='ltr'><strong><em>Χριστόν</em></strong></span> <span class='ocrx_word' id='word_1_162' title='bbox 1297 2039 1420 2124; x_wconf 82' lang='grc' dir='ltr'><strong><em>Ἰησοῦν</em></strong></span> 
     </span>
     <span class='ocr_line' id='line_1_19' title="bbox 272 2141 1420 2230; baseline -0.002 -20"><span class='ocrx_word' id='word_1_163' title='bbox 272 2143 384 2230; x_wconf 82' lang='grc' dir='ltr'><strong><em>κόριον.</em></strong></span> <span class='ocrx_word' id='word_1_164' title='bbox 415 2144 471 2210; x_wconf 89' lang='grc' dir='ltr'><strong><em>Διό</em></strong></span> <span class='ocrx_word' id='word_1_165' title='bbox 487 2149 537 2210; x_wconf 83' lang='grc' dir='ltr'><strong><em>καί</em></strong></span> <span class='ocrx_word' id='word_1_166' title='bbox 552 2143 646 2227; x_wconf 86' lang='grc' dir='ltr'><strong><em>όνομα</em></strong></span> <span class='ocrx_word' id='word_1_167' title='bbox 659 2151 711 2228; x_wconf 80' lang='grc' dir='ltr'><strong><em>τῆς</em></strong></span> <span class='ocrx_word' id='word_1_168' title='bbox 725 2147 877 2226; x_wconf 79' lang='grc' dir='ltr'><strong><em>ἐκκλησίας</em></strong></span> <span class='ocrx_word' id='word_1_169' title='bbox 888 2147 919 2208; x_wconf 81' lang='grc' dir='ltr'><strong><em>οἱ</em></strong></span> <span class='ocrx_word' id='word_1_170' title='bbox 931 2144 1038 2220; x_wconf 77' lang='grc' dir='ltr'><strong><em>πάντες</em></strong></span> <span class='ocrx_word' id='word_1_171' title='bbox 1052 2147 1154 2209; x_wconf 79' lang='grc' dir='ltr'><strong><em>ἐδεντο</em></strong></span> <span class='ocrx_word' id='word_1_172' title='bbox 1166 2149 1210 2224; x_wconf 68' lang='grc' dir='ltr'><strong><em>ἓν,</em></strong></span> <span class='ocrx_word' id='word_1_173' title='bbox 1226 2141 1277 2226; x_wconf 77' lang='grc' dir='ltr'><strong><em>οῦη</em></strong></span> <span class='ocrx_word' id='word_1_174' title='bbox 1289 2145 1420 2222; x_wconf 75' lang='grc' dir='ltr'><strong><em>ἑαυτῶν,</em></strong></span> 
     </span>
     <span class='ocr_line' id='line_1_20' title="bbox 274 2244 1420 2332; baseline 0 -20"><span class='ocrx_word' id='word_1_175' title='bbox 274 2245 343 2312; x_wconf 84' lang='grc' dir='ltr'><strong><em>όλλυί</em></strong></span> <span class='ocrx_word' id='word_1_176' title='bbox 368 2255 422 2312; x_wconf 91' lang='grc' dir='ltr'><strong><em>τοῦ</em></strong></span> <span class='ocrx_word' id='word_1_177' title='bbox 442 2253 548 2330; x_wconf 88' lang='grc' dir='ltr'><strong><em>κυρίου</em></strong></span> <span class='ocrx_word' id='word_1_178' title='bbox 573 2246 669 2314; x_wconf 87' lang='grc' dir='ltr'><strong><em>αῦτῶν</em></strong></span> <span class='ocrx_word' id='word_1_179' title='bbox 692 2246 786 2329; x_wconf 86' lang='grc' dir='ltr'><strong><em>Ἰησοῦ</em></strong></span> <span class='ocrx_word' id='word_1_180' title='bbox 811 2254 956 2332; x_wconf 89' lang='grc' dir='ltr'><strong><em>Χριστοῦ,</em></strong></span> <span class='ocrx_word' id='word_1_181' title='bbox 978 2245 1038 2312; x_wconf 84' lang='grc' dir='ltr'><strong><em>όπό</em></strong></span> <span class='ocrx_word' id='word_1_182' title='bbox 1053 2245 1225 2330; x_wconf 70' lang='grc' dir='ltr'><strong><em>’Λατωρείας</em></strong></span> <span class='ocrx_word' id='word_1_183' title='bbox 1245 2244 1420 2331; x_wconf 73' lang='grc' dir='ltr'><strong><em>ἀρξαμένων</em></strong></span> 
     </span>
     <span class='ocr_line' id='line_1_21' title="bbox 277 2347 1419 2434; baseline 0.003 -22"><span class='ocrx_word' id='word_1_184' title='bbox 277 2355 461 2434; x_wconf 88' lang='grc' dir='ltr'><strong><em>Χριστιανῶν</em></strong></span> <span class='ocrx_word' id='word_1_185' title='bbox 481 2358 646 2416; x_wconf 84' lang='grc' dir='ltr'><strong><em>καλεῖσθαι·</em></strong></span> <span class='ocrx_word' id='word_1_186' title='bbox 678 2349 751 2434; x_wconf 80' lang='grc' dir='ltr'><strong><em>ὅπερ</em></strong></span> <span class='ocrx_word' id='word_1_187' title='bbox 770 2351 846 2415; x_wconf 87' lang='grc' dir='ltr'><strong><em>ἐστίν</em></strong></span> <span class='ocrx_word' id='word_1_188' title='bbox 862 2347 883 2431; x_wconf 78' lang='grc' dir='ltr'><strong><em>η</em></strong></span> <span class='ocrx_word' id='word_1_189' title='bbox 900 2349 975 2431; x_wconf 86' lang='grc' dir='ltr'><strong><em>μόνη</em></strong></span> <span class='ocrx_word' id='word_1_190' title='bbox 992 2349 1146 2431; x_wconf 79' lang='grc' dir='ltr'><strong><em>Καθολικη</em></strong></span> <span class='ocrx_word' id='word_1_191' title='bbox 1163 2347 1331 2431; x_wconf 77' lang='grc' dir='ltr'><strong><em>Ἐκκλησία,</em></strong></span> <span class='ocrx_word' id='word_1_192' title='bbox 1365 2349 1419 2415; x_wconf 86' lang='grc' dir='ltr'><strong><em>οῦκ</em></strong></span> 
     </span>
     <span class='ocr_line' id='line_1_22' title="bbox 274 2437 1418 2538; baseline 0.002 -24"><span class='ocrx_word' id='word_1_193' title='bbox 274 2448 340 2516; x_wconf 80' lang='grc' dir='ltr'><strong><em>ῦλλο</em></strong></span> <span class='ocrx_word' id='word_1_194' title='bbox 358 2477 385 2516; x_wconf 89' lang='grc' dir='ltr'><strong><em>τι</em></strong></span> <span class='ocrx_word' id='word_1_195' title='bbox 402 2454 524 2533; x_wconf 73' lang='grc' dir='ltr'><strong><em>ἔχουσα,</em></strong></span> <span class='ocrx_word' id='word_1_196' title='bbox 555 2451 624 2516; x_wconf 82' lang='grc' dir='ltr'><strong><em>α’λλό</em></strong></span> <span class='ocrx_word' id='word_1_197' title='bbox 643 2437 786 2538; x_wconf 83' lang='grc' dir='ltr'><strong><em>Χριστοῦ,</em></strong></span> <span class='ocrx_word' id='word_1_198' title='bbox 819 2457 1001 2536; x_wconf 78' lang='grc' dir='ltr'><strong><em>Χριστιανῶν</em></strong></span> <span class='ocrx_word' id='word_1_199' title='bbox 1018 2443 1093 2517; x_wconf 86' lang='grc' dir='ltr'><strong><em>υῦσα</em></strong></span> <span class='ocrx_word' id='word_1_200' title='bbox 1108 2454 1256 2534; x_wconf 80' lang='grc' dir='ltr'><strong><em>ἐκκλησία,</em></strong></span> <span class='ocrx_word' id='word_1_201' title='bbox 1288 2448 1325 2516; x_wconf 89' lang='grc' dir='ltr'><strong><em>οῦ</em></strong></span> <span class='ocrx_word' id='word_1_202' title='bbox 1346 2459 1418 2536; x_wconf 81' lang='grc' dir='ltr'><strong><em>Χρι-</em></strong></span> 
     </span>
     <span class='ocr_line' id='line_1_23' title="bbox 273 2551 1419 2640; baseline -0.001 -22"><span class='ocrx_word' id='word_1_203' title='bbox 273 2559 358 2632; x_wconf 86' lang='grc' dir='ltr'><strong><em>στῶν,</em></strong></span> <span class='ocrx_word' id='word_1_204' title='bbox 379 2551 450 2620; x_wconf 83' lang='grc' dir='ltr'><strong><em>α’λλό</em></strong></span> <span class='ocrx_word' id='word_1_205' title='bbox 466 2560 650 2640; x_wconf 77' lang='grc' dir='ltr'><strong><em>Χριστιανῶν</em></strong></span> <span class='ocrx_word' id='word_1_206' title='bbox 664 2561 716 2620; x_wconf 86' lang='grc' dir='ltr'><strong><em>τοῦ</em></strong></span> <span class='ocrx_word' id='word_1_207' title='bbox 732 2555 786 2635; x_wconf 81' lang='grc' dir='ltr'><strong><em>μέν</em></strong></span> <span class='ocrx_word' id='word_1_208' title='bbox 800 2553 866 2629; x_wconf 80' lang='grc' dir='ltr'><strong><em>ἑνός</em></strong></span> <span class='ocrx_word' id='word_1_209' title='bbox 879 2551 1069 2638; x_wconf 80' lang='grc' dir='ltr'><strong><em>ῦπόρχοντος,</em></strong></span> <span class='ocrx_word' id='word_1_210' title='bbox 1090 2561 1148 2620; x_wconf 83' lang='grc' dir='ltr'><strong><em>τῶν</em></strong></span> <span class='ocrx_word' id='word_1_211' title='bbox 1163 2555 1194 2620; x_wconf 81' lang='grc' dir='ltr'><strong><em>δέ</em></strong></span> <span class='ocrx_word' id='word_1_212' title='bbox 1209 2551 1268 2618; x_wconf 84' lang='grc' dir='ltr'><strong><em>όπό</em></strong></span> <span class='ocrx_word' id='word_1_213' title='bbox 1282 2561 1339 2618; x_wconf 83' lang='grc' dir='ltr'><strong><em>τοῦ</em></strong></span> <span class='ocrx_word' id='word_1_214' title='bbox 1354 2555 1419 2632; x_wconf 75' lang='grc' dir='ltr'><strong><em>ἑνός</em></strong></span> 
     </span>
     <span class='ocr_line' id='line_1_24' title="bbox 276 2655 1419 2742; baseline 0.003 -24"><span class='ocrx_word' id='word_1_215' title='bbox 276 2661 459 2738; x_wconf 88' lang='grc' dir='ltr'><strong><em>Χριστιανῶν</em></strong></span> <span class='ocrx_word' id='word_1_216' title='bbox 481 2659 673 2738; x_wconf 78' lang='grc' dir='ltr'><strong><em>καλουμένων.</em></strong></span> <span class='ocrx_word' id='word_1_217' title='bbox 719 2655 805 2722; x_wconf 78' lang='grc' dir='ltr'><strong><em>Μετιί</em></strong></span> <span class='ocrx_word' id='word_1_218' title='bbox 826 2655 935 2737; x_wconf 78' lang='grc' dir='ltr'><strong><em>ταύτην</em></strong></span> <span class='ocrx_word' id='word_1_219' title='bbox 956 2657 988 2721; x_wconf 77' lang='grc' dir='ltr'><strong><em>δὲ</em></strong></span> <span class='ocrx_word' id='word_1_220' title='bbox 1009 2658 1059 2722; x_wconf 81' lang='grc' dir='ltr'><strong><em>καί</em></strong></span> <span class='ocrx_word' id='word_1_221' title='bbox 1081 2655 1152 2731; x_wconf 86' lang='grc' dir='ltr'><strong><em>τοῦς</em></strong></span> <span class='ocrx_word' id='word_1_222' title='bbox 1172 2655 1262 2738; x_wconf 79' lang='grc' dir='ltr'><strong><em>αῦτῆς</em></strong></span> <span class='ocrx_word' id='word_1_223' title='bbox 1282 2655 1419 2742; x_wconf 73' lang='grc' dir='ltr'><strong><em>κήρυκας</em></strong></span> 
     </span>
     <span class='ocr_line' id='line_1_25' title="bbox 272 2754 1417 2844; baseline 0.003 -22"><span class='ocrx_word' id='word_1_224' title='bbox 272 2765 365 2822; x_wconf 79' lang='grc' dir='ltr'><strong><em>πᾶσαν</em></strong></span> <span class='ocrx_word' id='word_1_225' title='bbox 383 2754 481 2823; x_wconf 86' lang='grc' dir='ltr'><strong><em>οῦκέτι</em></strong></span> <span class='ocrx_word' id='word_1_226' title='bbox 498 2766 550 2823; x_wconf 88' lang='grc' dir='ltr'><strong><em>τοῦ</em></strong></span> <span class='ocrx_word' id='word_1_227' title='bbox 565 2757 656 2824; x_wconf 75' lang='grc' dir='ltr'><strong><em>αὐτοῦ</em></strong></span> <span class='ocrx_word' id='word_1_228' title='bbox 670 2767 850 2844; x_wconf 79' lang='grc' dir='ltr'><strong><em>χαρακτῆρος</em></strong></span> <span class='ocrx_word' id='word_1_229' title='bbox 865 2757 1039 2841; x_wconf 81' lang='grc' dir='ltr'><strong><em>φαινόμενοι</em></strong></span> <span class='ocrx_word' id='word_1_230' title='bbox 1055 2757 1104 2823; x_wconf 83' lang='grc' dir='ltr'><strong><em>διό</em></strong></span> <span class='ocrx_word' id='word_1_231' title='bbox 1117 2763 1176 2822; x_wconf 86' lang='grc' dir='ltr'><strong><em>τῶν</em></strong></span> <span class='ocrx_word' id='word_1_232' title='bbox 1190 2760 1337 2824; x_wconf 74' lang='grc' dir='ltr'><strong><em>ἐπιθέτων</em></strong></span> <span class='ocrx_word' id='word_1_233' title='bbox 1353 2759 1417 2826; x_wconf 82' lang='grc' dir='ltr'><strong><em>όνο-</em></strong></span> 
     </span>
     <span class='ocr_line' id='line_1_26' title="bbox 272 2857 1417 2944; baseline 0.002 -19"><span class='ocrx_word' id='word_1_234' title='bbox 272 2859 373 2943; x_wconf 81' lang='grc' dir='ltr'><strong><em>μότοιν</em></strong></span> <span class='ocrx_word' id='word_1_235' title='bbox 388 2865 577 2942; x_wconf 82' lang='grc' dir='ltr'><strong><em>Μανιχαίων,</em></strong></span> <span class='ocrx_word' id='word_1_236' title='bbox 603 2862 653 2926; x_wconf 82' lang='grc' dir='ltr'><strong><em>καί</em></strong></span> <span class='ocrx_word' id='word_1_237' title='bbox 667 2867 879 2942; x_wconf 87' lang='grc' dir='ltr'><strong><em>Σιμωνιανῶν,</em></strong></span> <span class='ocrx_word' id='word_1_238' title='bbox 902 2863 951 2925; x_wconf 78' lang='grc' dir='ltr'><strong><em>καὶ</em></strong></span> <span class='ocrx_word' id='word_1_239' title='bbox 968 2858 1224 2938; x_wconf 67' lang='grc' dir='ltr'><strong><em>73Οῦολεντίντον,</em></strong></span> <span class='ocrx_word' id='word_1_240' title='bbox 1250 2861 1300 2925; x_wconf 85' lang='grc' dir='ltr'><strong><em>καί</em></strong></span> <span class='ocrx_word' id='word_1_241' title='bbox 1311 2857 1417 2944; x_wconf 58' lang='lat' dir='ltr'>’Epao-</span> 
     </span>
     <span class='ocr_line' id='line_1_27' title="bbox 271 2954 1415 3047; baseline 0.003 -20"><span class='ocrx_word' id='word_1_242' title='bbox 271 2966 372 3041; x_wconf 89' lang='grc' dir='ltr'><strong><em>ναίων,</em></strong></span> <span class='ocrx_word' id='word_1_243' title='bbox 395 2954 436 3028; x_wconf 87' lang='grc' dir='ltr'><strong><em>ῶν</em></strong></span> <span class='ocrx_word' id='word_1_244' title='bbox 453 2960 495 3037; x_wconf 81' lang='grc' dir='ltr'><strong><em>είς</em></strong></span> <span class='ocrx_word' id='word_1_245' title='bbox 509 2963 560 3028; x_wconf 86' lang='grc' dir='ltr'><strong><em>καί</em></strong></span> <span class='ocrx_word' id='word_1_246' title='bbox 577 2961 631 3040; x_wconf 85' lang='grc' dir='ltr'><strong><em>οῦ,</em></strong></span> <span class='ocrx_word' id='word_1_247' title='bbox 654 2965 820 3046; x_wconf 86' lang='grc' dir='ltr'><strong><em>Μαρκίαν,</em></strong></span> <span class='ocrx_word' id='word_1_248' title='bbox 841 2960 995 3047; x_wconf 82' lang='grc' dir='ltr'><strong><em>ῦπόρχεις,</em></strong></span> <span class='ocrx_word' id='word_1_249' title='bbox 1017 2965 1068 3028; x_wconf 82' lang='grc' dir='ltr'><strong><em>καὶ</em></strong></span> <span class='ocrx_word' id='word_1_250' title='bbox 1085 2967 1141 3028; x_wconf 89' lang='grc' dir='ltr'><strong><em>σοῦ</em></strong></span> <span class='ocrx_word' id='word_1_251' title='bbox 1157 2961 1191 3027; x_wconf 87' lang='grc' dir='ltr'><strong><em>τό</em></strong></span> <span class='ocrx_word' id='word_1_252' title='bbox 1207 2959 1303 3044; x_wconf 85' lang='grc' dir='ltr'><strong><em>ῦνομιι</em></strong></span> <span class='ocrx_word' id='word_1_253' title='bbox 1319 2965 1415 3030; x_wconf 79' lang='grc' dir='ltr'><strong><em>ἐπιτί-</em></strong></span> 
     </span>
     <span class='ocr_line' id='line_1_28' title="bbox 272 3061 1415 3150; baseline 0.002 -22"><span class='ocrx_word' id='word_1_254' title='bbox 272 3071 389 3146; x_wconf 84' lang='grc' dir='ltr'><strong><em>κληνται</em></strong></span> <span class='ocrx_word' id='word_1_255' title='bbox 406 3068 436 3130; x_wconf 81' lang='grc' dir='ltr'><strong><em>οἱ</em></strong></span> <span class='ocrx_word' id='word_1_256' title='bbox 448 3062 507 3130; x_wconf 86' lang='grc' dir='ltr'><strong><em>ῦπό</em></strong></span> <span class='ocrx_word' id='word_1_257' title='bbox 524 3071 580 3130; x_wconf 85' lang='grc' dir='ltr'><strong><em>σοῦ</em></strong></span> <span class='ocrx_word' id='word_1_258' title='bbox 596 3063 788 3146; x_wconf 75' lang='grc' dir='ltr'><strong><em>ἠπατημένοι,</em></strong></span> <span class='ocrx_word' id='word_1_259' title='bbox 803 3061 843 3140; x_wconf 82' lang='grc' dir='ltr'><strong><em>ῶς</em></strong></span> <span class='ocrx_word' id='word_1_260' title='bbox 858 3063 980 3130; x_wconf 88' lang='grc' dir='ltr'><strong><em>σεαυτόν</em></strong></span> <span class='ocrx_word' id='word_1_261' title='bbox 993 3063 1183 3150; x_wconf 77' lang='grc' dir='ltr'><strong><em>κηρύξαντος,</em></strong></span> <span class='ocrx_word' id='word_1_262' title='bbox 1200 3067 1250 3130; x_wconf 82' lang='grc' dir='ltr'><strong><em>καί</em></strong></span> <span class='ocrx_word' id='word_1_263' title='bbox 1262 3061 1329 3147; x_wconf 79' lang='grc' dir='ltr'><strong><em>οῦχλ</em></strong></span> <span class='ocrx_word' id='word_1_264' title='bbox 1342 3072 1415 3150; x_wconf 85' lang='grc' dir='ltr'><strong><em>Χρι-</em></strong></span> 
     </span>
     <span class='ocr_line' id='line_1_29' title="bbox 272 3163 1414 3250; baseline -0.001 -18"><span class='ocrx_word' id='word_1_265' title='bbox 272 3165 350 3232; x_wconf 90' lang='grc' dir='ltr'><strong><em>στόν.</em></strong></span> <span class='ocrx_word' id='word_1_266' title='bbox 393 3163 469 3230; x_wconf 83' lang='grc' dir='ltr'><strong><em>Είτό</em></strong></span> <span class='ocrx_word' id='word_1_267' title='bbox 485 3187 574 3248; x_wconf 90' lang='grc' dir='ltr'><strong><em>φασιν</em></strong></span> <span class='ocrx_word' id='word_1_268' title='bbox 590 3165 649 3246; x_wconf 83' lang='grc' dir='ltr'><strong><em>ὅτι,</em></strong></span> <span class='ocrx_word' id='word_1_269' title='bbox 671 3164 704 3231; x_wconf 89' lang='grc' dir='ltr'><strong><em>Ὁ</em></strong></span> <span class='ocrx_word' id='word_1_270' title='bbox 718 3164 790 3241; x_wconf 80' lang='grc' dir='ltr'><strong><em>θεός</em></strong></span> <span class='ocrx_word' id='word_1_271' title='bbox 805 3163 823 3231; x_wconf 89' lang='grc' dir='ltr'><strong><em>ό</em></strong></span> <span class='ocrx_word' id='word_1_272' title='bbox 839 3166 929 3232; x_wconf 85' lang='grc' dir='ltr'><strong><em>είπῶν</em></strong></span> <span class='ocrx_word' id='word_1_273' title='bbox 946 3169 977 3232; x_wconf 88' lang='grc' dir='ltr'><strong><em>ἐκ</em></strong></span> <span class='ocrx_word' id='word_1_274' title='bbox 994 3165 1118 3243; x_wconf 85' lang='grc' dir='ltr'><strong><em>σκότους</em></strong></span> <span class='ocrx_word' id='word_1_275' title='bbox 1134 3173 1200 3247; x_wconf 90' lang='grc' dir='ltr'><strong><em>φῶς</em></strong></span> <span class='ocrx_word' id='word_1_276' title='bbox 1214 3166 1339 3250; x_wconf 75' lang='grc' dir='ltr'><strong><em>λάμψαι</em></strong></span> <span class='ocrx_word' id='word_1_277' title='bbox 1384 3166 1414 3231; x_wconf 89' lang='lat'><strong><em>&#39;0</em></strong></span> 
     </span>
     <span class='ocr_line' id='line_1_30' title="bbox 271 3265 1412 3358; baseline 0.003 -25"><span class='ocrx_word' id='word_1_278' title='bbox 271 3267 344 3344; x_wconf 86' lang='grc' dir='ltr'><strong><em>θεός</em></strong></span> <span class='ocrx_word' id='word_1_279' title='bbox 364 3270 396 3333; x_wconf 84' lang='grc' dir='ltr'><strong><em>δέ</em></strong></span> <span class='ocrx_word' id='word_1_280' title='bbox 418 3277 518 3346; x_wconf 87' lang='grc' dir='ltr'><strong><em>ποῖος,</em></strong></span> <span class='ocrx_word' id='word_1_281' title='bbox 548 3265 604 3333; x_wconf 76' lang='grc' dir='ltr'><strong><em>ἀλλ’</em></strong></span> <span class='ocrx_word' id='word_1_282' title='bbox 626 3267 644 3334; x_wconf 89' lang='grc' dir='ltr'><strong><em>ό</em></strong></span> <span class='ocrx_word' id='word_1_283' title='bbox 665 3265 707 3344; x_wconf 87' lang='grc' dir='ltr'><strong><em>είς</em></strong></span> <span class='ocrx_word' id='word_1_284' title='bbox 728 3265 745 3332; x_wconf 89' lang='grc' dir='ltr'><strong><em>ό</em></strong></span> <span class='ocrx_word' id='word_1_285' title='bbox 767 3270 798 3332; x_wconf 90' lang='grc' dir='ltr'><strong><em>ἐν</em></strong></span> <span class='ocrx_word' id='word_1_286' title='bbox 819 3275 859 3356; x_wconf 79' lang='grc' dir='ltr'><strong><em>τρῦ</em></strong></span> <span class='ocrx_word' id='word_1_287' title='bbox 875 3267 1014 3358; x_wconf 73' lang='grc' dir='ltr'><strong><em>προφήτῃ</em></strong></span> <span class='ocrx_word' id='word_1_288' title='bbox 1031 3270 1126 3346; x_wconf 84' lang='grc' dir='ltr'><strong><em>δείξας</em></strong></span> <span class='ocrx_word' id='word_1_289' title='bbox 1146 3270 1180 3334; x_wconf 87' lang='grc' dir='ltr'><strong><em>ἐκ</em></strong></span> <span class='ocrx_word' id='word_1_290' title='bbox 1196 3267 1324 3346; x_wconf 87' lang='grc' dir='ltr'><strong><em>σκότους</em></strong></span> <span class='ocrx_word' id='word_1_291' title='bbox 1339 3277 1412 3350; x_wconf 79' lang='grc' dir='ltr'><strong><em>φῶς,</em></strong></span> 
     </span>
     <span class='ocr_line' id='line_1_31' title="bbox 271 3367 1412 3456; baseline -0.002 -20"><span class='ocrx_word' id='word_1_292' title='bbox 271 3371 417 3437; x_wconf 86' lang='grc' dir='ltr'><strong><em>τοντέστιν</em></strong></span> <span class='ocrx_word' id='word_1_293' title='bbox 441 3367 500 3435; x_wconf 83' lang='grc' dir='ltr'><strong><em>είπό</em></strong></span> <span class='ocrx_word' id='word_1_294' title='bbox 524 3377 576 3452; x_wconf 84' lang='grc' dir='ltr'><strong><em>τῆς</em></strong></span> <span class='ocrx_word' id='word_1_295' title='bbox 603 3377 662 3436; x_wconf 84' lang='grc' dir='ltr'><strong><em>τῶν</em></strong></span> <span class='ocrx_word' id='word_1_296' title='bbox 683 3369 853 3456; x_wconf 72' lang='grc' dir='ltr'><strong><em>ἀνθρώπων</em></strong></span> <span class='ocrx_word' id='word_1_297' title='bbox 873 3368 1008 3448; x_wconf 82' lang='grc' dir='ltr'><strong><em>όπιστίας</em></strong></span> <span class='ocrx_word' id='word_1_298' title='bbox 1028 3372 1079 3435; x_wconf 82' lang='grc' dir='ltr'><strong><em>καὶ</em></strong></span> <span class='ocrx_word' id='word_1_299' title='bbox 1103 3369 1250 3456; x_wconf 85' lang='grc' dir='ltr'><strong><em>οίγνιισίας</em></strong></span> <span class='ocrx_word' id='word_1_300' title='bbox 1270 3377 1340 3450; x_wconf 85' lang='grc' dir='ltr'><strong><em>φῶς</em></strong></span> <span class='ocrx_word' id='word_1_301' title='bbox 1365 3375 1412 3437; x_wconf 83' lang='grc' dir='ltr'><strong><em>καί</em></strong></span> 
     </span>
     <span class='ocr_line' id='line_1_32' title="bbox 271 3470 1413 3560; baseline 0 -22"><span class='ocrx_word' id='word_1_302' title='bbox 271 3480 378 3558; x_wconf 89' lang='grc' dir='ltr'><strong><em>γνῶσιν</em></strong></span> <span class='ocrx_word' id='word_1_303' title='bbox 402 3475 434 3538; x_wconf 90' lang='grc' dir='ltr'><strong><em>ἐν</em></strong></span> <span class='ocrx_word' id='word_1_304' title='bbox 454 3479 571 3560; x_wconf 75' lang='grc' dir='ltr'><strong><em>Χριστῷ</em></strong></span> <span class='ocrx_word' id='word_1_305' title='bbox 591 3471 751 3556; x_wconf 73' lang='grc' dir='ltr'><strong><em>74λόγιμοι</em></strong></span> <span class='ocrx_word' id='word_1_306' title='bbox 775 3476 807 3538; x_wconf 90' lang='grc' dir='ltr'><strong><em>ἐν</em></strong></span> <span class='ocrx_word' id='word_1_307' title='bbox 823 3482 886 3550; x_wconf 85' lang='grc' dir='ltr'><strong><em>ταῖς</em></strong></span> <span class='ocrx_word' id='word_1_308' title='bbox 901 3477 1035 3558; x_wconf 77' lang='grc' dir='ltr'><strong><em>καρδίαις</em></strong></span> <span class='ocrx_word' id='word_1_309' title='bbox 1049 3470 1137 3555; x_wconf 71' lang='grc' dir='ltr'><strong><em>ἡμῶν</em></strong></span> <span class='ocrx_word' id='word_1_310' title='bbox 1152 3480 1213 3538; x_wconf 89' lang='grc' dir='ltr'><strong><em>τῶν</em></strong></span> <span class='ocrx_word' id='word_1_311' title='bbox 1226 3497 1299 3538; x_wconf 84' lang='grc' dir='ltr'><strong><em>ποτε</em></strong></span> <span class='ocrx_word' id='word_1_312' title='bbox 1315 3477 1413 3540; x_wconf 75' lang='grc' dir='ltr'><strong><em>ἐθνῶν</em></strong></span> 
     </span>
     <span class='ocr_line' id='line_1_33' title="bbox 272 3573 1411 3661; baseline -0.001 -20"><span class='ocrx_word' id='word_1_313' title='bbox 272 3574 571 3661; x_wconf 84' lang='grc' dir='ltr'><strong><em>είδονλολατροῦνταν,</em></strong></span> <span class='ocrx_word' id='word_1_314' title='bbox 605 3575 846 3660; x_wconf 62' lang='grc' dir='ltr'><strong><em>7ίλατρευόνταυ</em></strong></span> <span class='ocrx_word' id='word_1_315' title='bbox 866 3582 921 3640; x_wconf 92' lang='grc' dir='ltr'><strong><em>νῦν</em></strong></span> <span class='ocrx_word' id='word_1_316' title='bbox 941 3577 973 3642; x_wconf 84' lang='grc' dir='ltr'><strong><em>δέ</em></strong></span> <span class='ocrx_word' id='word_1_317' title='bbox 993 3573 1067 3640; x_wconf 79' lang='grc' dir='ltr'><strong><em>θεόν</em></strong></span> <span class='ocrx_word' id='word_1_318' title='bbox 1083 3574 1135 3642; x_wconf 89' lang='grc' dir='ltr'><strong><em>τόν</em></strong></span> <span class='ocrx_word' id='word_1_319' title='bbox 1153 3573 1219 3640; x_wconf 90' lang='grc' dir='ltr'><strong><em>τότε</em></strong></span> <span class='ocrx_word' id='word_1_320' title='bbox 1236 3577 1268 3640; x_wconf 74' lang='grc' dir='ltr'><strong><em>ἐν</em></strong></span> <span class='ocrx_word' id='word_1_321' title='bbox 1283 3601 1325 3641; x_wconf 74' lang='grc' dir='ltr'><strong><em>τι</em></strong></span> <span class='ocrx_word' id='word_1_322' title='bbox 1342 3603 1411 3659; x_wconf 80' lang='grc' dir='ltr'><strong><em>προ-</em></strong></span> 
     </span>
     <span class='ocr_line' id='line_1_34' title="bbox 272 3675 1410 3768; baseline 0.002 -26"><span class='ocrx_word' id='word_1_323' title='bbox 272 3676 354 3768; x_wconf 80' lang='grc' dir='ltr'><strong><em>φήτη</em></strong></span> <span class='ocrx_word' id='word_1_324' title='bbox 367 3675 667 3762; x_wconf 84' lang='grc' dir='ltr'><strong><em>προεπαγγειλόμενον</em></strong></span> <span class='ocrx_word' id='word_1_325' title='bbox 684 3675 717 3742; x_wconf 89' lang='grc' dir='ltr'><strong><em>τό</em></strong></span> <span class='ocrx_word' id='word_1_326' title='bbox 732 3684 800 3758; x_wconf 84' lang='grc' dir='ltr'><strong><em>φῶς</em></strong></span> <span class='ocrx_word' id='word_1_327' title='bbox 811 3680 918 3745; x_wconf 78' lang='grc' dir='ltr'><strong><em>ἑαυτοῦ</em></strong></span> <span class='ocrx_word' id='word_1_328' title='bbox 932 3681 964 3744; x_wconf 89' lang='grc' dir='ltr'><strong><em>ἐν</em></strong></span> <span class='ocrx_word' id='word_1_329' title='bbox 976 3683 1017 3766; x_wconf 78' lang='grc' dir='ltr'><strong><em>τῶ</em></strong></span> <span class='ocrx_word' id='word_1_330' title='bbox 1031 3675 1132 3766; x_wconf 78' lang='grc' dir='ltr'><strong><em>κόσμῳ</em></strong></span> <span class='ocrx_word' id='word_1_331' title='bbox 1147 3676 1281 3760; x_wconf 73' lang='grc' dir='ltr'><strong><em>λόμψαις</em></strong></span> <span class='ocrx_word' id='word_1_332' title='bbox 1303 3675 1345 3754; x_wconf 78' lang='grc' dir='ltr'><strong><em>ῶς</em></strong></span> <span class='ocrx_word' id='word_1_333' title='bbox 1358 3675 1410 3744; x_wconf 87' lang='grc' dir='ltr'><strong><em>οῦι</em></strong></span> 
     </span>
     <span class='ocr_line' id='line_1_35' title="bbox 272 3776 1410 3866; baseline 0 -20"><span class='ocrx_word' id='word_1_334' title='bbox 272 3779 422 3866; x_wconf 70' lang='grc' dir='ltr'><strong><em>ἀλλοτρίου</em></strong></span> <span class='ocrx_word' id='word_1_335' title='bbox 443 3778 527 3855; x_wconf 84' lang='grc' dir='ltr'><strong><em>ῦντος</em></strong></span> <span class='ocrx_word' id='word_1_336' title='bbox 543 3787 668 3855; x_wconf 81' lang='grc' dir='ltr'><strong><em>παλαιᾶς</em></strong></span> <span class='ocrx_word' id='word_1_337' title='bbox 691 3781 742 3844; x_wconf 81' lang='grc' dir='ltr'><strong><em>καί</em></strong></span> <span class='ocrx_word' id='word_1_338' title='bbox 759 3788 866 3864; x_wconf 78' lang='grc' dir='ltr'><strong><em>καινῆς</em></strong></span> <span class='ocrx_word' id='word_1_339' title='bbox 882 3778 1047 3864; x_wconf 71' lang='grc' dir='ltr'><strong><em>διαθήκης,</em></strong></span> <span class='ocrx_word' id='word_1_340' title='bbox 1078 3776 1119 3856; x_wconf 87' lang='grc' dir='ltr'><strong><em>ῶς</em></strong></span> <span class='ocrx_word' id='word_1_341' title='bbox 1136 3776 1209 3862; x_wconf 75' lang='grc' dir='ltr'><strong><em>ἡμῖν</em></strong></span> <span class='ocrx_word' id='word_1_342' title='bbox 1226 3782 1300 3856; x_wconf 78' lang='grc' dir='ltr'><strong><em>ἐθος</em></strong></span> <span class='ocrx_word' id='word_1_343' title='bbox 1314 3781 1410 3865; x_wconf 75' lang='grc' dir='ltr'><strong><em>γέγεντ</em></strong></span> 
     </span>
    </p>
   </div>
   <div class='ocr_carea' id='block_1_3' title="bbox 271 3965 1409 4582">
    <p class='ocr_par' dir='ltr' id='par_1_6' title="bbox 271 3965 1409 4174">
     <span class='ocr_line' id='line_1_36' title="bbox 303 3965 1409 4036; baseline -0.002 -12"><span class='ocrx_word' id='word_1_344' title='bbox 303 3969 343 4024; x_wconf 82' lang='grc'><strong><em>69.</em></strong></span> <span class='ocrx_word' id='word_1_345' title='bbox 363 3972 451 4032; x_wconf 78' lang='lat' dir='ltr'><strong><em>Scripsi</em></strong></span> <span class='ocrx_word' id='word_1_346' title='bbox 467 3969 520 4024; x_wconf 76' lang='grc' dir='ltr'><strong><em>Ναί</em></strong></span> <span class='ocrx_word' id='word_1_347' title='bbox 534 3987 578 4033; x_wconf 80' lang='grc' dir='ltr'><strong><em>μιν</em></strong></span> <span class='ocrx_word' id='word_1_348' title='bbox 595 3968 671 4036; x_wconf 84' lang='grc' dir='ltr'><strong><em>εἶναι,</em></strong></span> <span class='ocrx_word' id='word_1_349' title='bbox 695 3973 757 4034; x_wconf 79' lang='lat' dir='ltr'><strong>quod</strong></span> <span class='ocrx_word' id='word_1_350' title='bbox 773 3975 826 4022; x_wconf 79' lang='lat' dir='ltr'><strong><em>libn&#39;</em></strong></span> <span class='ocrx_word' id='word_1_351' title='bbox 892 3972 931 4025; x_wconf 77' lang='lat'><strong><em>73.</em></strong></span> <span class='ocrx_word' id='word_1_352' title='bbox 950 3973 1113 4035; x_wconf 77' lang='lat' dir='ltr'><strong><em>Reponmdum</em></strong></span> <span class='ocrx_word' id='word_1_353' title='bbox 1126 3976 1182 4033; x_wconf 81' lang='grc' dir='ltr'><strong><em>ρυλο</em></strong></span> <span class='ocrx_word' id='word_1_354' title='bbox 1195 3965 1409 4023; x_wconf 76' lang='grc' dir='ltr'><strong><em>Οὐαλεντικετνῶι.</em></strong></span> 
     </span>
     <span class='ocr_line' id='line_1_37' title="bbox 271 4039 1409 4102; baseline -0.004 -12"><span class='ocrx_word' id='word_1_355' title='bbox 271 4042 368 4100; x_wconf 72' lang='lat' dir='ltr'><em>habent,</em></span> <span class='ocrx_word' id='word_1_356' title='bbox 385 4040 490 4100; x_wconf 79' lang='lat' dir='ltr'>quodque</span> <span class='ocrx_word' id='word_1_357' title='bbox 504 4041 594 4089; x_wconf 77' lang='lat' dir='ltr'><strong><em>uncinis</em></strong></span> <span class='ocrx_word' id='word_1_358' title='bbox 607 4046 698 4090; x_wconf 78' lang='grc' dir='ltr'><strong><em>ιιοιοιιι</em></strong></span> <span class='ocrx_word' id='word_1_359' title='bbox 711 4043 826 4102; x_wconf 77' lang='lat' dir='ltr'><strong><em>acquievit</em></strong></span> <span class='ocrx_word' id='word_1_360' title='bbox 860 4043 944 4091; x_wconf 77' lang='grc' dir='ltr'><strong><em>λ’λιλυιιι</em></strong></span> <span class='ocrx_word' id='word_1_361' title='bbox 959 4043 985 4088; x_wconf 79' lang='grc' dir='ltr'><strong><em>λιι</em></strong></span> <span class='ocrx_word' id='word_1_362' title='bbox 1001 4041 1061 4089; x_wconf 68' lang='lat' dir='ltr'><strong><em>hisce</em></strong></span> <span class='ocrx_word' id='word_1_363' title='bbox 1077 4041 1141 4089; x_wconf 75' lang='lat' dir='ltr'><strong><em>libris</em></strong></span> <span class='ocrx_word' id='word_1_364' title='bbox 1156 4039 1285 4088; x_wconf 75' lang='lat' dir='ltr'>admodum</span> <span class='ocrx_word' id='word_1_365' title='bbox 1301 4039 1409 4088; x_wconf 66' lang='lat' dir='ltr'><strong><em>m</em></strong></span> 
     </span>
     <span class='ocr_line' id='line_1_38' title="bbox 271 4103 1408 4174; baseline -0.003 -16"><span class='ocrx_word' id='word_1_366' title='bbox 271 4110 389 4158; x_wconf 78' lang='grc' dir='ltr'><strong><em>Ριιοολιιι.</em></strong></span> <span class='ocrx_word' id='word_1_367' title='bbox 891 4107 932 4161; x_wconf 76' lang='lat'><strong><em>74.</em></strong></span> <span class='ocrx_word' id='word_1_368' title='bbox 948 4105 1048 4174; x_wconf 70' lang='grc' dir='ltr'><strong><em>λάμψαι</em></strong></span> <span class='ocrx_word' id='word_1_369' title='bbox 1062 4110 1145 4168; x_wconf 66' lang='grc' dir='ltr'><strong><em>κοῦφοι·</em></strong></span> <span class='ocrx_word' id='word_1_370' title='bbox 1159 4121 1204 4168; x_wconf 82' lang='grc' dir='ltr'><strong><em>μτο</em></strong></span> <span class='ocrx_word' id='word_1_371' title='bbox 1217 4103 1332 4172; x_wconf 75' lang='grc' dir='ltr'><strong><em>λάμψει,</em></strong></span> <span class='ocrx_word' id='word_1_372' title='bbox 1349 4106 1408 4167; x_wconf 70' lang='grc' dir='ltr'><strong><em>φειδ</em></strong></span> 
     </span>
    </p>

    <p class='ocr_par' dir='ltr' id='par_1_7' title="bbox 271 4169 1407 4376">
     <span class='ocr_line' id='line_1_39' title="bbox 304 4169 1407 4238; baseline -0.003 -11"><span class='ocrx_word' id='word_1_373' title='bbox 304 4175 344 4227; x_wconf 86' lang='grc'><strong><em>70.</em></strong></span> <span class='ocrx_word' id='word_1_374' title='bbox 361 4173 405 4226; x_wconf 76' lang='grc' dir='ltr'><strong><em>καί</em></strong></span> <span class='ocrx_word' id='word_1_375' title='bbox 422 4172 611 4238; x_wconf 66' lang='grc' dir='ltr'><strong><em>ἐπιγνωσθεῖοι,</em></strong></span> <span class='ocrx_word' id='word_1_376' title='bbox 629 4179 692 4238; x_wconf 78' lang='lat' dir='ltr'>quod</span> <span class='ocrx_word' id='word_1_377' title='bbox 707 4178 824 4226; x_wconf 76' lang='grc' dir='ltr'><strong><em>ἀντίδικο-</em></strong></span> <span class='ocrx_word' id='word_1_378' title='bbox 857 4180 910 4228; x_wconf 74' lang='lat' dir='ltr'><strong><em>libri</em></strong></span> <span class='ocrx_word' id='word_1_379' title='bbox 929 4181 1010 4226; x_wconf 80' lang='grc' dir='ltr'><strong><em>λιπαιι.</em></strong></span> <span class='ocrx_word' id='word_1_380' title='bbox 1042 4177 1153 4225; x_wconf 63' lang='lat' dir='ltr'><strong><em>Petamus</em></strong></span> <span class='ocrx_word' id='word_1_381' title='bbox 1172 4177 1284 4224; x_wconf 79' lang='grc' dir='ltr'><strong><em>ανίσίσλιιι</em></strong></span> <span class='ocrx_word' id='word_1_382' title='bbox 1298 4179 1330 4222; x_wconf 72' lang='grc' dir='ltr'><strong><em>εει</em></strong></span> <span class='ocrx_word' id='word_1_383' title='bbox 1348 4169 1407 4236; x_wconf 81' lang='grc' dir='ltr'><strong><em>λα’μ·</em></strong></span> 
     </span>
     <span class='ocr_line' id='line_1_40' title="bbox 271 4243 1331 4308; baseline 0 -18"><span class='ocrx_word' id='word_1_384' title='bbox 271 4245 345 4292; x_wconf 75' lang='lat' dir='ltr'><strong><em>turin</em></strong></span> <span class='ocrx_word' id='word_1_385' title='bbox 360 4245 412 4292; x_wconf 77' lang='lat' dir='ltr'><strong>edit.</strong></span> <span class='ocrx_word' id='word_1_386' title='bbox 425 4245 509 4305; x_wconf 78' lang='grc' dir='ltr'><strong><em>ριίνιο,</em></strong></span> <span class='ocrx_word' id='word_1_387' title='bbox 528 4257 557 4294; x_wconf 86' lang='grc' dir='ltr'><strong><em>ιτ</em></strong></span> <span class='ocrx_word' id='word_1_388' title='bbox 569 4245 619 4293; x_wconf 77' lang='grc' dir='ltr'><strong><em>τοῦ.</em></strong></span> <span class='ocrx_word' id='word_1_389' title='bbox 635 4247 745 4294; x_wconf 79' lang='lat' dir='ltr'><em>Vaticano</em></span> <span class='ocrx_word' id='word_1_390' title='bbox 759 4247 824 4295; x_wconf 75' lang='grc' dir='ltr'><strong><em>ιιιίί-</em></strong></span> <span class='ocrx_word' id='word_1_391' title='bbox 858 4247 922 4308; x_wconf 69' lang='grc' dir='ltr'><strong><em>φας,</em></strong></span> <span class='ocrx_word' id='word_1_392' title='bbox 941 4247 982 4294; x_wconf 78' lang='lat' dir='ltr'><strong><em>ua</em></strong></span> <span class='ocrx_word' id='word_1_393' title='bbox 997 4245 1072 4294; x_wconf 78' lang='grc' dir='ltr'><strong><em>ιλιιιιτ</em></strong></span> <span class='ocrx_word' id='word_1_394' title='bbox 1088 4243 1180 4304; x_wconf 67' lang='lat' dir='ltr'><strong><em>aliquid</em></strong></span> <span class='ocrx_word' id='word_1_395' title='bbox 1195 4245 1331 4303; x_wconf 72' lang='grc' dir='ltr'><strong><em>ταιρίοσσακ</em></strong></span> 
     </span>
     <span class='ocr_line' id='line_1_41' title="bbox 272 4307 1405 4376; baseline 0.002 -17"><span class='ocrx_word' id='word_1_396' title='bbox 272 4313 314 4359; x_wconf 75' lang='grc' dir='ltr'><strong><em>κοιλ</em></strong></span> <span class='ocrx_word' id='word_1_397' title='bbox 331 4312 447 4360; x_wconf 81' lang='grc' dir='ltr'><strong><em>Ριιουλυι.</em></strong></span> <span class='ocrx_word' id='word_1_398' title='bbox 891 4311 931 4365; x_wconf 82' lang='grc'><strong><em>75.</em></strong></span> <span class='ocrx_word' id='word_1_399' title='bbox 947 4307 1119 4376; x_wconf 84' lang='grc' dir='ltr'><strong><em>λατρτυόντιον,</em></strong></span> <span class='ocrx_word' id='word_1_400' title='bbox 1129 4311 1191 4372; x_wconf 79' lang='grc' dir='ltr'><strong><em>φοοδ</em></strong></span> <span class='ocrx_word' id='word_1_401' title='bbox 1199 4311 1322 4370; x_wconf 67' lang='lat' dir='ltr'><strong><em>excident,</em></strong></span> <span class='ocrx_word' id='word_1_402' title='bbox 1334 4309 1405 4370; x_wconf 66' lang='grc' dir='ltr'><strong><em>σαοδ</em></strong></span> 
     </span>
    </p>

    <p class='ocr_par' dir='ltr' id='par_1_8' title="bbox 275 4373 1405 4510">
     <span class='ocr_line' id='line_1_42' title="bbox 304 4373 1405 4446; baseline -0.006 -17"><span class='ocrx_word' id='word_1_403' title='bbox 304 4375 346 4429; x_wconf 84' lang='lat'><strong><em>71.</em></strong></span> <span class='ocrx_word' id='word_1_404' title='bbox 363 4381 442 4439; x_wconf 78' lang='lat' dir='ltr'>Supra</span> <span class='ocrx_word' id='word_1_405' title='bbox 464 4373 527 4432; x_wconf 83' lang='grc' dir='ltr'><strong><em>όλλό</em></strong></span> <span class='ocrx_word' id='word_1_406' title='bbox 547 4373 630 4446; x_wconf 77' lang='grc' dir='ltr'><strong><em>κόριον</em></strong></span> <span class='ocrx_word' id='word_1_407' title='bbox 646 4375 747 4446; x_wconf 86' lang='grc' dir='ltr'><strong><em>Ἰησοῦν</em></strong></span> <span class='ocrx_word' id='word_1_408' title='bbox 763 4378 825 4446; x_wconf 87' lang='grc' dir='ltr'><strong><em>Χρι-</em></strong></span> <span class='ocrx_word' id='word_1_409' title='bbox 856 4395 900 4444; x_wconf 80' lang='grc' dir='ltr'><strong><em>φιτ</em></strong></span> <span class='ocrx_word' id='word_1_410' title='bbox 913 4383 938 4432; x_wconf 83' lang='grc' dir='ltr'><strong><em>λιι</em></strong></span> <span class='ocrx_word' id='word_1_411' title='bbox 953 4383 1057 4430; x_wconf 70' lang='lat' dir='ltr'><strong><em>omnibus</em></strong></span> <span class='ocrx_word' id='word_1_412' title='bbox 1071 4379 1136 4427; x_wconf 72' lang='grc' dir='ltr'><strong><em>λιδιίν</em></strong></span> <span class='ocrx_word' id='word_1_413' title='bbox 1148 4379 1299 4438; x_wconf 65' lang='lat' dir='ltr'><strong><em>desiderum,</em></strong></span> <span class='ocrx_word' id='word_1_414' title='bbox 1315 4378 1405 4436; x_wconf 69' lang='grc' dir='ltr'><strong><em>ιτρεεὲικ</em></strong></span> 
     </span>
     <span class='ocr_line' id='line_1_43' title="bbox 275 4441 1404 4510; baseline -0.004 -14"><span class='ocrx_word' id='word_1_415' title='bbox 275 4443 340 4496; x_wconf 84' lang='grc' dir='ltr'><strong><em>οτόν.</em></strong></span> <span class='ocrx_word' id='word_1_416' title='bbox 858 4463 887 4498; x_wconf 85' lang='grc' dir='ltr'><strong><em>ιτ</em></strong></span> <span class='ocrx_word' id='word_1_417' title='bbox 903 4462 929 4498; x_wconf 87' lang='grc' dir='ltr'><strong><em>ιο</em></strong></span> <span class='ocrx_word' id='word_1_418' title='bbox 945 4449 1006 4510; x_wconf 74' lang='lat' dir='ltr'><strong><em>quod</em></strong></span> <span class='ocrx_word' id='word_1_419' title='bbox 1021 4448 1138 4509; x_wconf 76' lang='grc' dir='ltr'><strong><em>ρτοντιιλλι</em></strong></span> <span class='ocrx_word' id='word_1_420' title='bbox 1151 4447 1264 4496; x_wconf 73' lang='lat' dir='ltr'><strong><em>vocabulo</em></strong></span> <span class='ocrx_word' id='word_1_421' title='bbox 1278 4441 1404 4496; x_wconf 75' lang='grc' dir='ltr'><strong><em>ιίσυλελο-</em></strong></span> 
     </span>
    </p>

    <p class='ocr_par' dir='ltr' id='par_1_9' title="bbox 306 4507 1404 4582">
     <span class='ocr_line' id='line_1_44' title="bbox 306 4507 1404 4582; baseline -0.013 -7"><span class='ocrx_word' id='word_1_422' title='bbox 306 4511 346 4563; x_wconf 69' lang='grc' dir='ltr'><strong><em>ΊῚ·</em></strong></span> <span class='ocrx_word' id='word_1_423' title='bbox 364 4513 441 4574; x_wconf 62' lang='lat' dir='ltr'><strong><em>Sum</em></strong></span> <span class='ocrx_word' id='word_1_424' title='bbox 457 4507 544 4580; x_wconf 81' lang='grc' dir='ltr'><strong><em>Ἰησοῦ</em></strong></span> <span class='ocrx_word' id='word_1_425' title='bbox 561 4513 679 4582; x_wconf 86' lang='grc' dir='ltr'><strong><em>Χριστοῦ.</em></strong></span> <span class='ocrx_word' id='word_1_426' title='bbox 858 4510 987 4582; x_wconf 83' lang='grc' dir='ltr'><strong><em>τροῦντων.</em></strong></span> <span class='ocrx_word' id='word_1_427' title='bbox 1028 4515 1153 4566; x_wconf 72' lang='lat' dir='ltr'><strong><em>comorius</em></strong></span> <span class='ocrx_word' id='word_1_428' title='bbox 1172 4518 1244 4564; x_wconf 83' lang='grc' dir='ltr'><strong><em>ιοιαιιι</em></strong></span> <span class='ocrx_word' id='word_1_429' title='bbox 1262 4513 1303 4562; x_wconf 81' lang='grc' dir='ltr'><strong><em>λοι</em></strong></span> <span class='ocrx_word' id='word_1_430' title='bbox 1322 4513 1404 4562; x_wconf 71' lang='lat' dir='ltr'><strong><em>lem</em></strong></span> 
     </span>
    </p>
   </div>
   <div class='ocr_carea' id='block_1_4' title="bbox 0 0 1496 4996">
    <p class='ocr_par' dir='ltr' id='par_1_10' title="bbox 0 0 1496 4996">
     <span class='ocr_line' id='line_1_45' title="bbox 0 0 1496 4996; baseline 0 2"><span class='ocrx_word' id='word_1_431' title='bbox 0 0 1496 4996; x_wconf 95' lang='lat' dir='ltr'><strong><em> </em></strong></span> 
     </span>
    </p>
   </div>
  </div>
 </body>
</html>
