3008 4996
351 269 484 322 rnnxnu
500 267 591 318 mnu.
607 267 687 320 rou.
707 269 738 318 u.
755 264 854 319 unna.
868 269 958 320 xxx.
1166 249 1224 319 ιιι

88 402 149 452 suot
161 396 191 452 ιιι
206 391 279 452 libro
293 392 356 463 doc,
381 401 415 450 ut
426 391 519 470 frecht
533 409 576 448 eu.
623 383 670 449 Eo
686 387 784 472 itaque
800 383 936 452 Christus
952 386 1082 468 advenit,
1105 397 1137 452 ut
1153 409 1227 472 quae

88 493 160 556 dirae
180 492 328 555 cuiusdam
349 489 473 553 vinculis
492 487 710 573 imprecationis
728 499 814 551 crant
831 488 972 552 obstricta
988 490 1129 553 solveret.
1166 490 1227 573 Qui

88 593 193 676 quidem
216 615 268 678 pro
290 591 407 674 exiguis
431 591 506 668 illis,
530 611 604 673 quae
625 589 724 675 perfici
748 611 807 653 non
832 599 981 674 poteraut,
1014 591 1098 654 uobis
1120 613 1227 676 magua

88 695 240 772 concessit,
264 695 293 756 in
312 693 415 776 quibus
431 692 611 775 exequendis
629 691 717 770 nibil,
741 701 773 754 ut
788 692 817 754 in
836 691 980 776 prioribus
995 692 1064 770 illis,
1090 695 1228 776 estquod

87 817 143 858 eum
159 797 253 860 altero
268 804 422 879 repugnet.
457 793 556 877 Atque
571 793 626 856 hoc
644 795 705 856 lere
722 792 807 855 modo
824 793 852 855 in
870 794 948 856 omrai
965 795 1138 857 conlutanda
1156 795 1227 858 hae·

88 899 157 975 resi,
183 917 257 981 quae
274 895 405 974 sabbati,
429 894 477 958 vel
494 894 741 971 circumcisionis,
764 894 811 958 vel
829 894 948 958 alterius
968 895 1130 958 huiusmodi
1153 897 1227 960 ritus

88 999 316 1062 observationem
344 996 574 1083 praescriberet,
605 995 683 1058 istud
708 995 803 1080 ipsum
827 996 1029 1060 demonstrare
1050 996 1225 1074 studuimus,

89 1101 226 1162 dominum
247 1099 332 1162 nobis
347 1118 420 1182 quae
437 1109 539 1161 esseut
553 1097 728 1181 perfectiora
744 1097 892 1160 tribuisse.
939 1095 1120 1181 Ecquidnam
1139 1099 1230 1182 igitur

88 1203 117 1263 ad
136 1201 181 1264 sui
203 1200 426 1264 exeusationem
442 1199 549 1263 afferre
565 1199 607 1262 illi
629 1209 782 1283 poterunt,
806 1197 854 1281 qui
873 1197 985 1283 spiritui
1001 1210 1104 1262 sancto
1123 1220 1228 1284 parere

89 1304 261 1380 detrectant,
286 1302 313 1363 ei
330 1301 445 1384 iuquam
464 1300 577 1385 spiritui
596 1299 644 1384 qui
664 1319 717 1383 per
733 1299 882 1385 apostolos
901 1300 1040 1377 edixerit,
1062 1323 1098 1362 ne
1110 1305 1227 1381 gentili·
1241 1311 1289 1356 tet.
1304 1315 1335 1369 rt,
1348 1318 1374 1361 m

91 1406 134 1464 dus
147 1409 185 1466 nd
200 1408 389 1465 Christianam
404 1406 568 1482 religionem
586 1405 723 1462 traductis
738 1423 808 1462 onor
824 1406 1013 1481 cmponeretur
1027 1406 1121 1478 olr'ud,
1145 1423 1227 1482 quam

92 1509 151 1566 loce
170 1510 346 1580 necessarii,
371 1516 433 1566 uto
450 1508 604 1583 sangru'ne,
628 1515 657 1563 et
670 1505 827 1588 saqffhcodo,
851 1515 880 1564 et
886 1506 1081 1584 sornicutthne
1097 1516 1127 1564 ει
1146 1507 1229 1566 ridelis

91 1611 220 1668 inmotum
241 1629 302 1668 sese
319 1611 514 1667 nonciarent?
557 1605 606 1666 An
628 1625 686 1668 non
710 1604 807 1666 divina
826 1625 878 1667 cos
902 1605 1040 1668 excidere
1060 1605 1155 1688 gratia
1177 1627 1229 1670 uc·

90 1727 166 1771 cesse
185 1719 248 1788 est,
273 1729 338 1771 oum
357 1706 398 1770 ita
413 1716 532 1770 sanctus
547 1702 658 1768 Paulus
681 1705 829 1790 apostolus
851 1704 1018 1790 scripserit:
1048 1710 1086 1768 St
1102 1713 1311 1770 cercuro-Gatas-
1323 1725 1344 1778 ⁵‚
1358 1726 1377 1769 a.

92 1814 230 1884 cidamini,
257 1813 387 1871 carena
403 1811 478 1871 achil
492 1809 568 1869 codis
586 1811 734 1888 proderit.-
757 1812 922 1888 putemurque
938 1813 967 1868 in
984 1811 1046 1888 lege
1063 1812 1233 1888 glomomtiu'

90 1917 216 1991 agralia
238 1914 404 1972 coctidrilthi

168 2011 365 2097 Quamobrem
388 2021 492 2075 contra
507 2010 582 2074 banc
598 2009 684 2074 etiam
701 2009 837 2073 haeresin
854 2009 953 2074 brevis
974 2009 1031 2074 ista
1051 2022 1153 2076 nostra
1170 2013 1228 2078 dis·
1246 2021 1306 2090 cap.
1320 2025 1365 2075 tx.
1470 2093 1472 2106 ⁴

92 2115 190 2197 putatio
214 2114 349 2178 sufficiet.
392 2109 495 2176 Facile
517 2111 594 2176 enim
619 2111 668 2175 isti
692 2111 786 2174 refelli
809 2112 1000 2195 convincique
1026 2125 1164 2197 possunt,
1194 2137 1229 2180 ac

91 2211 183 2278 ludaei
206 2215 302 2301 potins
325 2236 408 2298 qnam
434 2212 564 2277 cuiusvis
589 2211 709 2276 alterius
732 2212 851 2296 generis
870 2224 954 2290 sunt,
979 2215 1092 2277 tametsi
1113 2213 1229 2282 ludaeis

92 2315 144 2379 sint
159 2315 361 2380 inimicissimi.
405 2313 513 2398 Neque
531 2315 609 2378 enim
627 2311 799 2378 ludaeorum
816 2315 925 2399 posteri
943 2315 1037 2378 solum
1056 2316 1171 2401 capitali
1194 2318 1229 2382 il·
1342 2381 1345 2386 .

91 2414 131 2479 los
151 2419 213 2481 odio
237 2427 469 2503 persequuntur,
493 2415 544 2480 sed
565 2427 595 2479 et
616 2437 719 2494 mnne,
743 2437 777 2478 ac
794 2415 931 2493 meridie,
955 2426 986 2478 et
1008 2417 1043 2479 ad
1061 2437 1226 2504 vesperam,

91 2527 133 2579 ter
147 2521 178 2582 de
197 2521 260 2598 die,
284 2540 348 2582 eum
365 2519 394 2580 in
410 2517 569 2603 synagogis
588 2517 648 2582 suis
666 2516 701 2579 ad
722 2517 862 2580 orandum
880 2517 1059 2580 conveniunt
1075 2519 1146 2583 diris
1163 2521 1228 2585 illos
1346 2541 1349 2548 ·

91 2619 241 2702 devovent,
264 2641 299 2684 ae
317 2620 431 2684 solenni
446 2617 653 2702 imprecatione
672 2618 867 2703 proscribunt.
912 2617 958 2681 Ac
972 2616 1161 2700 Nazaraeos,
1184 2623 1228 2686 in·

91 2721 200 2804 quiunt,
225 2725 297 2786 deus
314 2732 483 2785 execretur.
529 2717 563 2784 ln
578 2721 632 2784 hos
650 2721 726 2782 enim
743 2719 902 2782 offensiore
918 2730 948 2782 ει
962 2720 1115 2785 acerbiore
1131 2721 1228 2787 animo

91 2835 170 2901 sunt,
192 2825 267 2908 quod
289 2845 353 2886 cnm
375 2819 580 2886 eludaeorum
599 2841 721 2885 numero
738 2821 813 2896 sint,
838 2820 1024 2884 nihilomiuus
1041 2819 1138 2886 lesum
1162 2845 1229 2888 csse

91 2919 233 2988 Christum
251 2925 437 3010 praedicent,
460 2922 536 3007 qood
557 2923 593 2986 iis
611 2921 659 3006 qui
676 2919 849 2985 ludaeorum
867 2923 959 2986 adbuc
976 2924 1157 2988 ceremonias
1179 2947 1229 2989 co·

92 3023 165 3103 lunt,
194 3027 334 3112 imprimis
359 3035 406 3088 est
431 3022 626 3102 contrarium,
656 3023 705 3107 qui
728 3020 878 3087 Christum
902 3023 1039 3087 videlicet
1062 3027 1226 3110 repudiant.

92 3121 143 3188 list
162 3149 231 3192 vero
257 3147 348 3214 penes
374 3127 441 3192 illos
464 3125 649 3210 evangelium
676 3117 835 3189 secundum
857 3121 1057 3203 Matthaeum,
1083 3125 1229 3193 Hebraico

92 3227 241 3313 scriptum,
272 3228 435 3312 etquidem
457 3226 715 3291 absolutissimum.
761 3223 826 3288 lloc
845 3226 922 3289 euim
940 3227 1121 3307 certissime,
1145 3241 1231 3314 prout

92 3325 238 3395 Hebraicis
251 3329 345 3394 literis
359 3330 443 3393 initio
459 3329 598 3413 scriptum
614 3337 671 3406 est,
694 3327 724 3390 in
742 3327 912 3390 hodiernum
928 3338 1040 3413 tempus
1056 3351 1147 3413 usque
1160 3353 1231 3394 con·

92 3443 213 3496 servant.
249 3429 361 3495 Verum
374 3431 444 3494 illud
460 3429 573 3508 nescio,
597 3450 665 3492 num
682 3427 871 3512 genealogias
886 3427 952 3492 illas
967 3433 1143 3514 amputarint
1156 3453 1231 3516 quac

92 3530 128 3592 ab
141 3534 287 3598 Abraamo
302 3533 338 3596 ad
355 3529 504 3597 Christum
526 3551 617 3615 usqne
636 3531 793 3615 perductae
815 3540 894 3593 suut.
938 3526 1094 3594 Postremo
1113 3553 1178 3597 cum
1197 3533 1232 3596 il·

92 3630 146 3695 lam
161 3636 295 3699 haeresin
316 3635 359 3698 sic
377 3636 513 3717 tanquam
530 3631 702 3696 imbecillem
719 3631 861 3715 quendam
878 3640 909 3693 et
923 3642 1097 3696 venenatum
1112 3634 1231 3696 crabro·

92 3753 154 3798 nem
167 3736 442 3823 deprehenderimus
457 3754 492 3798 ac
504 3734 637 3798 veritatis
651 3733 785 3796 oratione
799 3731 1018 3812 obtriverimus,
1043 3755 1095 3798 uos
1108 3737 1143 3797 ad
1159 3734 1231 3799 alias

92 3832 239 3924 deinceps,
265 3860 283 3900 o
306 3835 468 3918 carissimi,
491 3835 589 3900 divino
613 3834 679 3898 lreti
702 3833 848 3919 praesidio
870 3835 1067 3898 conferamus.

271 4075 621 4151 ADVERSUS
660 4073 1049 4167 EBIONAEOS,

346 4219 427 4290 quae
454 4201 506 4270 est
531 4181 678 4268 haeresis
704 4193 766 4284 X,
791 4193 846 4267 rel
871 4191 981 4266 XXX.

170 4343 344 4410 Nazaraeos
363 4343 471 4422 Ebion,
497 4365 513 4408 a
531 4366 593 4428 quo
607 4343 762 4406 Ebionitae
780 4343 860 4420 dieti,
886 4342 1019 4427 proxime
1035 4345 1234 4428 consequitur,
1254 4352 1312 4419 cap.
1328 4351 1347 4401 t.

91 4444 246 4531 eademque
262 4467 328 4509 cum
345 4446 403 4512 illis
420 4447 556 4532 dogmate
571 4445 734 4530 profitetur.
782 4442 867 4528 Quod
883 4444 1058 4508 horrendum
1075 4458 1237 4510 monstrum

143 4541 225 4601 corpas
237 4544 375 4590 nmmum.
388 4544 416 4588 tt
997 4553 1035 4614 16
