3008 4996
368 297 504 350 Pounntt
520 296 584 348 Lm.
598 298 616 348 l.
633 297 713 350 Tou.
732 298 762 348 ll.
781 296 878 348 thih.
894 296 985 348 XXX.
1187 283 1247 342 ‘245

103 431 133 480 rt
159 417 279 482 constitus
301 417 419 480 omnino
440 417 625 502 prohibetur,
649 415 676 478 id
696 416 770 498 quod
790 426 821 479 et
839 423 956 478 cctcrne
980 433 1082 478 omnes
1106 410 1247 476 eiusmodi

103 521 246 584 loueresce
262 529 413 602 usurpant.
446 517 523 582 Nam
542 517 610 581 olim
627 518 663 580 de
677 516 845 600 virginitate
862 515 982 601 gloriari
997 516 1141 594 solebant,
1165 515 1249 578 nimi-

101 643 167 685 rum
186 619 224 682 ob
242 617 377 684 lucobum
395 621 512 682 lectrem
533 619 654 697 domini,
677 620 807 702 adeoque
823 617 914 682 libros
931 639 1001 681 suos
1017 618 1053 680 ed
1070 618 1204 680 seniores
1220 627 1250 679 et

101 723 235 804 virgines
258 720 430 784 inscribunt.
476 717 535 784 Sed
560 720 645 783 hotius
669 720 803 784 lacrimis
822 719 975 782 exordium
995 730 1060 803 post
1077 716 1250 803 Hierosoly-

101 825 231 886 mitenue
250 823 330 885 urbis
349 820 495 886 excidium
510 821 619 906 coepit.
663 819 730 902 Quo
747 832 876 904 tempure
890 817 1050 884 Christiani
1066 840 1168 883 omnes
1184 841 1249 882 cnm

99 925 129 988 io
148 922 266 988 Pernen
280 923 438 1006 degerent,
462 933 548 1006 utque
565 921 595 985 in
612 921 685 985 urbe
699 920 781 986 Pelln
800 921 993 1007 potissimum,
1017 941 1091 1004 quoe
1109 921 1138 983 in
1156 919 1250 984 Decu-

100 1026 231 1110 polituuu
249 1025 398 1111 provincio
416 1035 473 1104 est,
497 1024 581 1088 cuius
598 1033 680 1088 extol
700 1023 728 1086 io
745 1023 899 1106 evengelio
913 1021 1035 1100 menotio,
1059 1043 1148 1106 prope
1163 1019 1250 1085 Botu-

100 1135 208 1190 necom
226 1147 261 1190 ec
276 1123 490 1190 basanitidem:
515 1147 579 1188 cum
598 1125 668 1203 illic,
692 1125 821 1208 iriquum,
845 1124 1019 1187 domicilium
1041 1123 1399 1202 collocassentmrmumms.

100 1228 170 1290 hinc
187 1226 293 1291 Ebioni
315 1229 381 1290 duta
399 1238 444 1290 est
461 1225 639 1311 propagandi
660 1227 771 1290 erroris
789 1225 917 1288 occasio.
964 1221 1022 1306 Qui
1039 1225 1069 1288 in
1085 1247 1158 1309 pugo
1174 1211 1330 1318 qno-Mel‘ffi
1337 1212 1408 1306 {⁹13⁰ss

99 1331 168 1394 dum
187 1325 306 1392 Coccbe
323 1329 352 1392 in
368 1329 488 1412 regione
505 1325 748 1404 Corncimorum,
774 1328 895 1390 Arnemi
912 1338 942 1390 ct
957 1326 1194 1402 Astarothurum,
1219 1337 1249 1388 et

99 1427 282 1494 lloseuitidis
297 1441 390 1494 tractu
405 1428 535 1494 habitere
549 1430 657 1515 coepit,
681 1429 919 1512 quemadmodum
935 1437 1020 1492 vetus
1036 1429 1072 1491 od
1088 1449 1142 1490 nos
1158 1447 1250 1510 usque

101 1534 179 1594 leima
197 1533 325 1616 pertulit.
361 1529 432 1594 lode
445 1532 534 1615 igitur
550 1530 666 1615 pessimi
684 1529 869 1615 praedicendi
883 1530 1026 1612 dogmatis
1043 1529 1154 1592 initium
1171 1549 1251 1591 sum·

99 1633 177 1717 psit,
210 1632 286 1696 uode
312 1644 342 1696 et
362 1633 465 1717 impios
485 1631 660 1696 Nazurcnos
686 1631 819 1714 coepisse
844 1631 1007 1694 docuimus.
1053 1629 1152 1693 Ambo
1170 1629 1249 1692 enim

98 1735 218 1798 collutis
232 1734 311 1796 iuter
328 1755 361 1798 se
379 1735 519 1821 capitibus
536 1753 617 1796 sunm
634 1732 708 1796 ulter
724 1753 788 1794 cum
807 1732 899 1795 ultero
915 1729 1126 1816 improbitatem
1145 1752 1180 1796 oo
1198 1751 1250 1794 nc·

98 1834 223 1919 quitiam
241 1835 475 1900 communicavit.
520 1835 620 1918 Atqoc
641 1833 696 1896 etsi
721 1834 931 1916 quadamtenus
954 1853 1023 1896 sse
1043 1843 1141 1896 mutuo
1164 1831 1249 1896 dissi·

99 1939 209 2016 deant,
233 1937 262 2000 iu
286 1937 479 2022 excogitando
499 1947 595 2000 tumen
619 1935 791 2020 pravissimo
809 1937 941 2018 dogmate
964 1955 1032 1998 sese
1047 1932 1172 1998 invicem
1196 1955 1249 1997 ex·

98 2049 286 2123 presserunt.
332 2034 468 2102 Ceterum
488 2037 603 2100 memini
622 2057 667 2098 me
683 2036 750 2099 eliis
767 2037 795 2100 in
813 2035 904 2112 loeis,
928 2057 992 2100 cum
1011 2037 1153 2100 adversus
1175 2035 1249 2098 ulios

99 2140 243 2204 haereses
262 2141 486 2217 contenderem,
510 2139 545 2202 dc
563 2135 746 2202 Cocoborum
768 2138 826 2202 situ
843 2148 929 2222 atquc
944 2137 1053 2201 Anubin
1071 2138 1246 2222 disputasse.

181 2340 334 2428 Principio
351 2343 437 2426 igitur
451 2340 566 2420 libioo,
590 2354 621 2406 ut
637 2341 715 2419 disi,
740 2339 888 2406 Christum
909 2362 926 2403 e
943 2341 999 2405 viri
1015 2342 1139 2418 semine,
1165 2340 1249 2404 nimi·
1269 2349 1328 2415 Gap.
1345 2350 1386 2399 tn.

95 2465 164 2506 rum
182 2439 319 2528 losephi‚
347 2444 475 2527 genitum
498 2444 668 2506 affirmabo.
704 2440 815 2506 Verum
829 2442 978 2526 uliqunoto
995 2443 1100 2506 abhinc
1118 2453 1249 2526 tempore

97 2545 126 2608 io
147 2545 323 2609 hodiernum
342 2567 433 2630 nsque
453 2545 528 2609 diem
552 2543 601 2629 qui
623 2545 686 2607 eius
704 2565 834 2607 errorem
852 2546 945 2608 secuti
961 2556 1047 2624 situl,
1075 2544 1180 2606 animis
1197 2564 1248 2606 co-

95 2669 162 2708 rum
182 2647 212 2708 in
230 2647 355 2711 absurde
370 2668 404 2710 oc
419 2647 559 2732 perplexo
576 2647 716 2730 quaedum
733 2645 878 2730 abreptis,
902 2647 950 2709 olii
969 2647 1055 2709 aliter
1072 2647 1108 2708 de
1128 2641 1248 2709 Christo

93 2748 303 2831 pronuntient.
346 2748 391 2811 Ac
416 2747 558 2832 suspicari
585 2768 656 2810 sorte
683 2748 751 2810 licet
774 2745 810 2809 ob
835 2767 871 2810 eo
898 2758 1027 2832 tempore
1056 2769 1113 2831 quo
1135 2769 1168 2810 sc
1191 2747 1247 2809 illis

96 2849 238 2912 Elxaeus
259 2849 389 2912 adiunxit
416 2849 505 2913 lulsus
529 2850 642 2932 quidum
667 2849 826 2932 propheto,
858 2850 905 2932 qui
928 2850 1001 2934 uprud
1017 2845 1196 2932 Sumpseoos
1219 2859 1249 2910 ct

95 2949 240 3016 Osseuos
257 2960 343 3034 utque
361 2949 535 3014 Elcessoeos
562 2951 678 3028 extitit,
708 2950 744 3012 ab
769 2951 870 3013 eodem
894 2951 1013 3014 edoctus
1036 2949 1189 3012 confictum
1212 2951 1247 3012 de

94 3051 223 3118 Christo
247 3072 280 3113 uc
303 3051 405 3135 spiritu
428 3061 530 3114 sonem
555 3052 655 3114 nescio
681 3051 748 3135 quid
772 3052 889 3116 cllutire
913 3051 1058 3135 coepisse.
1103 3048 1246 3114 Nonnulli

92 3155 175 3219 eninr
193 3174 235 3216 cx
251 3153 288 3214 iis
301 3154 442 3216 eldenium
461 3152 551 3215 luisse
566 3149 716 3215 Christum
731 3152 911 3237 praedicunt,
934 3153 1012 3216 illum
1031 3154 1148 3236 inquom
1168 3151 1248 3214 nna-

95 3279 190 3332 ouum,
217 3255 267 3338 qui
286 3257 393 3337 primus
409 3275 427 3316 u
442 3254 496 3316 dcc
516 3255 657 3316 lormetns
674 3253 803 3316 ciusdem
822 3265 867 3318 est
885 3253 1030 3318 uoiorotus
1045 3255 1151 3318 ulllutu.
1187 3252 1248 3315 Atii

92 3379 110 3420 e
129 3357 219 3419 coelo
239 3352 386 3420 Christum
405 3375 471 3420 esse
489 3357 682 3432 conlitentur,
705 3355 756 3418 sed
774 3365 842 3418 oute
858 3356 953 3418 omnia
969 3368 1115 3433 (erectum,
1139 3375 1173 3417 uc
1190 3353 1248 3438 spi-

93 3458 187 3520 ritum
212 3477 281 3520 esse
306 3459 465 3540 quendum,
494 3457 663 3539 ungulisque
690 3467 859 3541 proestare,
888 3468 974 3538 utque
1000 3456 1127 3519 omnnium
1151 3476 1247 3519 rerum

93 3558 280 3622 dominatum
301 3569 420 3636 tenere,
443 3557 581 3643 appellari
599 3578 686 3642 porro
704 3555 866 3622 Christum.
912 3553 971 3638 Qui
993 3579 1058 3620 cum
1081 3567 1247 3642 perpetuom

91 3661 156 3722 illic
182 3657 390 3747 habitationem
415 3660 536 3722 sortitus
555 3657 611 3736 sit,
635 3660 748 3743 quotics
770 3659 889 3723 libuerit
907 3660 935 3722 in
958 3659 1030 3722 haec
1050 3658 1148 3721 inlimu
1170 3659 1247 3720 delu-

91 3763 194 3838 bitnr,
224 3761 463 3842 quemadmodum
491 3760 520 3822 in
541 3761 655 3823 Adomo
678 3760 846 3838 descendit,
876 3771 906 3824 ct
930 3760 1102 3843 patriurchis
1124 3781 1248 3844 corpore

92 3862 297 3925 circumluens
311 3863 458 3947 apperuit,
482 3862 563 3924 velut
578 3883 642 3924 cnm
659 3857 922 3962 uplhbrubomum,
947 3860 1097 3938 lsaccum,
1121 3873 1151 3923 et
1169 3859 1249 3923 loco·
1293 3857 1342 3947 el(

92 3965 164 4028 burn
190 3961 274 4026 odiit.
319 3959 398 4026 ldem
422 3962 545 4046 denique
568 3961 723 4048 postremis
741 3963 919 4048 temporibus
937 3964 1033 4041 venit,
1057 3963 1163 4026 Ademi
1183 3983 1249 4026 cor-

94 4086 171 4150 pore
195 4074 365 4141 contectus,
388 4075 418 4126 et
437 4065 522 4128 homo
541 4064 621 4128 visits
644 4075 706 4140 cst,
731 4065 760 4126 in
779 4086 895 4128 crucem
916 4065 1046 4129 sublutus
1070 4067 1248 4142 resurrexit,

92 4179 124 4230 et
140 4166 280 4230 escendit
295 4164 324 4228 in
344 4167 467 4230 coelum.
512 4165 629 4230 Rursus
647 4166 693 4228 ubi
713 4166 831 4230 libuerit
845 4168 885 4230 itu
903 4187 969 4230 sese
987 4186 1048 4229 rem
1069 4165 1176 4229 babere
1196 4187 1248 4229 nc-

92 4371 264 4420 llelccssseos
281 4368 437 4436 appellatos,
453 4369 523 4418 velut
537 4368 579 4420 ille
594 4369 660 4420 ime-
693 4385 766 4430 „cum
780 4369 822 4420 illc
835 4368 977 4436 figmentum
991 4369 1117 4436 quoddam
1130 4387 1159 4420 uc
1173 4385 1250 4436 nugs·

89 4437 255 4504 ginesionem
272 4435 395 4503 quandum
415 4437 446 4486 dc
465 4437 563 4487 Christo
582 4447 608 4487 et
627 4437 659 4486 de
693 4437 777 4487 nescio
802 4455 862 4504 quus
884 4437 916 4488 dc
935 4437 1033 4489 Christo
1057 4448 1082 4488 et
1105 4438 1138 4488 de
1162 4449 1250 4489 snuetc

88 4515 189 4558 sanem
205 4503 300 4574 Spiritu
314 4515 451 4556 recensent.
479 4507 588 4558 l'ertcrlm
603 4521 661 4570 epu:
692 4504 780 4573 spiritu
797 4513 907 4556 nomeu·
