3008 4996
348 311 483 367 rsuram
499 311 563 364 ιιι.
580 313 599 362 ι.
617 313 696 364 rost.
712 313 744 363 ιι.
762 311 860 364 arsa.
873 312 970 365 xxvr.
1172 299 1231 362 aot

97 431 236 516 probitate
258 449 312 495 nos
334 433 458 517 aripuit3
482 431 556 496 adeo
580 441 611 494 ot
634 442 782 515 postquam
802 431 923 494 istorum
941 431 1032 494 libros
1047 429 1235 516 perlegimus,

94 546 121 596 et
135 535 170 597 ad
189 533 321 598 veritatis
335 533 531 616 oognitiouem
549 532 674 596 animum
691 533 866 612 adiecimus,
890 553 945 596 ιιι
960 531 1093 610 abducti,
1115 531 1163 595 rel
1186 553 1237 594 eo·

92 656 152 698 rnor
176 633 324 698 illecebris
343 635 419 718 eapti
442 655 560 712 sumus,
583 634 634 696 sed
654 634 809 718 effugimus
826 635 960 711 tandem,
984 655 1055 696 mox
1069 633 1105 696 ad
1124 633 1238 717 episeo-

93 757 154 821 pus,
178 735 275 817 quiin
297 733 346 798 illo
364 735 429 798 loeo
446 743 542 814 eraut,
566 736 681 799 delerre
698 735 905 812 studuerimus,
928 746 1077 798 eteorum
1097 735 1238 798 haetenus

91 840 189 921 ignota
212 838 330 902 nomina
348 838 378 901 in
396 837 520 900 ecelesia
542 839 691 920 detegere.
738 835 788 900 Ex
803 858 859 920 quo
878 838 983 900 lautum
998 847 1045 900 est
1063 848 1094 900 ut
1112 831 1239 898 LXXX

93 942 153 1003 lere
171 939 269 1024 eapite
285 939 404 1002 exulare
428 938 508 1004 iussa
530 939 566 1002 ab
589 939 657 1002 lolio
675 938 823 1023 spinisque
844 938 906 1002 suis
928 949 1113 1022 repurgatam
1136 936 1237 1000 urbem

93 1041 275 1125 reliquerint.

172 1140 372 1225 Quamobrem
389 1142 414 1206 si
431 1142 495 1226 quis
511 1141 587 1226 quod
603 1141 686 1205 initio
703 1141 819 1226 polliciti
838 1163 937 1206 sumus
952 1141 1090 1204 memoria
1107 1137 1388 1223 repetat,0ar·XV¹¹¹·

95 1245 217 1308 tortasse
229 1243 391 1307 institutum
407 1253 538 1307 nostrum
553 1241 733 1327 approbabit,
752 1244 826 1326 quod
842 1244 880 1306 ita
895 1243 1016 1327 praelati
1031 1261 1142 1318 sumus,
1163 1259 1239 1324 quae
1326 1253 1331 1258 '

94 1347 125 1408 ad
139 1346 203 1409 illas
218 1355 316 1408 sertas
330 1345 454 1408 attinent
469 1365 523 1408 uos
538 1345 641 1429 partim
657 1365 712 1408 usu
725 1365 760 1408 au
775 1345 985 1407 consuetudine
999 1343 1147 1420 didicisse,
1173 1362 1239 1427 par·

95 1445 140 1508 tior
161 1467 202 1510 ex
218 1444 414 1510 monumentis
433 1446 603 1531 aooepisse,
626 1447 730 1531 partim
750 1436 804 1509 lide
824 1447 976 1530 dignorum
1002 1445 1167 1522 bominum,
1190 1443 1239 1528 qui

95 1549 134 1609 rei
149 1547 304 1612 veritatem
324 1549 454 1610 iudicare
473 1558 612 1632 possent,
636 1547 804 1611 narratione
824 1569 857 1611 an
874 1547 1041 1612 testimonio
1062 1544 1152 1610 luisse
1173 1566 1239 1630 par-

95 1648 204 1711 doetus.
238 1645 340 1731 ltaque
355 1670 408 1732 pro
424 1669 459 1712 eo
476 1650 551 1733 quod
570 1669 640 1733 prae
656 1649 739 1713 nobis
757 1649 877 1713 ierimus
892 1649 1025 1714 veritatis
1043 1647 1139 1712 studio
1155 1666 1239 1733 prae·

97 1750 253 1813 termittere
270 1750 345 1813 buno
364 1751 458 1814 locum
479 1751 641 1828 noluimus,
666 1753 716 1816 sed
734 1751 913 1815 ostendimus
935 1773 1018 1814 uuam
1042 1750 1119 1814 illam
1141 1769 1181 1812 ex
1202 1747 1239 1812 iis

100 1849 265 1915 baeresibus
282 1873 349 1916 esse
371 1873 490 1935 quarum
515 1873 598 1916 usum
621 1853 789 1932 babuimus,
814 1853 850 1916 do
869 1875 926 1936 qua
945 1852 1016 1916 uerti
1036 1849 1240 1935 exploratique

100 1952 201 2036 aliquid
217 1953 323 2016 ad'erre
340 1973 510 2038 possemusq
534 1975 593 2017 uon
610 1976 650 2018 ex
664 1975 700 2018 eo
718 1957 791 2038 quod
806 1955 985 2038 gesserimus
998 1951 1053 2036 ipsi
1069 1989 1107 1998 —
1126 1959 1240 2014 avertat

98 2052 147 2116 boe
163 2075 180 2118 a
196 2053 282 2118 uobis
300 2056 384 2132 deus,
407 2089 450 2102 -
472 2056 523 2118 sed
540 2076 581 2119 ex
596 2077 633 2119 eo
650 2058 725 2139 quod
744 2056 779 2120 ab
795 2057 831 2118 iis
847 2064 984 2120 accurate
1003 2053 1166 2131 didicimus,
1190 2051 1240 2135 qui

98 2151 168 2218 illam
191 2155 277 2219 nobis
302 2156 480 2240 persuadere
506 2159 615 2220 irustra
637 2158 809 2236 voluerunt,
838 2167 868 2220 et
891 2168 1060 2240 ouuoeptam
1083 2155 1118 2218 de
1138 2164 1240 2217 nostro

99 2257 183 2320 exitio
197 2277 279 2341 spem
294 2257 409 2341 penitus
426 2257 608 2336 abiecerunt,
631 2280 695 2322 oum
711 2258 833 2322 insidiae
852 2279 954 2322 ornnes
968 2279 1002 2321 ae
1020 2258 1148 2333 fraudes,
1168 2275 1241 2339 quas

101 2358 131 2419 ad
146 2359 268 2422 iuleliois
287 2358 401 2420 animae
420 2370 540 2422 nostrae
559 2360 716 2444 perniciem
737 2372 794 2423 taur
811 2359 868 2444 ipsi
885 2381 970 2443 quam
984 2360 1032 2443 qui
1046 2359 1075 2420 ia
1091 2357 1148 2420 illis
1163 2358 1242 2420 inest

101 2459 224 2524 diabolos
242 2458 400 2523 maeltinuti
421 2463 551 2539 inerant,
574 2461 676 2525 irritae
695 2473 781 2545 atque
799 2463 903 2526 inanes
923 2461 1107 2537 extitissent,
1132 2470 1164 2522 ut
1186 2458 1241 2521 boo

99 2579 114 2619 a
128 2557 234 2624 [tavida
252 2559 360 2624 dietum
374 2563 674 2628 accommodatissime
689 2584 830 2647 usurpare
846 2566 1007 2648 possimusr
1030 2566 1161 2642 Sagittae
1168 2583 1239 2642 pur·
1252 2577 1289 2622 aa.
1301 2575 1335 2628 ιι.
1348 2577 1368 2619 e.

100 2665 219 2724 uelorum
228 2665 332 2746 jbotoe
348 2675 416 2726 sunt
425 2668 530 2744 plagae
544 2687 640 2727 eorum
657 2677 715 2730 eto.
756 2664 833 2729 Tum
849 2665 934 2728 illud:
961 2669 1144 2726 Convertetur
1159 2665 1239 2725 labor
1251 2681 1289 2725 tu.
1301 2679 1323 2736 ι,
1334 2679 1366 2722 ιι.

100 2783 185 2824 earum
200 2768 231 2825 tia
245 2775 335 2844 eaput
347 2769 480 2845 aprorum,
502 2778 532 2828 et
544 2771 679 2848 iniquitas
692 2790 786 2830 eorum
800 2772 829 2830 in
847 2771 976 2828 uerboem
989 2771 1111 2846 aprorum
1127 2768 1240 2826 timaeu-

100 2867 150 2924 det.
193 2863 289 2950 igitur
310 2867 547 2949 quemadmodum
567 2870 609 2932 sio
634 2889 687 2931 uos
711 2871 739 2932 in
758 2869 872 2932 illorum
897 2887 1028 2932 errorem
1051 2864 1239 2945 incurrimus,

101 2975 127 3024 ot
141 2966 213 3030 illius
230 2987 341 3030 noxam
358 2967 570 3050 effugeremus,
596 2989 718 3053 eumque
741 2971 914 3054 simulatque
938 2970 1061 3054 legimns
1078 2988 1112 3030 ιι
1130 2988 1240 3050 eogun-

102 3065 185 3132 uimus
202 3069 374 3132 damnantes
397 3068 472 3132 salvi
488 3080 574 3154 atque
591 3071 753 3134 incolumes
777 3071 990 3154 praetergressi
1007 3091 1123 3146 sumus,
1147 3070 1189 3132 ita
1209 3079 1239 3132 te

102 3168 220 3254 quisquis
235 3189 269 3233 es
287 3171 335 3253 qui
350 3171 405 3234 ista
420 3170 495 3254 legis
510 3171 660 3236 hortamur
673 3182 704 3236 ut
719 3173 794 3236 lenta
812 3173 969 3255 pariterue
986 3173 1118 3234 damnata
1133 3171 1239 3236 transi·

103 3265 159 3346 lias,
181 3291 219 3334 ne
238 3270 268 3334 in
288 3282 457 3357 serpentum
476 3273 618 3338 eiusmodi
634 3274 714 3338 velut
729 3273 923 3359 improbitatis
939 3275 1080 3356 quoddam
1097 3272 1177 3337 viros
1195 3273 1239 3336 io-

103 3367 181 3434 oidas.
226 3372 320 3436 Ausi
344 3375 460 3458 quaudo
485 3375 606 3440 forsitan
627 3395 667 3438 ex
686 3375 739 3438 ban
761 3385 928 3461 serpentum
951 3375 1052 3439 subola
1078 3374 1238 3459 quempiam

105 3471 263 3554 offenderis,
287 3474 384 3538 subito
402 3475 511 3559 liguum
526 3477 592 3540 illud
609 3478 685 3561 quod
700 3476 784 3540 nobis
800 3498 816 3539 a
833 3477 950 3540 domino
966 3487 1163 3563 comparatum
1180 3485 1237 3556 est,

104 3581 128 3632 et
145 3573 172 3636 iu
190 3597 249 3659 qno
267 3571 405 3640 Christus
422 3577 525 3640 affixus
543 3590 603 3656 est,
627 3589 729 3642 ooutra
748 3577 893 3664 serpentis
912 3590 997 3664 eaput
1014 3577 1174 3661 arripiens,
1198 3578 1240 3640 ita

104 3671 226 3757 loquere:
253 3671 391 3741 Christus
408 3689 509 3742 nostra
527 3682 618 3744 estin
636 3701 723 3744 oruoe
740 3701 844 3744 caussa
865 3701 1040 3763 suspensus,
1066 3690 1094 3742 et
1117 3681 1238 3744 lormam

105 3787 210 3842 norbae
225 3777 330 3844 salutis
346 3799 518 3863 expressam
536 3803 571 3844 ao
590 3782 765 3846 delineatam
784 3781 912 3865 reliquit.
948 3778 1034 3862 Quod
1050 3781 1106 3846 uisi
1121 3802 1238 3844 earnem

105 3873 258 3959 habuisset,
280 3901 427 3964 nunquam
444 3893 525 3946 esset
541 3885 674 3948 suffixus.
718 3882 766 3948 Eo
787 3905 860 3948 vero
884 3885 958 3967 quod
982 3903 1070 3946 oarue
1091 3882 1240 3968 praeditus

106 3989 129 4039 et
142 3983 242 4046 affixus
258 3991 305 4044 est
323 3981 421 4060 ornoi,
445 3993 545 4048 nostra
561 3985 648 4050 simul
667 3997 785 4071 paeoata
803 3985 914 4050 delinit.
959 3982 1104 4070 Equidem
1123 3983 1241 4048 veritati

106 4083 244 4160 peridem
266 4081 424 4163 inbaeroo,
450 4105 504 4148 neo
522 4085 679 4150 tardissimi
702 4088 847 4174 serpentis
866 4107 966 4152 errore
987 4086 1033 4151 vel
1050 4085 1113 4150 eius
1132 4087 1239 4151 doetri-

105 4183 263 4247 suasibilis
285 4183 389 4248 abduoi
412 4208 458 4250 me
481 4187 587 4271 patior.

174 4284 235 4350 Sed
251 4305 328 4348 nono
341 4285 455 4354 haeresi
474 4289 523 4353 illa
538 4289 743 4374 praetermissa
758 4291 906 4376 deine-eps,
927 4290 1081 4368 carissimi,
1101 4291 1136 4354 ad
1154 4311 1238 4376 prae·
1252 4293 1390 4363 ceptttx

143 4453 166 4504 b
190 4455 288 4506 correxi
314 4457 437 4528 utuuqrqi.
479 4461 544 4510 trum
568 4463 652 4510 bobert
684 4463 741 4512 dum
758 4464 879 4512 videbatur
896 4459 981 4528 uobriq.
997 4475 1040 4524 pro
1057 4459 1158 4528 subala.
1213 4419 1217 4427 ·

105 4522 161 4582 ΝΜ
181 4519 264 4589 πλάνῃ
283 4521 324 4591 τῇ.
343 4553 376 4564 -
409 4531 505 4580 Patauio
525 4529 651 4580 rumam·
