3008 4996
250 289 311 350 206
671 300 791 352 ελσσει
809 299 977 352 mmm}

250 418 284 482 ἐκ
299 421 351 496 τῆς
368 411 460 495 αύτῆς
475 421 640 498 περιφορᾶς
655 416 725 495 είσι,
745 418 796 480 καί
813 411 925 498 δμοίως
938 414 1014 480 κατά
1027 414 1082 499 την
1097 423 1152 481 τοῦ
1164 413 1262 498 Ἰησοῦ
1277 415 1396 486 πόντων

248 513 471 600 καταφρόνησιν
496 514 705 597 ποιησάμεναι·
734 518 784 582 καί
809 520 843 582 αί
865 523 974 598 πᾶσαι,
1001 518 1092 600 φασί,
1117 520 1212 602 φυγαί
1231 526 1286 601 τῆς
1305 517 1398 604 αύτῆς

175 669 188 680 ,
249 617 402 699 δυνάμεως
416 614 589 699 ἠξιώθησαν
604 609 642 697 ἧς
656 618 707 682 καί
722 625 776 682 τοῦ
789 615 891 700 Ἰησοῦ
906 616 1034 700 ἠξίωται.
1077 616 1135 684 Διό
1149 621 1201 684 καί
1217 620 1309 686 ταῦτοί
1322 643 1397 702 φασι

248 728 351 802 χωρεῖν
370 717 420 784 διὰ
440 718 538 801 πόσης
558 717 705 802 πρόξενος,
725 717 865 804 καθάπερ
887 717 986 801 ἀμέλει
1002 721 1053 786 καί
1074 719 1163 804 ἦτοῦ
1179 719 1280 804 Ἰησοῦ
1303 721 1398 806 διελό-

126 857 178 902 pag.
192 845 237 888 ιοι.
250 828 351 886 λυθεν.
394 823 437 884 Et
453 820 485 885 δὲ
499 824 550 886 καί
565 846 609 896 τις
623 818 713 884 πάλιν
730 824 875 903 δυνηθείη
896 818 972 906 ύπέρ
996 820 1047 888 τόν
1068 819 1188 904 Ἰησοῦν
1210 831 1397 912 καταφρονῆ-

246 944 313 1001 σαι,
335 919 555 1006 διαφοράτερυς
574 923 655 986 έσται
674 918 777 986 αύτοῦ.

29 1095 34 1108 ¹
113 1033 181 1102 Κεφ.
198 1029 231 1101 γ’.
329 1019 523 1106 Ἐπιγειροῦσι
540 1023 572 1088 δέ
590 1026 622 1088 οἱ
637 1029 690 1105 τῆς
709 1020 855 1105 ἀθεμίτου
870 1022 980 1105 ταύτης
999 1031 1102 1106 σχολῆς
1122 1029 1265 1102 παντοίας
1289 1029 1394 1110 ίπιγει·

246 1121 345 1208 ρόσεις
363 1127 470 1190 δεινοῖν
488 1125 583 1209 έργοιν
601 1126 653 1190 καί
669 1121 832 1210 σ’λετηρίοτν.
880 1130 1023 1211 ίΜαγεία
1043 1125 1098 1211 γάρ
1121 1124 1189 1210 παρ’
1209 1125 1312 1205 αύτοῖς
1332 1131 1394 1196 έπε-

245 1224 395 1307 νενόηται,
416 1225 533 1314 ἐπφδύς
551 1251 582 1292 τε
596 1223 763 1310 διαφόρους
782 1224 859 1311 πρός
874 1233 974 1292 πᾶσαν
991 1226 1122 1310 μηχανήν
1136 1228 1305 1314 ίφηύραντο
1317 1230 1395 1316 πρδς

245 1332 352 1412 φίλτρα
368 1329 419 1392 καί
436 1324 601 1412 ίάγοίγιμα.
648 1325 695 1392 Ού
709 1325 769 1410 μὴν
785 1329 818 1392 δέ
836 1325 905 1392 ἀλλά
921 1330 973 1394 καί
988 1330 1156 1415 παρέδρους
1171 1333 1313 1412 δαίμονας
1325 1333 1392 1398 έαυ-

244 1437 307 1504 τοῖς
333 1431 528 1506 ἐπισπῶνται,
557 1431 598 1503 είς
621 1426 654 1493 τύ
678 1426 729 1494 διά
752 1436 861 1510 πολλῆς
885 1434 1060 1514 μαγγανείας
1082 1433 1115 1496 ἐν
1141 1433 1258 1521 ἐξουσία
1283 1433 1393 1524 μεγάλη

244 1529 379 1608 πάντων,
404 1531 519 1610 8φασί,
540 1529 689 1614 κυριεύειν
704 1522 747 1595 τόν
762 1553 793 1594 τε
807 1528 845 1596 ἀν
860 1532 959 1597 ἐθέλοι
975 1532 1097 1607 ἕκαστος
1112 1534 1162 1598 καί
1179 1525 1199 1622 ᾗ
1212 1531 1316 1618 πράξει
1328 1537 1392 1602 ἐπι-

243 1639 348 1716 χειροῖν
359 1630 508 1712 τολμήσειε
521 1635 616 1713 δηθεν
629 1629 752 1707 ἑαυτούς
765 1634 964 1709 ἐξαπατῶντες
975 1630 1052 1718 πρός
1062 1638 1267 1720 πληροφορίαν
1279 1643 1333 1718 τῆς
1345 1661 1391 1702 τε·

243 1734 436 1815 τυφλωμίνης
451 1729 550 1796 αύτοῖν
566 1736 714 1812 διανοίας,
735 1731 782 1798 δἐι
798 1737 833 1797 αῖ
845 1741 979 1800 τοιαῦται
995 1733 1168 1819 ἐγχειρήσας
1181 1736 1390 1818 κατισχύσασαι

242 1832 293 1900 διδ
318 1841 378 1899 τοῖν
403 1831 552 1900 τοσούτων
577 1833 727 1919 πρύξεων,
754 1836 806 1900 καλ
832 1834 1094 1920 καταφρονησασαι
1117 1843 1178 1902 τοῖν
1200 1847 1392 1921 κοσμοποιεῖν

241 1933 398 2021 Ἀγγίλοιν,
419 1936 470 2000 καί
487 1942 547 2000 τοῖν
563 1938 594 2001 ἐν
608 1943 649 2024 τῷ
665 1935 766 2025 κύσμρο
783 1933 998 2021 ύπερβαίνυυσι
1018 1935 1070 2021 τήν
1092 1942 1153 2004 τοῖν
1173 1936 1270 2005 αύτῦν
1290 1951 1390 2022 μυθο-

242 2045 337 2104 ποιοῖν
357 2034 406 2118 (ού
427 2035 484 2122 γάρ
506 2034 544 2102 ἀν
565 2041 679 2120 είποιμι
699 2045 899 2120 κοσμοποιεῖν)
920 2041 1070 2118 ἐξουσίαν,
1091 2038 1176 2116 ὅπως
1192 2038 1230 2106 ἀν
1249 2038 1303 2123 τόν
1325 2039 1388 2110 ἀνα

241 2141 413 2222 ίλενθερίαν
429 2135 634 2218 ἀσπάσωνται,
654 2141 705 2204 καί
718 2136 772 2222 τόν
787 2137 849 2204 ἀνω
864 2145 971 2221 πτῆσιν
986 2138 1175 2223 *κτήσαιντο
1219 2144 1290 2208 Etsi
1305 2143 1338 2210 δέ
1355 2146 1389 2210 ἐκ

240 2247 295 2305 τοῦ
310 2245 429 2304 Σατανᾶ
445 2242 710 2324 παρεσκευασμένοι
727 2243 778 2306 καί
795 2242 1026 2325 προβεβλημένοι
1046 2245 1087 2318 είς
1102 2241 1218 2319 ὄνειδος
1234 2245 1286 2309 καί
1301 2241 1390 2310 σκύν-

239 2344 329 2406 δαλον
348 2347 401 2423 τῆς
416 2349 470 2408 τοῦ
487 2349 563 2407 θεοῦ
585 2344 744 2424 ἐκκλησίας.
785 2339 944 2409 Ἐπέθεντο
962 2341 1018 2429 γάρ
1039 2346 1155 2420 ἑαυτοῖς
1173 2348 1293 2430 ίπίκλην
1312 2353 1388 2430 Χρι·

239 2444 368 2520 στιανοί,
390 2441 467 2528 πρός
487 2443 520 2509 τό
544 2448 783 2522 σκανδαλίξεοθαι
798 2442 836 2508 τά
855 2446 932 2526 ἔθνη
956 2442 994 2509 δι’
1012 2443 1111 2512 αύτοῖν
1130 2448 1181 2511 καί
1204 2445 1387 2534 ἀποστρέφε-

238 2553 311 2608 σθαι
330 2541 382 2626 τήν
398 2551 451 2626 τῆς
467 2541 552 2630 ἀγίας
570 2551 623 2612 τοῦ
640 2553 717 2611 θεοῦ
732 2549 885 2627 ἐκκλησίας
899 2544 1042 2624 ἀφέλειαν
1055 2548 1107 2613 καί
1122 2545 1156 2614 τό
1172 2545 1317 2630 ἀληθινόν
1332 2547 1386 2632 κή-

238 2671 335 2732 ρυγμα
356 2644 407 2712 διοί
430 2653 484 2728 τῆς
505 2649 626 2712 ἐκείνων
649 2644 878 2732 ἀθεμιτουργίας
898 2649 950 2713 καί
974 2645 1146 2714 ἀνεικάστοα
1169 2655 1385 2735 κακοπραγίας,

238 2750 279 2823 είς
293 2745 326 2814 τό
344 2744 381 2812 τοί
399 2749 474 2829 έθνη
492 2755 693 2814 κατανοοῦντα
706 2746 806 2814 αύτοῖν
822 2748 859 2814 τά
878 2749 1021 2832 ἐπάλληλα
1041 2753 1112 2835 έργα
1129 2757 1190 2816 τοῖν
1205 2747 1386 2838 ἀθεμιτουρ-

237 2856 325 2934 γιοῖν,
347 2853 507 2931 νομίσαντα
522 2852 574 2914 καί
588 2849 658 2925 τοῦς
672 2857 726 2932 τῆς
739 2847 824 2936 ἀγίας
839 2858 893 2918 τοῦ
911 2859 987 2916 θεοῦ
1003 2853 1157 2933 ἐκκλησίας
1171 2851 1325 2929 τοιούτους
1344 2852 1384 2920 εί-

235 2977 300 3029 ναι,
323 2947 533 3036 ἀποστρέφειν,
561 2948 603 3027 οδς
625 2953 674 3016 καί
691 2960 851 3036 προεῖπον,
880 2951 934 3035 τόν
954 2951 1049 3036 ἀκοὴν
1071 2951 1131 3020 ἀπό
1156 2961 1210 3036 τῆς
1229 2961 1284 3020 τοῦ
1304 2963 1386 3022 θεοῦ

234 3050 310 3119 κατά
334 3049 475 3134 ἀλήθειαν
498 3055 699 3132 διδασκαλίας,
728 3051 750 3135 ἢ
771 3054 823 3119 καί
848 3051 981 3139 δρῶντός
1001 3081 1083 3131 τινας
1106 3054 1247 3130 ὗπάντας
1270 3052 1384 3139 δμοίως

234 3162 426 3240 βλασφημεῖν.
470 3155 531 3218 Καί
548 3153 655 3220 τούτου
674 3157 760 3220 ἕνεκα
782 3157 813 3220 οἱ
825 3160 951 3232 ’πλείους
971 3164 1032 3222 νῦν
1054 3159 1152 3222 ἐθνιῦν
1170 3155 1275 3222 ίόπου
1296 3154 1323 3242 γ’
1343 3157 1384 3224 ἀν

234 3257 320 3320 ίδασι
341 3253 507 3335 τοιούτους,
537 3252 604 3320 οῦτε
626 3258 674 3321 ἐπί
693 3260 835 3344 κοινωνία
859 3255 932 3340 ημῖν
949 3259 1167 3342 προςφίρυνται
1186 3261 1381 3340 ληψοδοσίας,

232 3354 403 3440 ἢγνοίμης,
424 3353 446 3437 ἢ
460 3353 554 3438 ἀκοῆς
569 3355 659 3442 λόγου
675 3364 778 3437 θείου,
799 3356 866 3424 οῦτε
885 3356 940 3440 τὴν
955 3357 1050 3442 οίκοήν
1070 3361 1251 3441 ἐντιθίασιν,
1273 3361 1381 3448 έπτνρ·

232 3460 318 3540 μένοι
338 3455 399 3524 ἀπό
420 3464 474 3539 τῆς
493 3465 553 3524 τοῖν
574 3457 725 3542 ἀθεμίτων
745 3457 959 3546 ἀνοσιουργίας.

99 3785 165 3856 129,
183 3784 215 3843 (s,
317 3766 389 3829 Εἰσί
411 3764 443 3830 δὲ
459 3765 492 3829 ἐν
511 3763 621 3852 ἀσωτίᾳ
643 3767 839 3842 διατελοῦντες
856 3758 954 3846 οῦτοι,
982 3767 1033 3832 ιιαλ
1053 3774 1115 3833 πᾶν
1137 3762 1240 3832 δτιοῦν
1260 3765 1379 3852 ίργαζό-

232 3889 316 3948 μενοι
331 3863 408 3951 πρός
423 3863 759 3949 εύπιίθειανσοομάταυ,
780 3863 852 3949 ἡμῖν
868 3869 900 3934 δέ
920 3867 996 3944 ύλας
1019 3865 1075 3935 οῦκ
1096 3871 1271 3954 ίγγίξοντες,
1292 3871 1321 3934 εί
1332 3867 1380 3952 μή

231 3991 260 4031 τι
279 3965 336 4052 ἀρα
356 3967 431 4054 πρδς
448 3967 481 4034 τό
500 3966 630 4034 δελεοίσαι
653 3966 753 4051 ψυχάς
774 3966 965 4052 ἀστηρίκτους
989 3971 1021 4036 ἐν
1042 3977 1079 4060 τῇ
1101 3968 1197 4035 αύτοῖν
1215 3974 1380 4036 κατοδιδα·

231 4073 342 4156 σκαλίηι.
386 4073 444 4146 Είς
457 4068 544 4136 ούδίν
559 4068 616 4155 γάρ
632 4067 705 4151 ἡμῖν
721 4067 908 4150 δμοιοῦνται·
929 4071 952 4154 ἢ
971 4070 1063 4154 μόνον
1080 4069 1202 4154 ύνύματι
1218 4079 1379 4138 καλεῖσθαι

230 4169 435 4251 σεμνύνονται,
458 4173 541 4248 ’όποος
559 4171 610 4237 διά
624 4177 678 4237 τοῦ
696 4169 842 4254 όνόματος
861 4181 916 4238 τοῦ
932 4171 1111 4239 ἐπιπλόστου
1131 4171 1167 4238 τοί
1188 4177 1241 4256 τῆς
1261 4174 1380 4238 έατποῖν

110 4301 162 4347 μς.
175 4289 220 4336 ιεσ.
232 4275 338 4348 κακίας
353 4272 539 4360 ἐργάσωνται
586 4271 626 4340 Τό
643 4273 676 4338 δέ
690 4278 780 4359 κρίμα
800 4273 914 4342 τούτων
935 4273 1011 4341 κατοί
1028 4273 1061 4340 τό
1080 4275 1280 4361 γεγραμμένον
1297 4275 1379 4340 ίνδι-

265 4443 432 4495 cn.111.-
469 4448 491 4498 1.
508 4445 615 4514 μείγαλη
633 4448 670 4496 ed.
684 4447 760 4508 ρείτιο.
817 4450 850 4498 οδ
866 4451 992 4499 mabsam
1010 4451 1049 4498 λῖδ.
1064 4451 1098 4510 1.,
1114 4463 1139 4510 μ.
1155 4442 1196 4499 42.

262 4511 287 4564 2.
309 4513 346 4574 ῦϊ.
363 4515 391 4564 δι
408 4515 577 4566 λοευοοοοιιλο
592 4515 670 4566 ῦττῖδ
686 4515 783 4564 λίπολδ.
850 4515 875 4570 3.
891 4531 957 4583 φησι
973 4517 1024 4569 τοῦ.
1037 4517 1134 4580 Ma.
