3008 4996
354 285 488 337 canaan
507 285 743 338 mn.1.nom.u.
761 285 858 337 naua.
872 285 961 336 xxx.
1167 270 1229 334 269

90 402 159 466 dunt
176 411 207 465 et
221 423 239 465 a
254 401 412 486 gentilibus
429 404 581 468 oriundum
599 423 678 481 esse,
701 403 848 467 cniusdam
864 402 1020 467 occasione
1035 401 1104 480 loci,
1127 401 1156 464 iu
1175 421 1232 486 quo

89 505 150 588 ipse
169 505 245 587 quod
265 526 313 570 res
338 517 404 569 erat
427 506 554 590 ingenue
572 504 718 591 proponit.
766 510 927 579 Tarsensis,
952 503 1060 588 inquit,
1083 526 1136 583 ego
1154 525 1226 577 eum,

89 629 137 667 nec
154 608 233 667 rcrda‘s
250 608 384 668 obscurae
400 613 479 669 er'm's.
526 606 578 671 Ex
592 629 649 693 quo
665 608 801 692 gentilem
817 605 906 670 luisse
925 606 1079 686 colligunt,
1104 615 1134 667 et
1149 615 1228 668 utro·
1241 616 1369 672 ΛΜΨ-

90 728 144 789 que
164 719 284 792 parente
301 708 401 792 gentili
424 720 626 794 procreatum,
650 729 771 793 cumque
791 707 1024 792 Hierosolymam
1046 707 1233 786 accessisset,

89 820 118 870 et
137 809 244 872 ibidem
264 809 439 892 aliquamdiu
463 813 636 890 mansisset,
666 809 811 895 pontilicis
840 809 926 872 liliam
952 810 1058 871 ducere
1080 807 1229 870 statuisse.

91 906 190 991 Quare
208 911 385 996 proselytum
404 933 437 975 se
453 913 577 992 lenisse,
600 933 635 978 ae
655 910 906 976 circumcisionem
924 929 1092 994 usurpasse.
1123 906 1232 972 Postea

90 1013 166 1094 qood
185 1012 221 1075 ab
239 1033 275 1075 eo
297 1015 434 1097 coniugio
449 1015 626 1090 excidisset,
649 1015 754 1078 iratum
774 1012 915 1076 adversus
932 1011 1183 1074 circumcisionem
1204 1018 1235 1071 et

89 1113 258 1191 sabbatum,
281 1114 432 1199 legemque
453 1117 621 1201 scripsisse.

172 1195 234 1262 Sed
254 1209 382 1284 apertam
409 1201 580 1264 calomniam
602 1201 689 1265 struit
715 1200 833 1264 callidus
857 1199 907 1263 ille
930 1217 1052 1283 serpeus
1075 1194 1385 1279 animoquacavau.

90 1300 251 1362 mendicus.
293 1299 389 1365 Ebion
404 1303 508 1388 quippe
526 1301 672 1367 Hebraico
685 1323 745 1366 uox
764 1300 880 1366 Graeca
894 1301 992 1382 lingua
1009 1299 1170 1362 mendicum
1185 1318 1234 1359 so·

90 1411 152 1462 nat.
195 1399 252 1465 Est
270 1414 366 1467 autern
392 1403 557 1468 haereticus
580 1405 636 1468 iste
657 1424 764 1468 revera
781 1413 896 1482 mente,
919 1423 971 1486 spe
991 1401 1130 1482 tactisque
1152 1419 1233 1461 men·

90 1501 188 1581 dicus,
212 1513 310 1587 utpote
328 1503 376 1589 qui
395 1503 543 1570 Christum
563 1527 673 1570 merum
690 1527 758 1570 esse
778 1505 921 1568 hominem
940 1502 1104 1579 existimet,
1129 1501 1158 1564 in
1181 1521 1232 1564 eo-

90 1624 145 1686 que
161 1623 243 1688 spem
262 1627 326 1668 cum
342 1608 464 1690 quadam
484 1608 550 1672 lidei
565 1607 750 1672 mendicitate
768 1607 902 1671 collocet.
942 1604 1061 1668 Atcnim
1079 1602 1126 1666 isti
1144 1603 1179 1665 de
1198 1621 1233 1666 ea

89 1724 122 1766 re
143 1705 324 1787 gloriantur,
355 1729 445 1792 seque
469 1710 617 1774 rnendicos
635 1708 820 1796 praedicant,
851 1706 926 1791 quod
948 1706 1164 1790 apostolorum,
1187 1701 1232 1765 in·
1245 1714 1293 1758 aar.
1307 1714 1370 1768 ott·

90 1805 203 1888 quium,
226 1817 356 1892 tempore
371 1831 434 1874 mos
451 1823 530 1874 esset
548 1814 624 1876 bona
639 1833 693 1876 sna
712 1811 887 1887 distrahere,
911 1820 941 1873 et
959 1810 994 1872 ad
1010 1807 1126 1870 illorum
1143 1805 1231 1890 pedes

90 1906 230 1973 abiicere.
276 1906 379 1994 ltaque
406 1915 576 1978 scillarum
600 1914 793 1999 exempload
819 1911 1032 1975 mendicitatem
1056 1907 1167 1992 redigi,
1199 1925 1233 1968 ac

89 2007 174 2073 honis
189 2011 323 2076 omnibus
338 2014 487 2092 abdicare,
511 2017 687 2100 proindeque
705 2015 813 2100 passim
828 2013 977 2078 mendicos
992 2009 1141 2096 appellari.
1172 2004 1233 2072 Sed

91 2109 144 2174 hoc
161 2111 198 2176 ab
222 2112 281 2178 illis
302 2135 344 2178 ex
366 2117 485 2200 ingenio
508 2118 662 2182 conlictum
689 2128 745 2182 est.
790 2114 868 2179 Nam
882 2113 988 2178 Ebioni
1010 2116 1155 2199 proprium
1178 2111 1232 2174 hoc

89 2223 153 2274 erat
170 2235 294 2294 nomen,
318 2238 377 2280 non
393 2219 458 2282 sine
473 2219 612 2284 vaticinio
628 2230 725 2283 tamen
743 2218 851 2302 aliquo,
875 2239 932 2302 quo
950 2218 1100 2280 mendicus
1116 2216 1234 2280 inlelix·

88 2335 144 2394 «pue
170 2316 234 2378 lore
254 2317 486 2401 significaretur,
517 2343 581 2385 cum
604 2343 622 2384 a
646 2320 814 2405 parentibus
844 2321 873 2384 id
903 2318 1028 2382 nominis
1058 2318 1231 2402 accepisset.

89 2412 186 2496 Quam
202 2437 275 2482 vern
292 2420 347 2482 alia
366 2421 454 2486 multa
473 2434 503 2486 et
520 2443 670 2508 perperam
686 2424 823 2487 affectata
847 2431 877 2485 et
898 2422 1041 2484 scelerata
1064 2441 1098 2484 ac
1120 2419 1233 2485 nelarie

89 2535 192 2580 eorum
208 2517 341 2586 instituto
358 2525 517 2606 gerunturl
563 2522 688 2607 Quoties
708 2525 783 2588 enim
801 2523 905 2608 aliquis
922 2523 1035 2586 illorum
1054 2523 1083 2586 in
1101 2523 1233 2586 morbum

87 2617 209 2698 incidit,
233 2632 285 2685 aut
305 2644 323 2687 a
341 2637 477 2710 serpente
495 2648 609 2690 morsus
626 2637 688 2704 est,
713 2628 747 2689 ad
764 2647 853 2710 aquas
869 2625 1030 2689 deseendit.
1076 2621 1118 2687 lhi
1135 2625 1235 2708 appel·

87 2718 215 2784 laticnes
234 2744 354 2804 omnes,
379 2748 451 2810 qnae
469 2726 557 2793 Elxai
572 2729 744 2813 complexus
763 2739 824 2814 est,
847 2728 982 2804 invocat,
1005 2725 1081 2790 coeli
1097 2725 1234 2788 videlicet

88 2841 123 2884 ac
140 2833 256 2903 terrae,
279 2827 351 2890 salis
367 2840 397 2892 et
411 2851 523 2913 aquae,
545 2840 699 2894 ventorum
717 2842 747 2893 et
759 2831 941 2911 angelorum,
963 2840 995 2892 ut
1010 2837 1128 2903 vocent,
1152 2827 1234 2890 iusti·

89 2921 168 3000 tiae,
199 2926 282 3010 panis
309 2929 378 2992 item
407 2942 436 2994 et
462 2933 532 2998 olei.
586 2930 700 2995 Deinde
723 2933 844 2996 solenne
870 2932 924 2996 hoc
949 2951 1065 2994 carmen
1088 2928 1231 3013 concipit:

87 3028 198 3088 Adeste
213 3034 289 3104 maht,
313 3043 345 3092 et
356 3035 430 3094 hunc
445 3055 463 3094 c
479 3056 521 3096 me
535 3038 658 3096 dolorem
673 3037 811 3114 depellite.
856 3031 916 3096 lam
932 3034 988 3096 hoc
1002 3043 1086 3096 antea
1103 3031 1235 3094 declara·

88 3129 203 3211 vimus,
227 3134 324 3199 omnia
339 3132 410 3199 haee
427 3132 569 3200 unionem
588 3134 747 3212 nesciisse,
772 3133 892 3218 eiusque
910 3135 1066 3219 discipulos
1086 3134 1234 3216 aliquanto

89 3245 158 3316 post
173 3255 239 3297 cum
250 3233 339 3299 Elxai
355 3238 555 3301 coalescentes
572 3237 607 3300 uh
623 3235 738 3320 Ebione
754 3235 1002 3300 circumcisionem
1020 3258 1054 3299 ac
1070 3236 1233 3314 sabbatum,

89 3345 223 3426 aliosqne
242 3342 315 3404 ritus
333 3341 499 3424 accepisse,
524 3340 560 3403 ah
575 3337 663 3402 Elxai
677 3359 749 3402 vero
766 3338 910 3401 somnium
927 3338 1014 3416 illud,
1039 3350 1069 3401 ut
1085 3335 1234 3403 Christum

90 3447 213 3510 formam
234 3463 301 3506 esse
320 3443 462 3526 quandam
481 3441 623 3504 humanae
641 3440 782 3518 similem,
807 3460 901 3523 neque
921 3439 1083 3503 hominibus
1103 3449 1235 3524 aspecta-

89 3545 178 3612 bilem
196 3565 264 3608 esse
289 3544 448 3628 lingerent,
479 3543 658 3627 longitndine
676 3540 784 3604 milium
801 3536 923 3620 XCVl,
955 3540 1004 3624 qui
1027 3554 1095 3605 sunt
1115 3541 1235 3606 schoeni

91 3659 219 3732 quatuor
234 3657 263 3709 et
279 3643 393 3728 viginti,
411 3643 562 3708 latitudine
577 3643 771 3707 schoenorum
787 3640 842 3720 Vl,
861 3642 915 3705 hoc
929 3653 975 3705 est
987 3641 1095 3706 millum
1111 3639 1233 3719 xxw,

90 3747 278 3812 crassitudini
294 3746 418 3830 denique
435 3745 519 3810 aliam
540 3765 705 3808 mensnram
724 3743 894 3806 attribuunt.
936 3739 1033 3828 Prope
1051 3743 1144 3828 ipsum
1163 3763 1235 3806 vero

90 3862 172 3914 stare
190 3849 321 3934 spiritum
337 3858 468 3911 sanctum
486 3845 618 3910 muliebri
634 3847 742 3930 ligura,
766 3845 807 3908 ita
827 3855 922 3908 tamen
943 3853 974 3907 ut
987 3844 1079 3908 videri
1097 3854 1234 3927 nequeat,

90 3952 282 4035 eiusdemque
306 3970 373 4014 esse
390 3967 556 4012 mensurae.
600 3947 704 4030 Roges'
720 3947 796 4010 unde
818 3967 868 4008 eas
884 3965 1036 4008 mensuras
1055 3943 1234 4028 acceperint.

90 4051 118 4117 E
145 4053 309 4130 montibus,
340 4051 490 4136 inquiunt,
515 4049 685 4116 observatas
704 4048 861 4126 hahemus,
892 4067 1012 4130 quorum
1035 4047 1071 4110 ad
1094 4047 1235 4109 verticem

90 4155 208 4219 illorum
226 4155 319 4239 capita
335 4152 548 4238 pertingebant,
568 4171 657 4236 quare
671 4139 809 4212 montium
826 4147 1004 4210 altitudinem
1020 4142 1237 4210 dimensiChri·

90 4258 129 4320 sti
150 4279 186 4320 ae
206 4255 301 4320 sancti
319 4255 436 4340 spiritus
456 4252 680 4336 magnitudinem
705 4250 909 4335 comperimus.
956 4246 1066 4312 Verum
1085 4249 1120 4310 de
1139 4248 1184 4311 his
1205 4247 1236 4311 in

126 4409 187 4460 Car.
203 4409 286 4458 let.
304 4435 338 4446 -
367 4407 387 4457 l.
406 4404 481 4472 ἔγνων
497 4407 648 4457 reddvntr'c.
681 4407 802 4454 uertmtm:
821 4404 851 4452 Et
867 4401 931 4452 nude
949 4400 1090 4468 acceperint
1107 4417 1148 4452 ees
1163 4417 1236 4451 uren-

91 4479 189 4540 lthediq.
215 4467 518 4542 temperantiorem.
544 4475 649 4526 Ceterum
682 4487 750 4522 sores
766 4470 835 4520 dicit.
