<?xml version="1.0" encoding="UTF-8"?>
<!DOCTYPE html PUBLIC "-//W3C//DTD XHTML 1.0 Transitional//EN"
    "http://www.w3.org/TR/xhtml1/DTD/xhtml1-transitional.dtd">
<html xmlns="http://www.w3.org/1999/xhtml" xml:lang="en" lang="en">
 <head>
  <title>
</title>
<meta http-equiv="Content-Type" content="text/html;charset=utf-8" />
  <meta name='ocr-system' content='tesseract 3.04.00' />
  <meta name='ocr-capabilities' content='ocr_page ocr_carea ocr_par ocr_line ocrx_word'/>
</head>
<body>
  <div class='ocr_page' id='page_1' title='image "./corporishaerese03oehlgoog_0140.png"; bbox 0 0 3006 4990; ppageno 0'>
   <div class='ocr_carea' id='block_1_1' title="bbox 379 881 885 1122">
    <p class='ocr_par' dir='ltr' id='par_1_1' title="bbox 379 881 885 1122">
     <span class='ocr_line' id='line_1_1' title="bbox 452 881 699 944; baseline 0.008 -2"><span class='ocrx_word' id='word_1_1' title='bbox 452 918 460 932; x_wconf 44' lang='lat'><em>1</em></span> <span class='ocrx_word' id='word_1_2' title='bbox 565 881 699 944; x_wconf 76' lang='lat' dir='ltr'>sanun</span> 
     </span>
     <span class='ocr_line' id='line_1_2' title="bbox 379 1034 885 1122; baseline 0 -1"><span class='ocrx_word' id='word_1_3' title='bbox 379 1034 885 1122; x_wconf 80' lang='lat' dir='ltr'><strong>EPIPHANII</strong></span> 
     </span>
    </p>
   </div>
   <div class='ocr_carea' id='block_1_2' title="bbox 179 1237 1085 1318">
    <p class='ocr_par' dir='ltr' id='par_1_2' title="bbox 179 1237 1085 1318">
     <span class='ocr_line' id='line_1_3' title="bbox 179 1237 1085 1318; baseline -0.006 0"><span class='ocrx_word' id='word_1_4' title='bbox 179 1237 608 1318; x_wconf 78' lang='lat' dir='ltr'><strong>ADVERSUS</strong></span> <span class='ocrx_word' id='word_1_5' title='bbox 663 1237 1085 1316; x_wconf 77' lang='lat' dir='ltr'>nnunusus</span> 
     </span>
    </p>
   </div>
   <div class='ocr_carea' id='block_1_3' title="bbox 475 1421 795 1474">
    <p class='ocr_par' dir='ltr' id='par_1_3' title="bbox 475 1421 795 1474">
     <span class='ocr_line' id='line_1_4' title="bbox 475 1421 795 1474; baseline 0 0"><span class='ocrx_word' id='word_1_6' title='bbox 475 1421 565 1474; x_wconf 71' lang='lat' dir='ltr'>ntum</span> <span class='ocrx_word' id='word_1_7' title='bbox 583 1423 603 1474; x_wconf 89' lang='lat' dir='ltr'>l.</span> <span class='ocrx_word' id='word_1_8' title='bbox 631 1423 746 1474; x_wconf 80' lang='lat' dir='ltr'>TOMUS</span> <span class='ocrx_word' id='word_1_9' title='bbox 763 1423 795 1474; x_wconf 83' lang='lat'>11.</span> 
     </span>
    </p>
   </div>
   <div class='ocr_carea' id='block_1_4' title="bbox 94 1611 1180 1974">
    <p class='ocr_par' dir='ltr' id='par_1_4' title="bbox 94 1611 1180 1974">
     <span class='ocr_line' id='line_1_5' title="bbox 275 1611 984 1738; baseline -0.001 0"><span class='ocrx_word' id='word_1_10' title='bbox 275 1660 583 1738; x_wconf 77' lang='lat' dir='ltr'>aurursus</span> <span class='ocrx_word' id='word_1_11' title='bbox 617 1611 984 1738; x_wconf 77' lang='lat' dir='ltr'>srnonmnos.</span> 
     </span>
     <span class='ocr_line' id='line_1_6' title="bbox 94 1781 1180 1880; baseline -0.002 -22"><span class='ocrx_word' id='word_1_12' title='bbox 94 1782 176 1877; x_wconf 74' lang='lat' dir='ltr'>unae</span> <span class='ocrx_word' id='word_1_13' title='bbox 205 1790 259 1858; x_wconf 81' lang='lat' dir='ltr'>est</span> <span class='ocrx_word' id='word_1_14' title='bbox 283 1781 430 1856; x_wconf 83' lang='lat' dir='ltr'>haeresis</span> <span class='ocrx_word' id='word_1_15' title='bbox 456 1783 494 1855; x_wconf 89' lang='lat' dir='ltr'>ab</span> <span class='ocrx_word' id='word_1_16' title='bbox 512 1788 630 1856; x_wconf 81' lang='lat' dir='ltr'>exortu</span> <span class='ocrx_word' id='word_1_17' title='bbox 647 1781 852 1856; x_wconf 80' lang='lat' dir='ltr'>christianae</span> <span class='ocrx_word' id='word_1_18' title='bbox 871 1781 1043 1879; x_wconf 82' lang='lat' dir='ltr'>religionis</span> <span class='ocrx_word' id='word_1_19' title='bbox 1064 1782 1180 1880; x_wconf 91' lang='lat' dir='ltr'>prima,</span> 
     </span>
     <span class='ocr_line' id='line_1_7' title="bbox 517 1899 752 1974; baseline 0 -2"><span class='ocrx_word' id='word_1_20' title='bbox 517 1901 632 1974; x_wconf 84' lang='lat' dir='ltr'>ordine</span> <span class='ocrx_word' id='word_1_21' title='bbox 657 1899 752 1974; x_wconf 84' lang='lat' dir='ltr'>XXI.</span> 
     </span>
    </p>
   </div>
   <div class='ocr_carea' id='block_1_5' title="bbox 55 2045 1417 4267">
    <p class='ocr_par' dir='ltr' id='par_1_5' title="bbox 55 2045 1417 4267">
     <span class='ocr_line' id='line_1_8' title="bbox 55 2045 1324 2136; baseline -0.003 -20"><span class='ocrx_word' id='word_1_22' title='bbox 55 2085 60 2098; x_wconf 52' lang='grc' dir='ltr'>ι</span> <span class='ocrx_word' id='word_1_23' title='bbox 143 2049 265 2116; x_wconf 87' lang='lat' dir='ltr'>Primae</span> <span class='ocrx_word' id='word_1_24' title='bbox 285 2050 412 2115; x_wconf 88' lang='lat' dir='ltr'>omnium</span> <span class='ocrx_word' id='word_1_25' title='bbox 437 2069 511 2134; x_wconf 87' lang='lat' dir='ltr'>quae</span> <span class='ocrx_word' id='word_1_26' title='bbox 536 2071 552 2113; x_wconf 91' lang='lat' dir='ltr'>a</span> <span class='ocrx_word' id='word_1_27' title='bbox 571 2045 682 2114; x_wconf 85' lang='lat' dir='ltr'>Christi</span> <span class='ocrx_word' id='word_1_28' title='bbox 701 2061 831 2135; x_wconf 88' lang='lat' dir='ltr'>tempore</span> <span class='ocrx_word' id='word_1_29' title='bbox 848 2050 883 2113; x_wconf 89' lang='lat' dir='ltr'>ad</span> <span class='ocrx_word' id='word_1_30' title='bbox 902 2049 977 2114; x_wconf 87' lang='lat' dir='ltr'>hano</span> <span class='ocrx_word' id='word_1_31' title='bbox 997 2061 1122 2115; x_wconf 87' lang='lat' dir='ltr'>aetatem</span> <span class='ocrx_word' id='word_1_32' title='bbox 1140 2073 1206 2136; x_wconf 90' lang='lat' dir='ltr'>pro·</span> <span class='ocrx_word' id='word_1_33' title='bbox 1225 2058 1286 2128; x_wconf 78' lang='lat' dir='ltr'>cap.</span> <span class='ocrx_word' id='word_1_34' title='bbox 1303 2063 1324 2112; x_wconf 89' lang='lat' dir='ltr'>t.</span> 
     </span>
     <span class='ocr_line' id='line_1_9' title="bbox 76 2149 1208 2238; baseline 0.005 -25"><span class='ocrx_word' id='word_1_35' title='bbox 76 2151 177 2217; x_wconf 86' lang='lat' dir='ltr'>dierunt</span> <span class='ocrx_word' id='word_1_36' title='bbox 200 2153 334 2217; x_wconf 82' lang='lat' dir='ltr'>haeresis</span> <span class='ocrx_word' id='word_1_37' title='bbox 355 2151 492 2238; x_wconf 81' lang='lat' dir='ltr'>princeps</span> <span class='ocrx_word' id='word_1_38' title='bbox 509 2149 612 2216; x_wconf 86' lang='lat' dir='ltr'>Simon</span> <span class='ocrx_word' id='word_1_39' title='bbox 635 2151 685 2216; x_wconf 84' lang='lat' dir='ltr'>itta</span> <span class='ocrx_word' id='word_1_40' title='bbox 705 2149 812 2234; x_wconf 83' lang='lat' dir='ltr'>Magus</span> <span class='ocrx_word' id='word_1_41' title='bbox 836 2152 946 2216; x_wconf 81' lang='lat' dir='ltr'>extitit.</span> <span class='ocrx_word' id='word_1_42' title='bbox 990 2149 1076 2235; x_wconf 78' lang='lat' dir='ltr'>Quae</span> <span class='ocrx_word' id='word_1_43' title='bbox 1093 2154 1208 2238; x_wconf 88' lang='lat' dir='ltr'>quidem</span> 
     </span>
     <span class='ocr_line' id='line_1_10' title="bbox 76 2251 1207 2338; baseline 0.004 -24"><span class='ocrx_word' id='word_1_44' title='bbox 76 2265 143 2317; x_wconf 82' lang='lat' dir='ltr'>seete</span> <span class='ocrx_word' id='word_1_45' title='bbox 160 2277 220 2320; x_wconf 92' lang='lat' dir='ltr'>non</span> <span class='ocrx_word' id='word_1_46' title='bbox 240 2264 333 2334; x_wconf 88' lang='lat' dir='ltr'>reete,</span> <span class='ocrx_word' id='word_1_47' title='bbox 356 2274 451 2338; x_wconf 87' lang='lat' dir='ltr'>neque</span> <span class='ocrx_word' id='word_1_48' title='bbox 467 2274 507 2316; x_wconf 88' lang='lat' dir='ltr'>ex</span> <span class='ocrx_word' id='word_1_49' title='bbox 523 2253 636 2332; x_wconf 84' lang='lat' dir='ltr'>ordine,</span> <span class='ocrx_word' id='word_1_50' title='bbox 662 2251 860 2318; x_wconf 84' lang='lat' dir='ltr'>Christianum</span> <span class='ocrx_word' id='word_1_51' title='bbox 876 2275 981 2318; x_wconf 89' lang='lat' dir='ltr'>nomen</span> <span class='ocrx_word' id='word_1_52' title='bbox 1001 2265 1131 2338; x_wconf 77' lang='lat' dir='ltr'><strong>usurpat,</strong></span> <span class='ocrx_word' id='word_1_53' title='bbox 1154 2255 1207 2318; x_wconf 86' lang='lat' dir='ltr'>sed</span> 
     </span>
     <span class='ocr_line' id='line_1_11' title="bbox 77 2353 1209 2440; baseline 0.002 -24"><span class='ocrx_word' id='word_1_54' title='bbox 77 2373 120 2436; x_wconf 89' lang='lat' dir='ltr'>pro</span> <span class='ocrx_word' id='word_1_55' title='bbox 134 2355 298 2421; x_wconf 89' lang='lat' dir='ltr'>adulterina</span> <span class='ocrx_word' id='word_1_56' title='bbox 314 2375 368 2420; x_wconf 88' lang='lat' dir='ltr'>sna</span> <span class='ocrx_word' id='word_1_57' title='bbox 384 2355 590 2440; x_wconf 76' lang='lat' dir='ltr'>depravatione</span> <span class='ocrx_word' id='word_1_58' title='bbox 605 2356 787 2418; x_wconf 84' lang='lat' dir='ltr'>atrocissima</span> <span class='ocrx_word' id='word_1_59' title='bbox 805 2375 936 2439; x_wconf 86' lang='lat' dir='ltr'>quaeque</span> <span class='ocrx_word' id='word_1_60' title='bbox 954 2355 1117 2418; x_wconf 78' lang='lat' dir='ltr'>committit.</span> <span class='ocrx_word' id='word_1_61' title='bbox 1150 2353 1209 2440; x_wconf 79' lang='lat' dir='ltr'>lgi-</span> 
     </span>
     <span class='ocr_line' id='line_1_12' title="bbox 77 2454 1207 2542; baseline 0.004 -26"><span class='ocrx_word' id='word_1_62' title='bbox 77 2464 117 2518; x_wconf 90' lang='lat' dir='ltr'>tur</span> <span class='ocrx_word' id='word_1_63' title='bbox 132 2455 234 2522; x_wconf 88' lang='lat' dir='ltr'>Simon</span> <span class='ocrx_word' id='word_1_64' title='bbox 259 2458 315 2521; x_wconf 88' lang='lat' dir='ltr'>iste</span> <span class='ocrx_word' id='word_1_65' title='bbox 338 2457 486 2520; x_wconf 77' lang='lat' dir='ltr'>veneticus</span> <span class='ocrx_word' id='word_1_66' title='bbox 506 2457 578 2534; x_wconf 85' lang='lat' dir='ltr'>luit,</span> <span class='ocrx_word' id='word_1_67' title='bbox 608 2454 717 2520; x_wconf 87' lang='lat' dir='ltr'>Gitthis</span> <span class='ocrx_word' id='word_1_68' title='bbox 741 2457 880 2521; x_wconf 87' lang='lat' dir='ltr'>oriundus</span> <span class='ocrx_word' id='word_1_69' title='bbox 897 2457 964 2520; x_wconf 89' lang='lat' dir='ltr'>olim</span> <span class='ocrx_word' id='word_1_70' title='bbox 981 2455 1106 2542; x_wconf 90' lang='lat' dir='ltr'>oppido,</span> <span class='ocrx_word' id='word_1_71' title='bbox 1130 2479 1207 2522; x_wconf 87' lang='lat' dir='ltr'>nune</span> 
     </span>
     <span class='ocr_line' id='line_1_13' title="bbox 77 2555 1279 2644; baseline 0.005 -27"><span class='ocrx_word' id='word_1_72' title='bbox 77 2555 134 2620; x_wconf 89' lang='lat' dir='ltr'>u&#39;eo</span> <span class='ocrx_word' id='word_1_73' title='bbox 150 2557 314 2624; x_wconf 88' lang='lat' dir='ltr'>Samariae.</span> <span class='ocrx_word' id='word_1_74' title='bbox 360 2555 417 2640; x_wconf 83' lang='lat' dir='ltr'>Qui</span> <span class='ocrx_word' id='word_1_75' title='bbox 433 2558 617 2644; x_wconf 84' lang='lat' dir='ltr'>popularibus</span> <span class='ocrx_word' id='word_1_76' title='bbox 634 2557 695 2620; x_wconf 88' lang='lat' dir='ltr'>suis</span> <span class='ocrx_word' id='word_1_77' title='bbox 711 2558 794 2622; x_wconf 86' lang='lat' dir='ltr'>malis</span> <span class='ocrx_word' id='word_1_78' title='bbox 809 2557 919 2622; x_wconf 86' lang='lat' dir='ltr'>artibus</span> <span class='ocrx_word' id='word_1_79' title='bbox 935 2558 1059 2622; x_wconf 85' lang='lat' dir='ltr'>illudens</span> <span class='ocrx_word' id='word_1_80' title='bbox 1078 2579 1114 2622; x_wconf 92' lang='lat' dir='ltr'>ae</span> <span class='ocrx_word' id='word_1_81' title='bbox 1129 2559 1208 2622; x_wconf 86' lang='lat' dir='ltr'>lrau·</span> <span class='ocrx_word' id='word_1_82' title='bbox 1275 2581 1279 2594; x_wconf 91' lang='lat'><em>·</em></span> 
     </span>
     <span class='ocr_line' id='line_1_14' title="bbox 78 2657 1209 2747; baseline 0.006 -30"><span class='ocrx_word' id='word_1_83' title='bbox 78 2657 150 2722; x_wconf 84' lang='lat' dir='ltr'>dibus</span> <span class='ocrx_word' id='word_1_84' title='bbox 167 2661 307 2747; x_wconf 74' lang='lat' dir='ltr'>pellectos</span> <span class='ocrx_word' id='word_1_85' title='bbox 323 2659 470 2744; x_wconf 84' lang='lat' dir='ltr'>decipiens</span> <span class='ocrx_word' id='word_1_86' title='bbox 491 2680 623 2744; x_wconf 83' lang='lat' dir='ltr'>maguam</span> <span class='ocrx_word' id='word_1_87' title='bbox 640 2679 673 2722; x_wconf 87' lang='lat' dir='ltr'>se</span> <span class='ocrx_word' id='word_1_88' title='bbox 689 2659 735 2723; x_wconf 89' lang='lat' dir='ltr'>dei</span> <span class='ocrx_word' id='word_1_89' title='bbox 753 2659 812 2725; x_wconf 84' lang='lat' dir='ltr'>vim</span> <span class='ocrx_word' id='word_1_90' title='bbox 836 2679 904 2724; x_wconf 88' lang='lat' dir='ltr'>esse</span> <span class='ocrx_word' id='word_1_91' title='bbox 919 2659 1104 2744; x_wconf 86' lang='lat' dir='ltr'>praedicabat</span> <span class='ocrx_word' id='word_1_92' title='bbox 1119 2660 1209 2724; x_wconf 90' lang='lat' dir='ltr'>eoeli·</span> 
     </span>
     <span class='ocr_line' id='line_1_15' title="bbox 77 2757 1208 2846; baseline 0.002 -24"><span class='ocrx_word' id='word_1_93' title='bbox 77 2767 117 2822; x_wconf 82' lang='lat' dir='ltr'>tus</span> <span class='ocrx_word' id='word_1_94' title='bbox 138 2761 166 2824; x_wconf 91' lang='lat' dir='ltr'>io</span> <span class='ocrx_word' id='word_1_95' title='bbox 185 2774 283 2827; x_wconf 88' lang='lat' dir='ltr'>terras</span> <span class='ocrx_word' id='word_1_96' title='bbox 298 2761 455 2846; x_wconf 77' lang='lat' dir='ltr'>delapsam.</span> <span class='ocrx_word' id='word_1_97' title='bbox 497 2757 593 2824; x_wconf 85' lang='lat' dir='ltr'>Porro</span> <span class='ocrx_word' id='word_1_98' title='bbox 612 2761 685 2844; x_wconf 90' lang='lat' dir='ltr'>apud</span> <span class='ocrx_word' id='word_1_99' title='bbox 701 2758 903 2824; x_wconf 85' lang='lat' dir='ltr'>Samaritanos</span> <span class='ocrx_word' id='word_1_100' title='bbox 926 2781 997 2825; x_wconf 83' lang='lat' dir='ltr'>suos</span> <span class='ocrx_word' id='word_1_101' title='bbox 1020 2781 1073 2846; x_wconf 84' lang='lat' dir='ltr'>pro</span> <span class='ocrx_word' id='word_1_102' title='bbox 1097 2761 1152 2824; x_wconf 92' lang='lat' dir='ltr'>deo</span> <span class='ocrx_word' id='word_1_103' title='bbox 1173 2781 1208 2824; x_wconf 89' lang='lat' dir='ltr'>se</span> 
     </span>
     <span class='ocr_line' id='line_1_16' title="bbox 77 2859 1209 2948; baseline 0.003 -26"><span class='ocrx_word' id='word_1_104' title='bbox 77 2871 151 2942; x_wconf 88' lang='lat' dir='ltr'>patre</span> <span class='ocrx_word' id='word_1_105' title='bbox 164 2864 348 2942; x_wconf 72' lang='lat' dir='ltr'>venditabat,</span> <span class='ocrx_word' id='word_1_106' title='bbox 372 2863 447 2948; x_wconf 92' lang='lat' dir='ltr'>apud</span> <span class='ocrx_word' id='word_1_107' title='bbox 464 2859 587 2926; x_wconf 87' lang='lat' dir='ltr'>ludaeos</span> <span class='ocrx_word' id='word_1_108' title='bbox 610 2861 698 2926; x_wconf 89' lang='lat' dir='ltr'>lilium</span> <span class='ocrx_word' id='word_1_109' title='bbox 719 2883 752 2926; x_wconf 91' lang='lat' dir='ltr'>se</span> <span class='ocrx_word' id='word_1_110' title='bbox 772 2862 908 2926; x_wconf 83' lang='lat' dir='ltr'>laoielral.</span> <span class='ocrx_word' id='word_1_111' title='bbox 952 2859 1090 2945; x_wconf 81' lang='lat' dir='ltr'>Negabat</span> <span class='ocrx_word' id='word_1_112' title='bbox 1103 2883 1209 2928; x_wconf 88' lang='lat' dir='ltr'>revera</span> 
     </span>
     <span class='ocr_line' id='line_1_17' title="bbox 77 2959 1209 3050; baseline 0.003 -27"><span class='ocrx_word' id='word_1_113' title='bbox 77 2981 105 3023; x_wconf 85' lang='lat' dir='ltr'>se</span> <span class='ocrx_word' id='word_1_114' title='bbox 118 2975 165 3027; x_wconf 93' lang='lat' dir='ltr'>aut</span> <span class='ocrx_word' id='word_1_115' title='bbox 179 2966 265 3030; x_wconf 88' lang='lat' dir='ltr'>aliter</span> <span class='ocrx_word' id='word_1_116' title='bbox 280 2985 364 3049; x_wconf 89' lang='lat' dir='ltr'>quam</span> <span class='ocrx_word' id='word_1_117' title='bbox 380 2965 477 3050; x_wconf 88' lang='lat' dir='ltr'>speeie</span> <span class='ocrx_word' id='word_1_118' title='bbox 497 2975 581 3029; x_wconf 88' lang='lat' dir='ltr'>tenus</span> <span class='ocrx_word' id='word_1_119' title='bbox 603 2984 670 3027; x_wconf 86' lang='lat' dir='ltr'>esse</span> <span class='ocrx_word' id='word_1_120' title='bbox 693 2983 821 3047; x_wconf 88' lang='lat' dir='ltr'>passum.</span> <span class='ocrx_word' id='word_1_121' title='bbox 867 2959 947 3027; x_wconf 91' lang='lat' dir='ltr'>ldem</span> <span class='ocrx_word' id='word_1_122' title='bbox 965 2963 1105 3049; x_wconf 85' lang='lat' dir='ltr'>apostolis</span> <span class='ocrx_word' id='word_1_123' title='bbox 1127 2963 1209 3026; x_wconf 90' lang='lat' dir='ltr'>blan·</span> 
     </span>
     <span class='ocr_line' id='line_1_18' title="bbox 78 3061 1323 3152; baseline 0.006 -30"><span class='ocrx_word' id='word_1_124' title='bbox 78 3062 144 3128; x_wconf 88' lang='lat' dir='ltr'>ditus</span> <span class='ocrx_word' id='word_1_125' title='bbox 164 3087 229 3130; x_wconf 91' lang='lat' dir='ltr'>eum</span> <span class='ocrx_word' id='word_1_126' title='bbox 244 3067 311 3132; x_wconf 88' lang='lat' dir='ltr'>aliis</span> <span class='ocrx_word' id='word_1_127' title='bbox 325 3066 400 3131; x_wconf 87' lang='lat' dir='ltr'>bene</span> <span class='ocrx_word' id='word_1_128' title='bbox 422 3065 519 3130; x_wconf 86' lang='lat' dir='ltr'>multis</span> <span class='ocrx_word' id='word_1_129' title='bbox 538 3087 555 3129; x_wconf 92' lang='lat' dir='ltr'>a</span> <span class='ocrx_word' id='word_1_130' title='bbox 570 3063 703 3152; x_wconf 89' lang='lat' dir='ltr'>Philippo</span> <span class='ocrx_word' id='word_1_131' title='bbox 719 3063 882 3150; x_wconf 84' lang='lat' dir='ltr'>baptizatus</span> <span class='ocrx_word' id='word_1_132' title='bbox 900 3076 956 3128; x_wconf 89' lang='lat' dir='ltr'>est.</span> <span class='ocrx_word' id='word_1_133' title='bbox 1000 3061 1077 3128; x_wconf 78' lang='lat' dir='ltr'>Mox</span> <span class='ocrx_word' id='word_1_134' title='bbox 1091 3076 1210 3150; x_wconf 84' lang='lat' dir='ltr'>praeter</span> <span class='ocrx_word' id='word_1_135' title='bbox 1242 3076 1290 3120; x_wconf 74' lang='lat' dir='ltr'>aee</span> <span class='ocrx_word' id='word_1_136' title='bbox 1302 3077 1323 3120; x_wconf 48' lang='grc' dir='ltr'>θ’</span> 
     </span>
     <span class='ocr_line' id='line_1_19' title="bbox 77 3165 1212 3254; baseline 0.004 -28"><span class='ocrx_word' id='word_1_137' title='bbox 77 3184 154 3229; x_wconf 90' lang='lat' dir='ltr'>unum</span> <span class='ocrx_word' id='word_1_138' title='bbox 174 3169 255 3232; x_wconf 90' lang='lat' dir='ltr'>illum</span> <span class='ocrx_word' id='word_1_139' title='bbox 273 3167 401 3232; x_wconf 88' lang='lat' dir='ltr'>universi</span> <span class='ocrx_word' id='word_1_140' title='bbox 417 3189 545 3232; x_wconf 87' lang='lat' dir='ltr'>summos</span> <span class='ocrx_word' id='word_1_141' title='bbox 565 3168 712 3254; x_wconf 86' lang='lat' dir='ltr'>apostolos</span> <span class='ocrx_word' id='word_1_142' title='bbox 735 3165 943 3247; x_wconf 88' lang='lat' dir='ltr'>advenientes,</span> <span class='ocrx_word' id='word_1_143' title='bbox 975 3187 1085 3251; x_wconf 84' lang='lat' dir='ltr'>perque</span> <span class='ocrx_word' id='word_1_144' title='bbox 1105 3187 1212 3232; x_wconf 91' lang='lat' dir='ltr'>manus</span> 
     </span>
     <span class='ocr_line' id='line_1_20' title="bbox 79 3265 1208 3356; baseline 0.008 -31"><span class='ocrx_word' id='word_1_145' title='bbox 79 3265 125 3328; x_wconf 83' lang='lat' dir='ltr'>sibi</span> <span class='ocrx_word' id='word_1_146' title='bbox 143 3267 177 3332; x_wconf 82' lang='lat' dir='ltr'>ab</span> <span class='ocrx_word' id='word_1_147' title='bbox 199 3269 257 3333; x_wconf 88' lang='lat' dir='ltr'>illis</span> <span class='ocrx_word' id='word_1_148' title='bbox 275 3269 423 3356; x_wconf 86' lang='lat' dir='ltr'>impositas</span> <span class='ocrx_word' id='word_1_149' title='bbox 443 3268 575 3354; x_wconf 89' lang='lat' dir='ltr'>spiritum</span> <span class='ocrx_word' id='word_1_150' title='bbox 594 3279 725 3332; x_wconf 86' lang='lat' dir='ltr'>sanetum</span> <span class='ocrx_word' id='word_1_151' title='bbox 743 3267 904 3353; x_wconf 83' lang='lat' dir='ltr'>excipiunt.</span> <span class='ocrx_word' id='word_1_152' title='bbox 948 3266 1027 3332; x_wconf 87' lang='lat' dir='ltr'>Naro</span> <span class='ocrx_word' id='word_1_153' title='bbox 1044 3266 1208 3354; x_wconf 78' lang='lat' dir='ltr'>Philippus,</span> 
     </span>
     <span class='ocr_line' id='line_1_21' title="bbox 80 3369 1211 3455; baseline 0.004 -25"><span class='ocrx_word' id='word_1_154' title='bbox 80 3370 145 3449; x_wconf 81' lang='lat' dir='ltr'>quod</span> <span class='ocrx_word' id='word_1_155' title='bbox 165 3372 306 3436; x_wconf 89' lang='lat' dir='ltr'>diaeonus</span> <span class='ocrx_word' id='word_1_156' title='bbox 327 3372 467 3434; x_wconf 83' lang='lat' dir='ltr'>duntaxat</span> <span class='ocrx_word' id='word_1_157' title='bbox 492 3382 589 3451; x_wconf 88' lang='lat' dir='ltr'>esset,</span> <span class='ocrx_word' id='word_1_158' title='bbox 621 3369 859 3455; x_wconf 89' lang='lat' dir='ltr'>imponendurum</span> <span class='ocrx_word' id='word_1_159' title='bbox 886 3390 1023 3434; x_wconf 86' lang='lat' dir='ltr'>mannum</span> <span class='ocrx_word' id='word_1_160' title='bbox 1050 3369 1211 3434; x_wconf 89' lang='lat' dir='ltr'>eommuni-</span> 
     </span>
     <span class='ocr_line' id='line_1_22' title="bbox 80 3468 1210 3558; baseline 0.005 -28"><span class='ocrx_word' id='word_1_161' title='bbox 80 3471 208 3558; x_wconf 83' lang='lat' dir='ltr'>eaodiqne</span> <span class='ocrx_word' id='word_1_162' title='bbox 224 3471 344 3558; x_wconf 85' lang='lat' dir='ltr'>spiritus</span> <span class='ocrx_word' id='word_1_163' title='bbox 361 3473 454 3537; x_wconf 85' lang='lat' dir='ltr'>saneti</span> <span class='ocrx_word' id='word_1_164' title='bbox 469 3481 613 3558; x_wconf 85' lang='lat' dir='ltr'>potestate</span> <span class='ocrx_word' id='word_1_165' title='bbox 628 3471 759 3535; x_wconf 80' lang='lat' dir='ltr'>carebat.</span> <span class='ocrx_word' id='word_1_166' title='bbox 790 3468 901 3535; x_wconf 88' lang='lat' dir='ltr'>Verum</span> <span class='ocrx_word' id='word_1_167' title='bbox 919 3468 1020 3536; x_wconf 85' lang='lat' dir='ltr'>Simon</span> <span class='ocrx_word' id='word_1_168' title='bbox 1038 3471 1094 3536; x_wconf 88' lang='lat' dir='ltr'>iste</span> <span class='ocrx_word' id='word_1_169' title='bbox 1111 3470 1210 3536; x_wconf 89' lang='lat' dir='ltr'>auimo</span> 
     </span>
     <span class='ocr_line' id='line_1_23' title="bbox 79 3571 1346 3659; baseline 0.005 -29"><span class='ocrx_word' id='word_1_170' title='bbox 79 3589 108 3632; x_wconf 84' lang='lat' dir='ltr'>ae</span> <span class='ocrx_word' id='word_1_171' title='bbox 124 3585 217 3637; x_wconf 85' lang='lat' dir='ltr'>mente</span> <span class='ocrx_word' id='word_1_172' title='bbox 235 3575 427 3658; x_wconf 85' lang='lat' dir='ltr'>depravatus,</span> <span class='ocrx_word' id='word_1_173' title='bbox 452 3595 517 3638; x_wconf 89' lang='lat' dir='ltr'>oum</span> <span class='ocrx_word' id='word_1_174' title='bbox 535 3594 568 3638; x_wconf 88' lang='lat' dir='ltr'>se</span> <span class='ocrx_word' id='word_1_175' title='bbox 587 3571 753 3659; x_wconf 83' lang='lat' dir='ltr'>turpissimo</span> <span class='ocrx_word' id='word_1_176' title='bbox 771 3573 902 3656; x_wconf 88' lang='lat' dir='ltr'>quaestui</span> <span class='ocrx_word' id='word_1_177' title='bbox 924 3583 955 3636; x_wconf 91' lang='lat' dir='ltr'>et</span> <span class='ocrx_word' id='word_1_178' title='bbox 971 3573 1113 3638; x_wconf 84' lang='lat' dir='ltr'>avaritiae</span> <span class='ocrx_word' id='word_1_179' title='bbox 1131 3573 1211 3636; x_wconf 92' lang='lat' dir='ltr'>dedi·</span> <span class='ocrx_word' id='word_1_180' title='bbox 1342 3644 1346 3652; x_wconf 25' lang='lat'>⁸</span> 
     </span>
     <span class='ocr_line' id='line_1_24' title="bbox 80 3668 1417 3760; baseline 0.006 -28"><span class='ocrx_word' id='word_1_181' title='bbox 80 3668 170 3754; x_wconf 81' lang='lat' dir='ltr'>disset,</span> <span class='ocrx_word' id='word_1_182' title='bbox 193 3695 289 3759; x_wconf 81' lang='lat' dir='ltr'>neque</span> <span class='ocrx_word' id='word_1_183' title='bbox 305 3675 456 3760; x_wconf 86' lang='lat' dir='ltr'>quiequam</span> <span class='ocrx_word' id='word_1_184' title='bbox 473 3675 509 3738; x_wconf 90' lang='lat' dir='ltr'>de</span> <span class='ocrx_word' id='word_1_185' title='bbox 523 3675 671 3760; x_wconf 85' lang='lat' dir='ltr'>perversis</span> <span class='ocrx_word' id='word_1_186' title='bbox 689 3673 792 3739; x_wconf 86' lang='lat' dir='ltr'>studiis</span> <span class='ocrx_word' id='word_1_187' title='bbox 808 3673 982 3754; x_wconf 82' lang='lat' dir='ltr'>remisisset,</span> <span class='ocrx_word' id='word_1_188' title='bbox 1006 3676 1139 3759; x_wconf 87' lang='lat' dir='ltr'>apostolo</span> <span class='ocrx_word' id='word_1_189' title='bbox 1152 3673 1211 3740; x_wconf 88' lang='lat' dir='ltr'>Pe·</span> <span class='ocrx_word' id='word_1_190' title='bbox 1413 3671 1417 3678; x_wconf 78' lang='grc'><strong>’</strong></span> 
     </span>
     <span class='ocr_line' id='line_1_25' title="bbox 80 3775 1211 3862; baseline 0.005 -28"><span class='ocrx_word' id='word_1_191' title='bbox 80 3779 119 3834; x_wconf 84' lang='lat' dir='ltr'>tro</span> <span class='ocrx_word' id='word_1_192' title='bbox 134 3776 269 3859; x_wconf 89' lang='lat' dir='ltr'>peeunias</span> <span class='ocrx_word' id='word_1_193' title='bbox 287 3777 406 3855; x_wconf 87' lang='lat' dir='ltr'>obtulit,</span> <span class='ocrx_word' id='word_1_194' title='bbox 426 3787 459 3840; x_wconf 92' lang='lat' dir='ltr'>ut</span> <span class='ocrx_word' id='word_1_195' title='bbox 474 3777 499 3840; x_wconf 90' lang='lat' dir='ltr'>is</span> <span class='ocrx_word' id='word_1_196' title='bbox 520 3775 574 3840; x_wconf 89' lang='lat' dir='ltr'>sibi</span> <span class='ocrx_word' id='word_1_197' title='bbox 599 3775 743 3861; x_wconf 83' lang='lat' dir='ltr'>largiendi</span> <span class='ocrx_word' id='word_1_198' title='bbox 764 3797 818 3861; x_wconf 89' lang='lat' dir='ltr'>per</span> <span class='ocrx_word' id='word_1_199' title='bbox 839 3795 972 3839; x_wconf 90' lang='lat' dir='ltr'>manuum</span> <span class='ocrx_word' id='word_1_200' title='bbox 996 3777 1211 3862; x_wconf 87' lang='lat' dir='ltr'>impositionem</span> 
     </span>
     <span class='ocr_line' id='line_1_26' title="bbox 80 3873 1211 3964; baseline 0.009 -30"><span class='ocrx_word' id='word_1_201' title='bbox 80 3873 188 3958; x_wconf 85' lang='lat' dir='ltr'>spiritns</span> <span class='ocrx_word' id='word_1_202' title='bbox 201 3879 294 3943; x_wconf 87' lang='lat' dir='ltr'>saneti</span> <span class='ocrx_word' id='word_1_203' title='bbox 309 3887 482 3964; x_wconf 87' lang='lat' dir='ltr'>potestatem</span> <span class='ocrx_word' id='word_1_204' title='bbox 499 3879 657 3942; x_wconf 89' lang='lat' dir='ltr'>eoulerret.</span> <span class='ocrx_word' id='word_1_205' title='bbox 680 3876 814 3942; x_wconf 83' lang='lat' dir='ltr'>Eundem</span> <span class='ocrx_word' id='word_1_206' title='bbox 824 3875 927 3963; x_wconf 90' lang='lat' dir='ltr'>qnippe</span> <span class='ocrx_word' id='word_1_207' title='bbox 942 3878 1073 3962; x_wconf 87' lang='lat' dir='ltr'>spiritum</span> <span class='ocrx_word' id='word_1_208' title='bbox 1089 3878 1120 3940; x_wconf 89' lang='lat' dir='ltr'>in</span> <span class='ocrx_word' id='word_1_209' title='bbox 1137 3878 1211 3944; x_wconf 80' lang='lat' dir='ltr'>alios</span> 
     </span>
     <span class='ocr_line' id='line_1_27' title="bbox 80 3979 1213 4066; baseline 0.007 -30"><span class='ocrx_word' id='word_1_210' title='bbox 80 3979 273 4044; x_wconf 82' lang='lat' dir='ltr'>transfundere</span> <span class='ocrx_word' id='word_1_211' title='bbox 286 3979 445 4066; x_wconf 77' lang='lat' dir='ltr'>cogitabat,</span> <span class='ocrx_word' id='word_1_212' title='bbox 465 3990 551 4064; x_wconf 87' lang='lat' dir='ltr'>atque</span> <span class='ocrx_word' id='word_1_213' title='bbox 567 3979 608 4042; x_wconf 88' lang='lat' dir='ltr'>ita</span> <span class='ocrx_word' id='word_1_214' title='bbox 622 3980 778 4044; x_wconf 79' lang='lat' dir='ltr'>maximam</span> <span class='ocrx_word' id='word_1_215' title='bbox 796 3999 862 4044; x_wconf 86' lang='lat' dir='ltr'>sese</span> <span class='ocrx_word' id='word_1_216' title='bbox 877 3979 1063 4064; x_wconf 81' lang='lat' dir='ltr'>pecuniarum</span> <span class='ocrx_word' id='word_1_217' title='bbox 1078 3980 1138 4044; x_wconf 86' lang='lat' dir='ltr'>vim</span> <span class='ocrx_word' id='word_1_218' title='bbox 1152 3980 1213 4044; x_wconf 91' lang='lat' dir='ltr'>eol·</span> 
     </span>
     <span class='ocr_line' id='line_1_28' title="bbox 79 4072 1211 4167; baseline 0.009 -31"><span class='ocrx_word' id='word_1_219' title='bbox 79 4072 227 4162; x_wconf 80' lang='lat' dir='ltr'>lentorum,</span> <span class='ocrx_word' id='word_1_220' title='bbox 257 4092 344 4165; x_wconf 87' lang='lat' dir='ltr'>atque</span> <span class='ocrx_word' id='word_1_221' title='bbox 362 4081 466 4166; x_wconf 80' lang='lat' dir='ltr'>iugens</span> <span class='ocrx_word' id='word_1_222' title='bbox 488 4081 606 4146; x_wconf 89' lang='lat' dir='ltr'>omuino</span> <span class='ocrx_word' id='word_1_223' title='bbox 628 4080 739 4148; x_wconf 82' lang='lat' dir='ltr'>luorum</span> <span class='ocrx_word' id='word_1_224' title='bbox 759 4102 824 4146; x_wconf 90' lang='lat' dir='ltr'>eum</span> <span class='ocrx_word' id='word_1_225' title='bbox 846 4080 954 4167; x_wconf 80' lang='lat' dir='ltr'>exiguo</span> <span class='ocrx_word' id='word_1_226' title='bbox 971 4081 1065 4167; x_wconf 90' lang='lat' dir='ltr'>pretio</span> <span class='ocrx_word' id='word_1_227' title='bbox 1082 4103 1211 4146; x_wconf 89' lang='lat' dir='ltr'>eommu-</span> 
     </span>
     <span class='ocr_line' id='line_1_29' title="bbox 80 4183 364 4267; baseline 0.032 -29"><span class='ocrx_word' id='word_1_228' title='bbox 80 4186 196 4245; x_wconf 84' lang='lat' dir='ltr'>tatururn</span> <span class='ocrx_word' id='word_1_229' title='bbox 216 4183 364 4267; x_wconf 87' lang='lat' dir='ltr'>sperabat.</span> 
     </span>
    </p>
   </div>
   <div class='ocr_carea' id='block_1_6' title="bbox 108 4515 964 4590">
    <p class='ocr_par' dir='ltr' id='par_1_6' title="bbox 108 4515 964 4590">
     <span class='ocr_line' id='line_1_30' title="bbox 108 4515 964 4590; baseline 0 -17"><span class='ocrx_word' id='word_1_230' title='bbox 108 4515 130 4568; x_wconf 63' lang='lat' dir='ltr'>d</span> <span class='ocrx_word' id='word_1_231' title='bbox 147 4519 310 4590; x_wconf 60' lang='lat' dir='ltr'>emmonem</span> <span class='ocrx_word' id='word_1_232' title='bbox 324 4525 391 4576; x_wconf 74' lang='lat' dir='ltr'>dudd.</span> <span class='ocrx_word' id='word_1_233' title='bbox 405 4527 478 4575; x_wconf 79' lang='lat' dir='ltr'>Velle.</span> <span class='ocrx_word' id='word_1_234' title='bbox 493 4523 621 4587; x_wconf 64' lang='lat' dir='ltr'>aunon.</span> <span class='ocrx_word' id='word_1_235' title='bbox 656 4520 817 4590; x_wconf 71' lang='grc' dir='ltr'><strong>ἐπικερδῆναι</strong></span> <span class='ocrx_word' id='word_1_236' title='bbox 833 4525 889 4574; x_wconf 79' lang='lat' dir='ltr'>editi</span> <span class='ocrx_word' id='word_1_237' title='bbox 903 4527 964 4574; x_wconf 77' lang='lat' dir='ltr'>libr-i.</span> 
     </span>
    </p>
   </div>
   <div class='ocr_carea' id='block_1_7' title="bbox 0 0 1520 4990">
    <p class='ocr_par' dir='ltr' id='par_1_7' title="bbox 0 0 1520 4990">
     <span class='ocr_line' id='line_1_31' title="bbox 0 0 1520 4990; baseline 0 0"><span class='ocrx_word' id='word_1_238' title='bbox 0 0 1520 4990; x_wconf 95' lang='lat' dir='ltr'> </span> 
     </span>
    </p>
   </div>
  </div>
 </body>
</html>
