2984 4996
283 262 344 328 696
612 281 617 288 ·
706 273 828 328 emen
844 271 1012 324 τεινιιιιειι

283 391 338 475 τήν
359 390 456 473 σάρκα
479 401 542 469 τοῖς
562 394 670 458 ἑαυτοῦ
691 399 856 474 μαθηταῖς,
877 392 928 456 καλ
952 387 1112 470 άναλύσας,
1135 391 1245 473 φησλν,
1265 387 1358 472 αὐτήν
1377 387 1422 472 τήν

284 493 514 578 ένανθρύπησιν
530 498 638 560 ἑαυτοῦ
655 491 809 580 ἀπεμέρισε
825 491 914 559 πάλιν
932 491 1043 582 έκάστῷ
1061 499 1120 558 τῷν
1137 496 1285 576 στοιχείων
1304 491 1336 558 τά
1355 495 1423 556 ἴδωι

284 593 434 676 άποδούς,
456 596 489 662 w*
507 595 621 682 θερμύν
636 603 676 683 τῷ
692 603 811 685 θερμῷ,
833 597 866 662 τύ
885 594 1003 680 ψυχράν
1024 603 1064 685 τῷ
1085 602 1206 684 ψυχρῷ,
1227 594 1261 660 τύ
1282 591 1372 678 ξηράν
1390 602 1422 682 τῷ

285 701 381 786 ξηρῷ,
403 697 436 765 τύ
461 696 554 784 ύγρύν
575 707 616 788 τῷ
639 696 734 788 ύγρῷ·
757 702 807 764 καί
831 695 926 775 οὐιως
947 696 1088 774 διαλύσας
1108 695 1157 761 ὐπ’
1177 694 1272 762 αὐτοῦ
1292 697 1379 762 πάλιν
1394 697 1421 761 τί

285 801 428 887 ἔνσαρκον
450 809 534 884 σῷμα
557 800 666 884 άνέπτη
688 803 731 877 είς
750 799 803 867 τύν
823 798 967 886 οὐρανύν,
989 799 1064 866 ὅθεν
1085 803 1135 866 καὶ
1157 794 1219 883 ῆκε.

148 916 215 984 Κεφ.
232 915 265 988 γ’.
369 905 429 968 Καὶ
446 897 469 968 αλ
485 911 594 988 πολλῆς
607 907 841 990 δραματουργίας
855 911 915 968 τῷν
928 902 964 968 τά
980 911 1102 968 τοιαῦτα
1118 901 1271 988 λεγόντων,
1293 899 1336 979 οἷς
1348 908 1423 966 πτιτί

283 1033 324 1096 τῷ
339 1007 432 1086 σαφὲς
446 1010 500 1088 είη,
523 1011 620 1090 μίμων
636 1013 743 1089 μᾶλλον
755 1005 945 1092 ἐργαστήριον
959 1004 1034 1090 ἥπερ
1048 1007 1218 1092 ἐπαγγελίας
1230 1011 1307 1087 ζωῆς
1320 1004 1341 1088 ῆ
1353 1007 1421 1070 συνί-

284 1130 357 1185 σεως
373 1117 544 1194 χαρακτῆρα
556 1111 748 1192 κεκτημένων.
792 1111 835 1173 El
854 1107 911 1194 γάρ
926 1107 1001 1184 ῦλως
1016 1111 1098 1173 ἔλυεν
1113 1105 1184 1174 αύτδ
1208 1107 1242 1173 τύ
1260 1115 1344 1190 σῶμα
1359 1107 1421 1188 ὅπερ

285 1214 396 1294 εἴληφε,
413 1216 470 1277 τίνι
484 1219 525 1300 τῷ
541 1212 617 1301 λόγῳ
634 1210 684 1276 ὐπ’
700 1209 791 1295 άρχῆς
805 1209 878 1277 αὐτά
891 1213 984 1299 ἑαυτῷ
998 1209 1219 1289 κατεσκεύαζενς
1253 1214 1295 1275 El
1311 1211 1342 1275 δέ
1354 1233 1423 1275 πατε-

286 1312 401 1406 σκεύαζε
419 1312 468 1377 διά
485 1340 550 1379 τινα
563 1321 681 1399 χρῆσιν,
712 1311 862 1379 ἀπετέλεσε
876 1314 908 1378 δέ
924 1313 956 1379 τά
975 1316 1062 1399 ἔργον
1076 1321 1129 1396 τῆς
1142 1312 1287 1398 χρήσεως,
1310 1316 1364 1378 ἔδει
1381 1340 1421 1376 τα-

285 1424 421 1496 ταλεῐψαι
442 1413 513 1480 αύτδ
537 1419 569 1482 έν
589 1424 625 1507 τῆ
648 1424 686 1506 γῆ
693 1469 702 1496 ,
731 1415 854 1499 μάλιστα
870 1412 941 1482 καθ’
954 1413 1033 1497 ὐμῦς
1050 1423 1102 1498 τῆς
1118 1416 1192 1480 κατά
1209 1414 1265 1499 τῆν
1279 1413 1422 1481 άνάστασιι

284 1527 337 1602 τῆς
355 1515 463 1602 σαρκδς
479 1520 596 1595 ἐλπίδος
611 1521 708 1595 είδους
729 1517 769 1602 μή
781 1524 882 1606 χρείαν
897 1521 1013 1602 έχοντος
1028 1525 1226 1602 τελειωθῆναι.
1256 1516 1352 1604 1’κίλλιὶ
1367 1514 1423 1581 άνέ-

286 1642 389 1701 σιησεν
406 1617 478 1685 αὐτά
495 1622 598 1698 πάλιν,
625 1625 676 1687 ἵνα
694 1624 735 1697 είς
751 1621 881 1703 κάματον
899 1621 1003 1686 έαυτύν
1017 1619 1071 1704 τήν
1086 1626 1201 1704 μείζονα
1220 1620 1354 1704 ἐμβάλοι,
1379 1623 1423 1683 ἵνα

287 1724 379 1806 μηδὲν
395 1720 533 1812 ω’φελήση
546 1723 781 1803 κατασκευάζων,
804 1727 853 1790 καὶ
869 1726 901 1790 ἒν
915 1723 1040 1807 μνήματι
1057 1721 1287 1806 ἀνατιθέμενος,
1311 1725 1356 1788 καλ
1370 1726 1423 1786 δια·

284 1824 364 1890 λύων
379 1827 429 1890 καὶ
445 1831 567 1912 μερίζων
581 1824 693 1915 ἑκάστῳ
711 1833 770 1891 τῷν
785 1831 934 1909 στοιχείων
949 1825 1022 1912 ὅπερ
1040 1824 1108 1910 παρ’
1126 1824 1219 1892 αὐτοῦ
1237 1829 1364 1909 εἴληφεν,
1390 1821 1424 1898 τίς

286 1927 448 2014 εὐγνιιίμων
468 1931 674 2012 χρεοφειλὲτης.
721 1931 779 1993 Καί
802 1931 829 1994 εί
848 1927 924 2005 δλως
942 1927 1053 2018 έιιάστῷ
1070 1927 1229 2004 άπεδίδου,
1259 1923 1423 1995 τουτέστιτύ

287 2029 405 2116 ψυχράν
421 2038 462 2120 τῷ
478 2038 600 2119 ψυχρῷ,
623 2034 671 2096 καλ
689 2029 722 2096 τύ
737 2031 853 2116 θερμύν
867 2040 908 2121 τῷ
921 2036 1040 2120 θερμῷ,
1062 2028 1191 2115 ήδύνατο
1206 2038 1300 2096 ταῦτα
1312 2029 1350 2113 μή
1365 2026 1423 2114 δρᾶ-

286 2145 359 2200 σθαι
377 2143 440 2210 τοῖς
457 2131 549 2199 αὐτοῦ
566 2143 730 2216 μαθηταῖς,
760 2131 817 2198 ἀλλ’
833 2133 869 2200 οὐ
888 2133 945 2218 μήν
961 2132 994 2198 τδ
1012 2138 1096 2216 στῦμα
1115 2131 1147 2198 τύ
1167 2134 1267 2218 ξηράν.
1315 2130 1424 2206 Πάντως

167 2269 217 2314 ηις.
231 2259 275 2306 εει.
288 2236 344 2323 γάρ
360 2235 393 2308 w*
408 2235 497 2320 ξηράν
513 2235 597 2319 σῷμά
613 2238 687 2314 έστι,
709 2235 782 2320 σάρξ
798 2238 848 2302 καί
863 2234 964 2316 ύστέα,
985 2237 1035 2300 καλ
1050 2233 1083 2302 τά
1097 2233 1190 2322 ύγρδν
1204 2233 1323 2311 πάντως
1336 2235 1424 2317 ίγῦρὲς

289 2343 354 2418 είσι,
377 2341 428 2404 καὶ
443 2335 515 2422 σάρξ
530 2341 571 2414 είς
586 2335 732 2424 ύγρύιητα
747 2341 935 2422 διαλυομένη·
958 2337 1042 2404 άτινα
1056 2337 1174 2414 πάντως
1188 2347 1251 2414 τοῖς
1265 2336 1424 2410 άπεστύλοις

287 2440 479 2525 φανερώτατα
496 2437 709 2523 άποτιθέμενος
725 2440 877 2525 ἐσήμανεν,
900 2439 941 2518 τίς
957 2444 1008 2506 καί
1025 2439 1058 2507 τδ
1075 2448 1208 2526 πρῶτον,
1230 2439 1280 2506 ὅτε
1295 2440 1423 2506 έθάπτετο

287 2543 319 2610 τά
337 2541 429 2609 αὐτοῦ
444 2549 544 2625 σῶμα,
572 2549 745 2626 κατηξιοῦτο
758 2540 866 2628 Ἰωσήφ
888 2541 907 2609 ύ
923 2541 982 2609 άπύ
997 2541 1192 2628 Ἀριμαθαίας
1207 2545 1347 2621 ἕντνλίξτι
1362 2539 1422 2606 αὐτά

289 2650 320 2713 ἐν
339 2644 470 2723 σινδόνι,
491 2648 542 2710 καὶ
558 2643 728 2711 άποθέσθαι
745 2648 777 2711 έν
792 2647 929 2730 μνήματι.
962 2646 1044 2729 ’Ἅμα
1058 2646 1089 2710 δέ
1103 2648 1154 2710 καλ
1168 2648 1203 2710 αί
1212 2655 1348 2731 γυναῖκες
1359 2640 1423 2726 είχον

289 2753 361 2815 ίδεῖν
377 2775 437 2814 που
454 2752 633 2830 κατελείφθη
655 2747 690 2812 τά
708 2751 850 2828 λείψανα,
877 2753 928 2814 ἵνα
946 2745 1021 2813 αὐτά
1038 2747 1182 2831 τιμήσωσι
1198 2747 1250 2812 διά
1269 2745 1367 2831 μύρων
1380 2747 1422 2810 καί

288 2850 469 2935 άρωμύτων,
493 2847 533 2926 ύς
550 2849 583 2916 τδ
598 2857 724 2935 πρῶτον.
768 2847 838 2914 Ἀλλ’
855 2847 991 2931 οὐδαμοῦ
1008 2849 1041 2914 τδ
1058 2853 1171 2931 ψεῦδος
1186 2847 1272 2932 ύμῷν
1285 2858 1368 2916 τοῦτο
1383 2853 1420 2912 δε-

289 2953 429 3036 δήλωται,
460 2981 483 3017 ω
501 2949 718 3035 Ἀπελληϊανολ,
747 2950 806 3017 dno*
830 2951 897 3030 ένδς
916 2960 974 3018 τῷν
994 2949 1085 3037 άγίων
1104 2950 1290 3018 άποστύλων·
1324 2950 1359 3018 οὐ
1376 2948 1420 3036 γάρ

289 3059 372 3122 ἔστιν.
415 3053 498 3120 ’Λλλύ
514 3055 586 3131 τούς
600 3057 654 3137 μέν
668 3051 814 3141 άοράτους
829 3053 943 3141 ύρατῷς
960 3051 1038 3120 εἶδον
1054 3053 1109 3120 δύο
1126 3052 1251 3140 ἄνδρας,
1280 3057 1331 3120 καί
1345 3051 1421 3118 πύτύι

289 3163 330 3235 είς
343 3156 472 3244 ούρανδν
485 3154 687 3242 άνερχύμενον,
710 3159 760 3222 καί
775 3153 834 3223 ύπύ
848 3159 970 3240 νεφέλης
983 3166 1128 3240 φωτεινῆς
1137 3155 1418 3242 Ι’ύπολαμβανύμενοκ

289 3265 429 3342 λείψανον
447 3261 479 3324 δὲ
495 3256 588 3325 αὐτοῦ
604 3256 738 3342 οὐδαμοῦ
751 3263 1019 3343 καταλελειμμένον·
1043 3258 1080 3324 ου’
1096 3259 1152 3344 γάρ
1170 3263 1272 3344 ἐχρῆν,
1294 3258 1359 3326 οὐδὲ
1374 3261 1420 3324 ίνε»

289 3363 393 3445 δέχετο.
438 3365 498 3428 Καί
518 3361 658 3443 ψεύδεται
679 3359 832 3444 Ἀπελλῆς,
854 3364 904 3438 καὶ
925 3366 956 3427 οί
973 3359 1025 3427 εἶπ’
1047 3360 1139 3428 αὐτοῦ
1159 3359 1363 3445 Ἀπελληῖτνοί

155 3781 222 3854 Κεφ.
239 3784 271 3842 δ’.
378 3771 420 3863 Ty}
435 3771 523 3855 ὅμοια
536 3774 569 3838 δέ
580 3779 621 3862 τῷ
636 3775 743 3838 ἑαυτοῦ
755 3771 893 3863 έπεστάτη
910 3776 1069 3859 Μαρκίωνι
1081 3775 1150 3858 περί
1160 3796 1191 3836 τε
1204 3779 1259 3856 τῆς
1271 3770 1352 3854 ἄλλης
1363 3792 1418 3850 στρ

289 3873 343 3950 κύς
364 3879 415 3939 καί
436 3882 495 3940 τῶν
516 3873 609 3942 άλλων
626 3874 737 3958 δμοίως
752 3873 944 3961 ήδογμάτισε,
975 3874 1099 3957 φάσκων
1120 3872 1160 3958 μή
1182 3871 1257 3942 εἶναι
1280 3871 1418 3940 άνάσττσιν

289 3984 416 4060 νεκρῶν,
444 3979 495 4043 καλ
511 3975 547 4042 τά
562 3977 648 4057 άλλα,
678 3977 789 4064 ὅσαπερ
806 3980 854 4043 έπί
872 3985 924 4061 τῆς
940 3985 994 4064 γῆς
1010 3979 1109 4056 ἔδοξεν
1125 3974 1236 4059 δμοίως
1250 3979 1413 4062 δογματίζειν.

290 4076 535 4164 Ἀνατραπῆσεται
549 4081 581 4146 δέ
594 4079 613 4146 ύ
628 4078 719 4146 αὐτοῦ
731 4080 869 4166 λογισμδς
883 4077 972 4167 ληρύς
984 4105 1028 4156 τις
1043 4077 1095 4158 ῷν,
1110 4082 1161 4144 καὶ
1173 4077 1250 4144 κατά
1263 4077 1348 4144 πάντα
1360 4071 1414 4156 τρύ-

292 4197 350 4248 πον
365 4185 592 4266 πεπλανημένος.
639 4181 715 4249 Οῦτε
730 4183 785 4269 γάρ
801 4181 909 4267 ίσχύσει
923 4180 1027 4259 σκότος
1040 4183 1116 4246 ἔνθα
1130 4180 1164 4247 τύ
1179 4187 1245 4263 φῶς
1258 4181 1413 4264 παρτφτίντ·

292 4311 356 4364 ται,
387 4283 454 4351 ούτε
474 4287 507 4352 τύ
526 4289 640 4368 ψεῦδος
657 4284 835 4369 σταθήσεται
853 4283 945 4367 οὐσης
965 4293 1018 4367 τῆς
1034 4281 1184 4366 άληθείας.
1227 4287 1270 4348 Ec
1286 4282 1335 4370 γάρ
1351 4279 1412 4350 δλνε

293 4389 429 4474 κέχρησαι
450 4397 515 4467 ταῖς
532 4398 676 4474 γραφαῖς,
707 4381 868 4471 ὐἈπελλῆ
890 4389 941 4452 καλ
955 4391 994 4454 ὀί
1013 4383 1071 4454 άπδ
1093 4393 1150 4452 σοῦ
1163 4383 1362 4470 Ἂπελληΐωολ,
1387 4381 1411 4454 ἒξ
