3008 4996
314 336 449 388 raanan
469 337 531 388 arn.
547 337 566 387 1.
584 337 664 389 nou.
678 337 710 386 n.
727 336 826 386 nans.
841 336 952 386 xxvrr.
1145 324 1204 386 213

72 456 196 521 rentibus
213 455 306 519 adbuc
323 453 480 539 apostolis,
503 452 593 518 Petro
610 455 771 518 scilicetne
787 452 879 518 Panlo
897 453 1024 539 episcopi
1039 453 1086 518 alii
1103 475 1204 518 surro-

72 559 135 641 gari,
154 559 231 643 quod
245 557 330 621 iidem
345 556 384 619 illi
400 556 583 640 praedicandi
600 555 744 640 evarrgelii
760 557 854 640 gratia
871 556 900 618 in
917 557 989 619 alias
1005 556 1091 620 urbes
1107 557 1203 639 regin·

70 680 168 744 nesqoe
188 659 396 744 protectionem
414 657 614 742 susciperent,
645 678 746 720 carere
765 667 859 720 autem
878 657 1014 743 episcopo
1031 655 1125 720 Roma
1144 679 1203 721 aron

69 773 168 844 posset.
216 757 364 844 Siquidem
380 755 488 822 Paulus
505 759 535 822 in
553 757 720 843 Hispaniam
739 758 889 843 pervenit,
912 757 1018 823 Petrus
1033 779 1107 822 vero
1123 757 1202 822 Pon-

69 872 118 926 tum
141 885 177 927 ae
198 859 366 946 Bithyniam
392 881 601 945 saepenumero
625 861 802 945 peragravit.
846 861 892 924 Ac
914 859 977 924 lieri
1000 881 1071 924 sane
1095 861 1199 946 potnit,

69 973 95 1024 ut
107 966 226 1048 primum
244 959 396 1028 Clemente
413 962 587 1040 evomitum,
611 983 676 1024 oum
695 962 720 1025 is
737 963 887 1045 defugeret
905 961 945 1044 (si
959 961 1001 1025 itu
1016 973 1111 1025 tamen
1131 983 1201 1026 ooo-

70 1063 138 1147 tigit,
173 1067 248 1149 qnod
271 1085 326 1150 ego
346 1062 491 1148 opinando
511 1063 605 1147 potius
625 1084 710 1147 quam
727 1064 923 1128 asseverando
941 1062 1081 1147 dixerim)
1099 1074 1201 1149 postea

69 1161 154 1246 hino,
179 1163 322 1250 Cietnqne
339 1166 478 1243 mortuis,
502 1163 549 1248 qni
565 1161 627 1227 Xll
642 1185 783 1229 alanorum
801 1166 893 1250 spatio
907 1165 1072 1248 singulatim
1089 1167 1202 1251 episco-

69 1278 154 1349 patum
176 1267 381 1345 obtinuerunt,
413 1277 478 1351 post
499 1267 695 1351 apostolorum
714 1264 795 1330 Petri
813 1264 953 1350 Paulique
975 1287 1093 1346 necem,
1127 1289 1201 1352 quae

70 1367 93 1428 in
107 1389 210 1432 annum
227 1366 358 1431 Neronis
373 1363 446 1432 Xll.
467 1366 607 1447 incurrit,
630 1378 690 1430 tuna
706 1369 819 1432 demum
837 1369 1030 1454 pontificatum
1047 1389 1202 1454 capessere

70 1470 101 1532 sit
116 1480 245 1534 coactns.
291 1466 350 1533 Sed
371 1480 522 1553 utcumque
541 1489 609 1532 sese
627 1489 675 1532 res
692 1469 842 1547 babuerit,
872 1469 1071 1534 Romanorum
1088 1471 1201 1556 pontili-

71 1591 124 1634 onm
146 1573 203 1636 ista
223 1571 374 1634 successio
395 1581 457 1633 est:
488 1567 595 1633 Petrus
615 1581 644 1633 et
660 1567 786 1650 Paulus,
817 1567 910 1634 Linus
929 1593 964 1635 ao
982 1568 1100 1651 Cletns,
1132 1569 1202 1637 Cle-

70 1693 159 1752 mens,
193 1671 365 1750 Enaristus,
400 1671 584 1750 Alexander,
617 1669 751 1757 Xystus,
782 1671 999 1757 Telesphorus,
1031 1671 1198 1756 Eneristns,

71 1772 213 1859 Hyginus,
242 1771 333 1854 Pius,
361 1772 522 1851 Anicetus,
553 1773 600 1857 qni
616 1785 661 1836 est
676 1795 693 1837 a
707 1794 754 1837 me
770 1775 855 1858 paulo
872 1785 939 1838 ante
954 1775 983 1837 in
1001 1776 1201 1861 episcoporum

71 1879 161 1940 ordine
181 1886 360 1939 numeratus.
405 1876 452 1938 Ao
468 1873 576 1938 nemini
590 1895 662 1938 sane
678 1875 780 1940 mirum
797 1874 930 1940 videatur
944 1897 998 1939 eor
1010 1876 1124 1961 singula
1140 1888 1202 1941 lau·

72 1987 97 2039 ta
110 2001 172 2042 cnm
189 1977 338 2062 diligentia
355 1975 561 2061 percurrerim.
598 1974 658 2042 Per
674 1977 745 2040 haee
760 1977 837 2042 enim
853 1988 991 2063 perpetuo
1006 1988 1086 2042 certa
1101 2001 1202 2044 acono-

71 2089 180 2164 rataque
196 2080 306 2145 raritas
323 2077 495 2141 ostenditur.
540 2075 737 2160 Quamobrem
753 2079 883 2158 Aniceti,
901 2091 934 2143 nt
949 2080 1056 2144 dictum
1070 2091 1116 2144 est
1129 2091 1201 2145 tem·

71 2201 148 2263 pore,
177 2177 351 2245 blarcclliua
367 2179 414 2243 illa
432 2178 555 2242 Romam
571 2179 710 2259 veniens,
743 2193 772 2244 et
788 2177 1034 2266 Carpocratianae
1052 2182 1201 2247 doctrinae

71 2283 143 2346 airus
159 2302 318 2360 evomens,
349 2282 454 2345 multos
472 2281 531 2345 illic
547 2301 649 2344 errore
668 2303 721 2345 suo
738 2283 910 2368 depravatos
927 2283 955 2346 in
973 2284 1094 2348 exitium
1109 2284 1201 2371 impu·

71 2381 109 2465 lil;
130 2385 312 2467 indidemque
327 2381 533 2448 Gnosticorum
549 2394 616 2446 sunt
630 2383 756 2446 excitata
771 2385 938 2468 primordia.
984 2383 1100 2448 liabent
1113 2408 1200 2472 porro

71 2481 284 2571 Carpocratiaui
300 2483 426 2569 depictas
443 2485 588 2548 coloribus
604 2483 763 2568 imagines,
795 2484 909 2569 qnidam
928 2486 1014 2548 etiam
1031 2507 1135 2550 aureas
1152 2499 1202 2551 ant

71 2597 234 2668 argenteas,
266 2585 314 2649 vel
333 2607 373 2648 ex
389 2586 445 2649 alia
463 2587 584 2650 materia
604 2587 711 2662 laetas,
742 2608 813 2670 qnas
831 2607 897 2650 esse
914 2584 981 2650 lesu
1001 2587 1108 2672 effigies
1126 2591 1201 2652 affir-

71 2699 157 2768 mant,
187 2688 363 2772 easdemque
386 2685 524 2751 aPontio
544 2686 639 2751 Pilato
661 2689 695 2753 ad
716 2684 826 2752 Christi
847 2688 1063 2753 similitudinem
1081 2691 1199 2770 effictas,

72 2810 124 2872 qno
137 2801 265 2875 tempore
282 2789 359 2852 inter
372 2789 501 2852 homines
515 2790 649 2873 degebat.
688 2787 747 2855 Sed
762 2791 902 2854 eiusmodi
916 2791 1058 2873 imagines
1073 2791 1201 2856 occultas

72 2889 186 2970 babent,
210 2911 265 2954 nec
283 2911 341 2953 non
356 2901 385 2954 et
401 2891 632 2976 philosophorum
648 2892 844 2975 quorundam,
867 2902 899 2954 ut
914 2890 1111 2977 Pythagorae,
1133 2889 1201 2957 Pla·

72 2992 158 3071 tonis,
181 2992 368 3072 Aristotelis,
391 2992 587 3077 aliorumque,
611 2993 714 3077 quibus
733 3014 783 3056 eas
802 3015 873 3078 quas
889 2994 949 3058 dixi
969 2989 1078 3058 Christi
1093 2993 1202 3079 effigies

72 3091 203 3172 miscent,
228 3103 259 3158 et
276 3105 390 3156 erectas
408 3093 492 3158 simul
510 3115 610 3158 omnes
627 3096 765 3174 adorant,
788 3096 823 3158 ad
841 3115 948 3180 easque
963 3095 1111 3178 gentilium
1128 3096 1202 3159 ritus

72 3193 228 3259 instituunt.
273 3192 431 3260 Collooatis
453 3196 529 3259 enim
547 3195 709 3259 simulacris
730 3197 812 3275 istis,
843 3217 916 3280 qnae
935 3217 951 3260 a
968 3197 1124 3280 gentilibus
1139 3197 1203 3260 lieri

74 3297 161 3361 solent
182 3298 319 3382 deinceps
341 3297 502 3382 perficiunt.
547 3295 672 3380 Quinam
695 3319 766 3362 veru
787 3309 855 3362 suut
873 3297 997 3381 gentiles
1020 3298 1041 3361 ii
1058 3299 1130 3364 situs
1154 3297 1202 3362 alii

74 3417 149 3479 qoam
163 3399 318 3476 sacrificia,
341 3409 512 3482 caeteraque
525 3399 642 3482 generis
658 3399 806 3463 eiusdem?
849 3395 1006 3462 Caeterum
1019 3399 1060 3462 ita
1074 3400 1128 3464 soli
1141 3399 1203 3462 ani·

74 3517 131 3562 mae
150 3501 272 3564 salutem
295 3499 438 3563 attibuunt
461 3510 493 3564 ut
516 3501 552 3564 ab
574 3499 637 3565 eins
656 3501 857 3564 communione
879 3521 1001 3586 corpora
1022 3502 1203 3586 segreganda

75 3607 176 3682 potent.

150 3699 346 3785 Quamobrem
369 3703 446 3766 omni
468 3704 534 3768 illos
557 3725 611 3788 ope
635 3705 788 3789 profligare
812 3713 926 3790 oportet
948 3715 1032 3788 atque
1055 3715 1201 3768 evertere.
1222 3718 1281 3785 cap.
1297 3718 1351 3770 vlt.

74 3797 171 3887 Neque
192 3805 269 3868 enim
291 3805 428 3888 estquod
448 3805 587 3869 eiusmodi
607 3808 739 3891 dogmata
756 3807 926 3890 praesertim
945 3827 962 3869 a
980 3806 1029 3868 tali
1046 3805 1204 3891 impostore

75 3906 194 3985 prolecta
212 3905 354 3991 quispiam
371 3918 548 3970 contemnat.
592 3907 710 3972 Atenim
728 3909 804 3971 dieat
821 3907 937 3992 aliquis,
959 3905 1067 3970 Nonne
1086 3927 1121 3970 ea
1138 3917 1206 3970 sunt

76 4007 184 4088 cognitu
209 4007 306 4070 lacilia
327 4007 504 4092 stultitiaque
527 4009 712 4094 plenissima?
755 4005 831 4076 Sunt
856 4031 891 4073 ea
918 4031 1000 4072 vero.
1050 4005 1110 4073 Sed
1135 4007 1206 4070 insi·

77 4104 210 4186 pientibns
223 4109 311 4172 stulta
327 4109 492 4194 plerumque
508 4111 730 4195 persuadentur,
750 4112 808 4174 imo
822 4111 908 4174 etiam
924 4111 1079 4195 prudentes
1095 4131 1112 4173 a
1126 4119 1205 4172 reeta

76 4206 120 4268 ria
139 4209 309 4288 deflectunt,
343 4209 396 4272 nisi
420 4211 506 4274 animi
531 4211 575 4276 vis
597 4213 672 4275 adsit
695 4213 826 4276 veritatis
849 4213 1059 4276 exercilatione
1081 4211 1203 4274 firmata.

77 4303 262 4388 Quamobrem
282 4333 345 4374 cnm
363 4312 392 4374 in
408 4312 511 4376 iisdem
528 4313 631 4396 quihus
648 4311 750 4378 Simon
769 4315 889 4398 magicis
907 4313 1016 4378 artibus
1033 4323 1207 4396 caeteraque

77 4427 198 4476 errorum
214 4414 298 4477 faece
315 4411 478 4499 Carpocras
494 4415 625 4495 baereat,
649 4437 703 4480 nos
719 4418 835 4480 easdem
852 4436 965 4501 qnoque
979 4415 1013 4478 ad
1029 4415 1107 4478 illum
1123 4434 1208 4479 ener-

77 4511 188 4577 tenlum
205 4515 334 4580 rationes
350 4515 560 4582 adhibebimus.
606 4513 638 4582 si
656 4517 732 4582 enim
748 4518 847 4604 ignota
869 4517 916 4582 illa
939 4538 993 4581 uec
1016 4517 1073 4582 ullo
1092 4515 1208 4581 nomine
