<?xml version="1.0" encoding="UTF-8"?>
<!DOCTYPE html PUBLIC "-//W3C//DTD XHTML 1.0 Transitional//EN"
    "http://www.w3.org/TR/xhtml1/DTD/xhtml1-transitional.dtd">
<html xmlns="http://www.w3.org/1999/xhtml" xml:lang="en" lang="en">
 <head>
  <title>
</title>
<meta http-equiv="Content-Type" content="text/html;charset=utf-8" />
  <meta name='ocr-system' content='tesseract 3.04.00' />
  <meta name='ocr-capabilities' content='ocr_page ocr_carea ocr_par ocr_line ocrx_word'/>
</head>
<body>
  <div class='ocr_page' id='page_1' title='image "./corporishaerese03oehlgoog_0404.png"; bbox 0 0 3018 4994; ppageno 0'>
   <div class='ocr_carea' id='block_1_1' title="bbox 340 295 1230 386">
    <p class='ocr_par' dir='ltr' id='par_1_1' title="bbox 340 295 1230 386">
     <span class='ocr_line' id='line_1_1' title="bbox 340 295 1230 386; baseline 0 -24"><span class='ocrx_word' id='word_1_1' title='bbox 340 309 475 362; x_wconf 78' lang='lat' dir='ltr'>seusun</span> <span class='ocrx_word' id='word_1_2' title='bbox 493 311 557 362; x_wconf 82' lang='lat' dir='ltr'>ura.</span> <span class='ocrx_word' id='word_1_3' title='bbox 570 311 588 360; x_wconf 88' lang='lat' dir='ltr'>r.</span> <span class='ocrx_word' id='word_1_4' title='bbox 606 311 687 363; x_wconf 85' lang='lat' dir='ltr'>rou.</span> <span class='ocrx_word' id='word_1_5' title='bbox 702 313 732 362; x_wconf 91' lang='lat' dir='ltr'>u.</span> <span class='ocrx_word' id='word_1_6' title='bbox 751 311 848 362; x_wconf 81' lang='lat' dir='ltr'>nasa.</span> <span class='ocrx_word' id='word_1_7' title='bbox 862 311 972 386; x_wconf 61' lang='lat' dir='ltr'>xxxu,</span> <span class='ocrx_word' id='word_1_8' title='bbox 1169 295 1230 364; x_wconf 78' lang='grc'>387</span> 
     </span>
    </p>
   </div>
   <div class='ocr_carea' id='block_1_2' title="bbox 79 549 1229 868">
    <p class='ocr_par' dir='ltr' id='par_1_2' title="bbox 79 549 1229 868">
     <span class='ocr_line' id='line_1_2' title="bbox 282 549 1026 646; baseline 0 -20"><span class='ocrx_word' id='word_1_9' title='bbox 282 549 582 628; x_wconf 78' lang='lat' dir='ltr'>ADVERSUS</span> <span class='ocrx_word' id='word_1_10' title='bbox 617 551 1026 646; x_wconf 78' lang='lat' dir='ltr'>sucuttulnttoS,</span> 
     </span>
     <span class='ocr_line' id='line_1_3' title="bbox 79 667 1229 770; baseline 0.001 -26"><span class='ocrx_word' id='word_1_11' title='bbox 79 673 121 744; x_wconf 91' lang='lat' dir='ltr'>ad</span> <span class='ocrx_word' id='word_1_12' title='bbox 148 695 232 766; x_wconf 86' lang='lat' dir='ltr'>qnos</span> <span class='ocrx_word' id='word_1_13' title='bbox 258 695 331 746; x_wconf 90' lang='lat' dir='ltr'>sese</span> <span class='ocrx_word' id='word_1_14' title='bbox 357 667 548 768; x_wconf 78' lang='lat' dir='ltr'><strong>Epiphanes</strong></span> <span class='ocrx_word' id='word_1_15' title='bbox 576 679 609 744; x_wconf 86' lang='lat' dir='ltr'>et</span> <span class='ocrx_word' id='word_1_16' title='bbox 633 671 785 748; x_wconf 80' lang='lat' dir='ltr'>Isidorus</span> <span class='ocrx_word' id='word_1_17' title='bbox 810 673 1033 770; x_wconf 82' lang='lat' dir='ltr'>applicarunt,</span> <span class='ocrx_word' id='word_1_18' title='bbox 1067 695 1149 767; x_wconf 84' lang='lat' dir='ltr'>quae</span> <span class='ocrx_word' id='word_1_19' title='bbox 1176 679 1229 746; x_wconf 86' lang='lat' dir='ltr'>est</span> 
     </span>
     <span class='ocr_line' id='line_1_4' title="bbox 393 789 908 868; baseline 0.004 -4"><span class='ocrx_word' id='word_1_20' title='bbox 393 789 541 866; x_wconf 89' lang='lat' dir='ltr'>baeresis</span> <span class='ocrx_word' id='word_1_21' title='bbox 562 791 642 865; x_wconf 85' lang='lat' dir='ltr'><strong>XII.</strong></span> <span class='ocrx_word' id='word_1_22' title='bbox 668 792 739 868; x_wconf 82' lang='lat' dir='ltr'>sive</span> <span class='ocrx_word' id='word_1_23' title='bbox 761 791 908 868; x_wconf 85' lang='lat' dir='ltr'>XXXII.</span> 
     </span>
    </p>
   </div>
   <div class='ocr_carea' id='block_1_3' title="bbox 65 939 1335 4308">
    <p class='ocr_par' dir='ltr' id='par_1_3' title="bbox 65 939 1335 4308">
     <span class='ocr_line' id='line_1_5' title="bbox 162 939 1335 1028; baseline -0.003 -22"><span class='ocrx_word' id='word_1_24' title='bbox 162 939 356 1028; x_wconf 70' lang='lat' dir='ltr'><strong>Posteaquam</strong></span> <span class='ocrx_word' id='word_1_25' title='bbox 373 941 578 1008; x_wconf 89' lang='lat' dir='ltr'>Valentiniana</span> <span class='ocrx_word' id='word_1_26' title='bbox 595 944 710 1008; x_wconf 88' lang='lat' dir='ltr'>haeresi</span> <span class='ocrx_word' id='word_1_27' title='bbox 725 944 850 1008; x_wconf 76' lang='lat' dir='ltr'>defuncti</span> <span class='ocrx_word' id='word_1_28' title='bbox 867 963 978 1023; x_wconf 91' lang='lat' dir='ltr'>sumus,</span> <span class='ocrx_word' id='word_1_29' title='bbox 1003 953 1032 1007; x_wconf 91' lang='lat' dir='ltr'>et</span> <span class='ocrx_word' id='word_1_30' title='bbox 1047 941 1078 1006; x_wconf 91' lang='lat' dir='ltr'>io</span> <span class='ocrx_word' id='word_1_31' title='bbox 1094 942 1158 1007; x_wconf 87' lang='lat' dir='ltr'>sios</span> <span class='ocrx_word' id='word_1_32' title='bbox 1174 942 1226 1007; x_wconf 90' lang='lat' dir='ltr'>du·</span> <span class='ocrx_word' id='word_1_33' title='bbox 1245 949 1305 1018; x_wconf 77' lang='lat' dir='ltr'>esp.</span> <span class='ocrx_word' id='word_1_34' title='bbox 1317 951 1335 1000; x_wconf 91' lang='lat' dir='ltr'>t.</span> 
     </span>
     <span class='ocr_line' id='line_1_6' title="bbox 77 1043 1227 1133; baseline 0 -23"><span class='ocrx_word' id='word_1_35' title='bbox 77 1045 215 1110; x_wconf 85' lang='lat' dir='ltr'>metisse</span> <span class='ocrx_word' id='word_1_36' title='bbox 233 1045 370 1132; x_wconf 83' lang='lat' dir='ltr'>vepribus</span> <span class='ocrx_word' id='word_1_37' title='bbox 387 1067 564 1132; x_wconf 82' lang='lat' dir='ltr'>magnopere</span> <span class='ocrx_word' id='word_1_38' title='bbox 583 1046 797 1125; x_wconf 79' lang='lat' dir='ltr'>laboravimus,</span> <span class='ocrx_word' id='word_1_39' title='bbox 821 1045 964 1133; x_wconf 90' lang='lat' dir='ltr'>-deineeps</span> <span class='ocrx_word' id='word_1_40' title='bbox 983 1043 1145 1110; x_wconf 80' lang='lat' dir='ltr'><strong>incredibili</strong></span> <span class='ocrx_word' id='word_1_41' title='bbox 1162 1065 1227 1110; x_wconf 91' lang='lat' dir='ltr'>enm</span> 
     </span>
     <span class='ocr_line' id='line_1_7' title="bbox 76 1147 1229 1234; baseline -0.001 -22"><span class='ocrx_word' id='word_1_42' title='bbox 76 1148 186 1212; x_wconf 87' lang='lat' dir='ltr'>sudore</span> <span class='ocrx_word' id='word_1_43' title='bbox 200 1169 234 1213; x_wconf 86' lang='lat' dir='ltr'>ee</span> <span class='ocrx_word' id='word_1_44' title='bbox 249 1149 395 1213; x_wconf 78' lang='lat' dir='ltr'>cuiusdam</span> <span class='ocrx_word' id='word_1_45' title='bbox 412 1150 492 1213; x_wconf 89' lang='lat' dir='ltr'>velut</span> <span class='ocrx_word' id='word_1_46' title='bbox 506 1149 703 1234; x_wconf 84' lang='lat' dir='ltr'>agriculturae</span> <span class='ocrx_word' id='word_1_47' title='bbox 721 1149 852 1214; x_wconf 87' lang='lat' dir='ltr'>molestia</span> <span class='ocrx_word' id='word_1_48' title='bbox 867 1149 902 1212; x_wconf 88' lang='lat' dir='ltr'>ad</span> <span class='ocrx_word' id='word_1_49' title='bbox 917 1147 1045 1234; x_wconf 90' lang='lat' dir='ltr'>reliquas</span> <span class='ocrx_word' id='word_1_50' title='bbox 1058 1148 1136 1212; x_wconf 91' lang='lat' dir='ltr'>illius</span> <span class='ocrx_word' id='word_1_51' title='bbox 1150 1149 1229 1213; x_wconf 87' lang='lat' dir='ltr'>euel-</span> 
     </span>
     <span class='ocr_line' id='line_1_8' title="bbox 76 1237 1225 1339; baseline 0 -25"><span class='ocrx_word' id='word_1_52' title='bbox 76 1251 180 1316; x_wconf 91' lang='lat' dir='ltr'>lendas</span> <span class='ocrx_word' id='word_1_53' title='bbox 205 1251 305 1337; x_wconf 87' lang='lat' dir='ltr'>spinas</span> <span class='ocrx_word' id='word_1_54' title='bbox 330 1273 365 1316; x_wconf 92' lang='lat' dir='ltr'>ae</span> <span class='ocrx_word' id='word_1_55' title='bbox 392 1262 482 1316; x_wconf 89' lang='lat' dir='ltr'>tetras</span> <span class='ocrx_word' id='word_1_56' title='bbox 512 1252 819 1339; x_wconf 79' lang='lat' dir='ltr'>serpentum·effigies</span> <span class='ocrx_word' id='word_1_57' title='bbox 843 1251 1037 1338; x_wconf 84' lang='lat' dir='ltr'>profligandas</span> <span class='ocrx_word' id='word_1_58' title='bbox 1062 1237 1225 1314; x_wconf 76' lang='lat' dir='ltr'>veniemus.</span> 
     </span>
     <span class='ocr_line' id='line_1_9' title="bbox 76 1351 1228 1442; baseline -0.003 -24"><span class='ocrx_word' id='word_1_59' title='bbox 76 1351 140 1418; x_wconf 85' lang='lat' dir='ltr'>Sed</span> <span class='ocrx_word' id='word_1_60' title='bbox 157 1354 289 1440; x_wconf 82' lang='lat' dir='ltr'>inprimis</span> <span class='ocrx_word' id='word_1_61' title='bbox 306 1353 426 1440; x_wconf 85' lang='lat' dir='ltr'>spiritus</span> <span class='ocrx_word' id='word_1_62' title='bbox 442 1354 535 1419; x_wconf 88' lang='lat' dir='ltr'>saneti</span> <span class='ocrx_word' id='word_1_63' title='bbox 555 1375 638 1442; x_wconf 90' lang='lat' dir='ltr'>opem</span> <span class='ocrx_word' id='word_1_64' title='bbox 663 1377 679 1418; x_wconf 88' lang='lat' dir='ltr'>a</span> <span class='ocrx_word' id='word_1_65' title='bbox 700 1351 819 1419; x_wconf 86' lang='lat' dir='ltr'>Christo</span> <span class='ocrx_word' id='word_1_66' title='bbox 837 1355 1063 1440; x_wconf 67' lang='lat' dir='ltr'>postulabimus,</span> <span class='ocrx_word' id='word_1_67' title='bbox 1094 1364 1125 1416; x_wconf 93' lang='lat' dir='ltr'>ut</span> <span class='ocrx_word' id='word_1_68' title='bbox 1144 1352 1228 1417; x_wconf 81' lang='lat' dir='ltr'>liuius</span> 
     </span>
     <span class='ocr_line' id='line_1_10' title="bbox 73 1454 1228 1542; baseline 0 -23"><span class='ocrx_word' id='word_1_69' title='bbox 73 1454 156 1519; x_wconf 91' lang='lat' dir='ltr'>illum</span> <span class='ocrx_word' id='word_1_70' title='bbox 175 1457 343 1521; x_wconf 90' lang='lat' dir='ltr'>interventu</span> <span class='ocrx_word' id='word_1_71' title='bbox 367 1477 419 1542; x_wconf 91' lang='lat' dir='ltr'>per</span> <span class='ocrx_word' id='word_1_72' title='bbox 440 1457 597 1521; x_wconf 85' lang='lat' dir='ltr'>coelestem</span> <span class='ocrx_word' id='word_1_73' title='bbox 615 1458 775 1521; x_wconf 82' lang='lat' dir='ltr'>doctrinam</span> <span class='ocrx_word' id='word_1_74' title='bbox 795 1457 1006 1542; x_wconf 84' lang='lat' dir='ltr'>religiososque</span> <span class='ocrx_word' id='word_1_75' title='bbox 1025 1475 1176 1520; x_wconf 87' lang='lat' dir='ltr'>sermones</span> <span class='ocrx_word' id='word_1_76' title='bbox 1197 1455 1228 1520; x_wconf 91' lang='lat' dir='ltr'>in</span> 
     </span>
     <span class='ocr_line' id='line_1_11' title="bbox 77 1557 1229 1645; baseline 0.001 -24"><span class='ocrx_word' id='word_1_77' title='bbox 77 1557 227 1622; x_wconf 89' lang='lat' dir='ltr'>hominum</span> <span class='ocrx_word' id='word_1_78' title='bbox 246 1559 358 1623; x_wconf 85' lang='lat' dir='ltr'>animos</span> <span class='ocrx_word' id='word_1_79' title='bbox 377 1559 502 1639; x_wconf 85' lang='lat' dir='ltr'>elisere,</span> <span class='ocrx_word' id='word_1_80' title='bbox 527 1559 563 1623; x_wconf 90' lang='lat' dir='ltr'>ab</span> <span class='ocrx_word' id='word_1_81' title='bbox 582 1559 693 1645; x_wconf 88' lang='lat' dir='ltr'>iisque,</span> <span class='ocrx_word' id='word_1_82' title='bbox 717 1559 810 1643; x_wconf 88' lang='lat' dir='ltr'>quiid</span> <span class='ocrx_word' id='word_1_83' title='bbox 828 1560 905 1623; x_wconf 90' lang='lat' dir='ltr'>ultro</span> <span class='ocrx_word' id='word_1_84' title='bbox 923 1559 1087 1638; x_wconf 87' lang='lat' dir='ltr'>voluerint,</span> <span class='ocrx_word' id='word_1_85' title='bbox 1111 1559 1229 1643; x_wconf 90' lang='lat' dir='ltr'>pestile-</span> 
     </span>
     <span class='ocr_line' id='line_1_12' title="bbox 77 1659 1230 1747; baseline 0 -23"><span class='ocrx_word' id='word_1_86' title='bbox 77 1682 145 1724; x_wconf 87' lang='lat' dir='ltr'>rnm</span> <span class='ocrx_word' id='word_1_87' title='bbox 162 1661 245 1725; x_wconf 84' lang='lat' dir='ltr'>virus</span> <span class='ocrx_word' id='word_1_88' title='bbox 261 1660 420 1726; x_wconf 74' lang='lat' dir='ltr'>exussisse</span> <span class='ocrx_word' id='word_1_89' title='bbox 433 1661 590 1747; x_wconf 87' lang='lat' dir='ltr'>possimos.</span> <span class='ocrx_word' id='word_1_90' title='bbox 637 1659 754 1747; x_wconf 88' lang='lat' dir='ltr'>Sequar</span> <span class='ocrx_word' id='word_1_91' title='bbox 768 1683 840 1726; x_wconf 87' lang='lat' dir='ltr'>vero</span> <span class='ocrx_word' id='word_1_92' title='bbox 854 1659 883 1724; x_wconf 92' lang='lat' dir='ltr'>in</span> <span class='ocrx_word' id='word_1_93' title='bbox 901 1662 936 1726; x_wconf 92' lang='lat' dir='ltr'>iis</span> <span class='ocrx_word' id='word_1_94' title='bbox 951 1662 1134 1746; x_wconf 81' lang='lat' dir='ltr'>exponendis</span> <span class='ocrx_word' id='word_1_95' title='bbox 1148 1671 1230 1725; x_wconf 89' lang='lat' dir='ltr'>aeta·</span> 
     </span>
     <span class='ocr_line' id='line_1_13' title="bbox 76 1763 1230 1850; baseline 0.001 -24"><span class='ocrx_word' id='word_1_96' title='bbox 76 1775 137 1828; x_wconf 89' lang='lat' dir='ltr'>tnm</span> <span class='ocrx_word' id='word_1_97' title='bbox 154 1764 299 1843; x_wconf 89' lang='lat' dir='ltr'>ordinem,</span> <span class='ocrx_word' id='word_1_98' title='bbox 323 1785 358 1828; x_wconf 89' lang='lat' dir='ltr'>oe</span> <span class='ocrx_word' id='word_1_99' title='bbox 374 1765 455 1828; x_wconf 89' lang='lat' dir='ltr'>euius</span> <span class='ocrx_word' id='word_1_100' title='bbox 470 1765 591 1850; x_wconf 88' lang='lat' dir='ltr'>quisque</span> <span class='ocrx_word' id='word_1_101' title='bbox 606 1784 763 1828; x_wconf 83' lang='lat' dir='ltr'>successor</span> <span class='ocrx_word' id='word_1_102' title='bbox 777 1763 910 1828; x_wconf 88' lang='lat' dir='ltr'>extiterit</span> <span class='ocrx_word' id='word_1_103' title='bbox 923 1764 951 1827; x_wconf 92' lang='lat' dir='ltr'>in</span> <span class='ocrx_word' id='word_1_104' title='bbox 969 1763 1026 1828; x_wconf 90' lang='lat' dir='ltr'>illis</span> <span class='ocrx_word' id='word_1_105' title='bbox 1040 1763 1230 1828; x_wconf 79' lang='lat' dir='ltr'>recensendis</span> 
     </span>
     <span class='ocr_line' id='line_1_14' title="bbox 65 1864 1229 1953; baseline 0 -23"><span class='ocrx_word' id='word_1_106' title='bbox 65 1866 225 1953; x_wconf 84' lang='lat' dir='ltr'>aperiam,</span> <span class='ocrx_word' id='word_1_107' title='bbox 249 1864 298 1950; x_wconf 90' lang='lat' dir='ltr'>qui</span> <span class='ocrx_word' id='word_1_108' title='bbox 313 1866 349 1929; x_wconf 91' lang='lat' dir='ltr'>ab</span> <span class='ocrx_word' id='word_1_109' title='bbox 365 1866 414 1929; x_wconf 94' lang='lat' dir='ltr'>illo</span> <span class='ocrx_word' id='word_1_110' title='bbox 431 1867 552 1952; x_wconf 91' lang='lat' dir='ltr'>proleeti</span> <span class='ocrx_word' id='word_1_111' title='bbox 567 1867 683 1931; x_wconf 87' lang='lat' dir='ltr'>diversa</span> <span class='ocrx_word' id='word_1_112' title='bbox 699 1867 838 1952; x_wconf 88' lang='lat' dir='ltr'>quaedam</span> <span class='ocrx_word' id='word_1_113' title='bbox 855 1867 1005 1931; x_wconf 89' lang='lat' dir='ltr'>doetrinae</span> <span class='ocrx_word' id='word_1_114' title='bbox 1019 1866 1132 1932; x_wconf 89' lang='lat' dir='ltr'>semina</span> <span class='ocrx_word' id='word_1_115' title='bbox 1147 1886 1229 1952; x_wconf 86' lang='lat' dir='ltr'>sper-</span> 
     </span>
     <span class='ocr_line' id='line_1_15' title="bbox 75 1966 1229 2054; baseline 0 -21"><span class='ocrx_word' id='word_1_116' title='bbox 75 1980 193 2033; x_wconf 87' lang='lat' dir='ltr'>sernnt.</span> <span class='ocrx_word' id='word_1_117' title='bbox 240 1967 352 2032; x_wconf 88' lang='lat' dir='ltr'>llorum</span> <span class='ocrx_word' id='word_1_118' title='bbox 370 1969 489 2053; x_wconf 86' lang='lat' dir='ltr'>igiture</span> <span class='ocrx_word' id='word_1_119' title='bbox 506 1989 627 2032; x_wconf 87' lang='lat' dir='ltr'>nunrero</span> <span class='ocrx_word' id='word_1_120' title='bbox 644 1966 798 2033; x_wconf 81' lang='lat' dir='ltr'>Secundus</span> <span class='ocrx_word' id='word_1_121' title='bbox 814 1969 928 2053; x_wconf 90' lang='lat' dir='ltr'>quidam</span> <span class='ocrx_word' id='word_1_122' title='bbox 946 1969 1010 2049; x_wconf 86' lang='lat' dir='ltr'>luit,</span> <span class='ocrx_word' id='word_1_123' title='bbox 1034 1970 1082 2054; x_wconf 89' lang='lat' dir='ltr'>qui</span> <span class='ocrx_word' id='word_1_124' title='bbox 1096 1969 1161 2054; x_wconf 91' lang='lat' dir='ltr'>plus</span> <span class='ocrx_word' id='word_1_125' title='bbox 1177 1969 1229 2034; x_wconf 90' lang='lat' dir='ltr'>ali·</span> 
     </span>
     <span class='ocr_line' id='line_1_16' title="bbox 75 2069 1230 2158; baseline -0.001 -23"><span class='ocrx_word' id='word_1_126' title='bbox 75 2072 144 2157; x_wconf 89' lang='lat' dir='ltr'>quid</span> <span class='ocrx_word' id='word_1_127' title='bbox 163 2091 249 2156; x_wconf 89' lang='lat' dir='ltr'>quam</span> <span class='ocrx_word' id='word_1_128' title='bbox 264 2071 354 2135; x_wconf 85' lang='lat' dir='ltr'>aeteri</span> <span class='ocrx_word' id='word_1_129' title='bbox 372 2092 477 2158; x_wconf 88' lang='lat' dir='ltr'>sapere</span> <span class='ocrx_word' id='word_1_130' title='bbox 494 2071 631 2151; x_wconf 75' lang='lat' dir='ltr'>studens,</span> <span class='ocrx_word' id='word_1_131' title='bbox 656 2071 711 2134; x_wconf 92' lang='lat' dir='ltr'>etsi</span> <span class='ocrx_word' id='word_1_132' title='bbox 729 2071 830 2134; x_wconf 89' lang='lat' dir='ltr'>eadem</span> <span class='ocrx_word' id='word_1_133' title='bbox 845 2091 918 2155; x_wconf 87' lang='lat' dir='ltr'>quae</span> <span class='ocrx_word' id='word_1_134' title='bbox 933 2069 1108 2136; x_wconf 89' lang='lat' dir='ltr'>Valentinus</span> <span class='ocrx_word' id='word_1_135' title='bbox 1122 2073 1230 2136; x_wconf 89' lang='lat' dir='ltr'>asserit</span> 
     </span>
     <span class='ocr_line' id='line_1_17' title="bbox 74 2173 1230 2260; baseline 0.002 -24"><span class='ocrx_word' id='word_1_136' title='bbox 74 2173 187 2252; x_wconf 88' lang='lat' dir='ltr'>omnia,</span> <span class='ocrx_word' id='word_1_137' title='bbox 207 2173 347 2258; x_wconf 87' lang='lat' dir='ltr'>ampliore</span> <span class='ocrx_word' id='word_1_138' title='bbox 364 2184 460 2238; x_wconf 90' lang='lat' dir='ltr'>tamen</span> <span class='ocrx_word' id='word_1_139' title='bbox 475 2175 573 2238; x_wconf 82' lang='lat' dir='ltr'>sortitu</span> <span class='ocrx_word' id='word_1_140' title='bbox 587 2173 763 2237; x_wconf 82' lang='lat' dir='ltr'>furiosorum</span> <span class='ocrx_word' id='word_1_141' title='bbox 779 2195 867 2238; x_wconf 89' lang='lat' dir='ltr'>aures</span> <span class='ocrx_word' id='word_1_142' title='bbox 882 2173 1020 2260; x_wconf 86' lang='lat' dir='ltr'>opplevit.</span> <span class='ocrx_word' id='word_1_143' title='bbox 1055 2173 1113 2238; x_wconf 87' lang='lat' dir='ltr'>Hie</span> <span class='ocrx_word' id='word_1_144' title='bbox 1127 2173 1230 2238; x_wconf 87' lang='lat' dir='ltr'>eodem</span> 
     </span>
     <span class='ocr_line' id='line_1_18' title="bbox 73 2273 1229 2363; baseline 0.001 -24"><span class='ocrx_word' id='word_1_145' title='bbox 73 2297 133 2362; x_wconf 86' lang='lat' dir='ltr'>quo</span> <span class='ocrx_word' id='word_1_146' title='bbox 151 2273 327 2340; x_wconf 88' lang='lat' dir='ltr'>Valentinus</span> <span class='ocrx_word' id='word_1_147' title='bbox 345 2286 475 2361; x_wconf 88' lang='lat' dir='ltr'>ternpore</span> <span class='ocrx_word' id='word_1_148' title='bbox 492 2277 615 2342; x_wconf 89' lang='lat' dir='ltr'>eundem</span> <span class='ocrx_word' id='word_1_149' title='bbox 634 2277 727 2360; x_wconf 91' lang='lat' dir='ltr'>ipsum</span> <span class='ocrx_word' id='word_1_150' title='bbox 746 2298 823 2340; x_wconf 84' lang='lat' dir='ltr'>novo</span> <span class='ocrx_word' id='word_1_151' title='bbox 839 2275 936 2361; x_wconf 84' lang='lat' dir='ltr'>aliquo</span> <span class='ocrx_word' id='word_1_152' title='bbox 951 2275 1072 2342; x_wconf 84' lang='lat' dir='ltr'>invento</span> <span class='ocrx_word' id='word_1_153' title='bbox 1088 2295 1229 2363; x_wconf 86' lang='lat' dir='ltr'>superare</span> 
     </span>
     <span class='ocr_line' id='line_1_19' title="bbox 72 2374 1230 2464; baseline 0 -22"><span class='ocrx_word' id='word_1_154' title='bbox 72 2378 207 2462; x_wconf 79' lang='lat' dir='ltr'>gestiens</span> <span class='ocrx_word' id='word_1_155' title='bbox 230 2377 348 2464; x_wconf 89' lang='lat' dir='ltr'>primam</span> <span class='ocrx_word' id='word_1_156' title='bbox 372 2374 542 2462; x_wconf 80' lang='lat' dir='ltr'>Ogdoadem</span> <span class='ocrx_word' id='word_1_157' title='bbox 564 2399 604 2442; x_wconf 87' lang='lat' dir='ltr'>ex</span> <span class='ocrx_word' id='word_1_158' title='bbox 625 2376 755 2442; x_wconf 84' lang='lat' dir='ltr'>Tetrade</span> <span class='ocrx_word' id='word_1_159' title='bbox 779 2379 884 2442; x_wconf 86' lang='lat' dir='ltr'>dextra</span> <span class='ocrx_word' id='word_1_160' title='bbox 900 2399 944 2442; x_wconf 83' lang='lat' dir='ltr'>ao</span> <span class='ocrx_word' id='word_1_161' title='bbox 965 2377 1086 2444; x_wconf 89' lang='lat' dir='ltr'>sinistro</span> <span class='ocrx_word' id='word_1_162' title='bbox 1108 2377 1230 2444; x_wconf 87' lang='lat' dir='ltr'>enudari</span> 
     </span>
     <span class='ocr_line' id='line_1_20' title="bbox 73 2476 1228 2566; baseline 0.005 -24"><span class='ocrx_word' id='word_1_163' title='bbox 73 2479 192 2559; x_wconf 83' lang='lat' dir='ltr'>docuit,</span> <span class='ocrx_word' id='word_1_164' title='bbox 223 2501 341 2564; x_wconf 89' lang='lat' dir='ltr'>quarum</span> <span class='ocrx_word' id='word_1_165' title='bbox 360 2481 481 2544; x_wconf 89' lang='lat' dir='ltr'>alteram</span> <span class='ocrx_word' id='word_1_166' title='bbox 497 2477 632 2560; x_wconf 86' lang='lat' dir='ltr'>Lumen,</span> <span class='ocrx_word' id='word_1_167' title='bbox 663 2476 815 2544; x_wconf 83' lang='lat' dir='ltr'>Tenebras</span> <span class='ocrx_word' id='word_1_168' title='bbox 832 2481 953 2545; x_wconf 91' lang='lat' dir='ltr'>alteram</span> <span class='ocrx_word' id='word_1_169' title='bbox 970 2481 1108 2566; x_wconf 88' lang='lat' dir='ltr'>appellari</span> <span class='ocrx_word' id='word_1_170' title='bbox 1124 2482 1228 2548; x_wconf 85' lang='lat' dir='ltr'>voluit.</span> 
     </span>
     <span class='ocr_line' id='line_1_21' title="bbox 73 2579 1230 2670; baseline 0.002 -24"><span class='ocrx_word' id='word_1_171' title='bbox 73 2579 138 2646; x_wconf 89' lang='lat' dir='ltr'>lam</span> <span class='ocrx_word' id='word_1_172' title='bbox 155 2601 229 2646; x_wconf 89' lang='lat' dir='ltr'>vero</span> <span class='ocrx_word' id='word_1_173' title='bbox 246 2579 391 2647; x_wconf 76' lang='lat' dir='ltr'>Virtutem</span> <span class='ocrx_word' id='word_1_174' title='bbox 408 2581 496 2660; x_wconf 91' lang='lat' dir='ltr'>illam,</span> <span class='ocrx_word' id='word_1_175' title='bbox 522 2603 595 2666; x_wconf 90' lang='lat' dir='ltr'>quae</span> <span class='ocrx_word' id='word_1_176' title='bbox 611 2581 754 2647; x_wconf 81' lang='lat' dir='ltr'>delenisse</span> <span class='ocrx_word' id='word_1_177' title='bbox 769 2594 797 2646; x_wconf 93' lang='lat' dir='ltr'>et</span> <span class='ocrx_word' id='word_1_178' title='bbox 812 2584 846 2647; x_wconf 93' lang='lat' dir='ltr'>ad</span> <span class='ocrx_word' id='word_1_179' title='bbox 861 2583 987 2670; x_wconf 88' lang='lat' dir='ltr'>inopiam</span> <span class='ocrx_word' id='word_1_180' title='bbox 1006 2583 1096 2648; x_wconf 89' lang='lat' dir='ltr'>luisse</span> <span class='ocrx_word' id='word_1_181' title='bbox 1110 2585 1230 2649; x_wconf 84' lang='lat' dir='ltr'>redacta</span> 
     </span>
     <span class='ocr_line' id='line_1_22' title="bbox 72 2683 1230 2769; baseline 0.003 -22"><span class='ocrx_word' id='word_1_182' title='bbox 72 2683 201 2763; x_wconf 90' lang='lat' dir='ltr'>dieitur,</span> <span class='ocrx_word' id='word_1_183' title='bbox 225 2695 313 2769; x_wconf 83' lang='lat' dir='ltr'>negat</span> <span class='ocrx_word' id='word_1_184' title='bbox 327 2705 366 2748; x_wconf 89' lang='lat' dir='ltr'>ex</span> <span class='ocrx_word' id='word_1_185' title='bbox 383 2685 541 2749; x_wconf 89' lang='lat' dir='ltr'>trieenario</span> <span class='ocrx_word' id='word_1_186' title='bbox 558 2685 606 2748; x_wconf 92' lang='lat' dir='ltr'>illo</span> <span class='ocrx_word' id='word_1_187' title='bbox 621 2705 741 2749; x_wconf 90' lang='lat' dir='ltr'>numero</span> <span class='ocrx_word' id='word_1_188' title='bbox 756 2683 891 2750; x_wconf 79' lang='lat' dir='ltr'>Aeonum</span> <span class='ocrx_word' id='word_1_189' title='bbox 907 2684 1062 2766; x_wconf 84' lang='lat' dir='ltr'>extitisse,</span> <span class='ocrx_word' id='word_1_190' title='bbox 1086 2687 1137 2751; x_wconf 89' lang='lat' dir='ltr'>sed</span> <span class='ocrx_word' id='word_1_191' title='bbox 1154 2687 1230 2750; x_wconf 88' lang='lat' dir='ltr'>inle-</span> 
     </span>
     <span class='ocr_line' id='line_1_23' title="bbox 73 2786 1230 2872; baseline 0.002 -22"><span class='ocrx_word' id='word_1_192' title='bbox 73 2787 167 2852; x_wconf 89' lang='lat' dir='ltr'>rioris</span> <span class='ocrx_word' id='word_1_193' title='bbox 189 2786 337 2852; x_wconf 77' lang='lat' dir='ltr'>cuiusdam</span> <span class='ocrx_word' id='word_1_194' title='bbox 360 2787 488 2868; x_wconf 86' lang='lat' dir='ltr'>ordinis,</span> <span class='ocrx_word' id='word_1_195' title='bbox 520 2808 557 2852; x_wconf 88' lang='lat' dir='ltr'>ex</span> <span class='ocrx_word' id='word_1_196' title='bbox 581 2808 682 2851; x_wconf 90' lang='lat' dir='ltr'>eorum</span> <span class='ocrx_word' id='word_1_197' title='bbox 705 2787 840 2852; x_wconf 84' lang='lat' dir='ltr'>videlieet</span> <span class='ocrx_word' id='word_1_198' title='bbox 861 2807 951 2872; x_wconf 82' lang='lat' dir='ltr'>grege</span> <span class='ocrx_word' id='word_1_199' title='bbox 975 2788 1065 2851; x_wconf 89' lang='lat' dir='ltr'>luiss&#39;e</span> <span class='ocrx_word' id='word_1_200' title='bbox 1085 2787 1133 2872; x_wconf 91' lang='lat' dir='ltr'>qui</span> <span class='ocrx_word' id='word_1_201' title='bbox 1152 2788 1230 2852; x_wconf 89' lang='lat' dir='ltr'>iulre</span> 
     </span>
     <span class='ocr_line' id='line_1_24' title="bbox 73 2883 1228 2975; baseline 0.001 -22"><span class='ocrx_word' id='word_1_202' title='bbox 73 2891 164 2956; x_wconf 89' lang='lat' dir='ltr'>aliam</span> <span class='ocrx_word' id='word_1_203' title='bbox 182 2883 351 2974; x_wconf 81' lang='lat' dir='ltr'>Ogdoadem</span> <span class='ocrx_word' id='word_1_204' title='bbox 367 2890 556 2954; x_wconf 81' lang='lat' dir='ltr'>collocantur.</span> <span class='ocrx_word' id='word_1_205' title='bbox 597 2888 643 2952; x_wconf 85' lang='lat' dir='ltr'>lle</span> <span class='ocrx_word' id='word_1_206' title='bbox 660 2885 779 2953; x_wconf 86' lang='lat' dir='ltr'>Christo</span> <span class='ocrx_word' id='word_1_207' title='bbox 793 2889 915 2974; x_wconf 83' lang='lat' dir='ltr'>aliisque</span> <span class='ocrx_word' id='word_1_208' title='bbox 926 2889 1113 2975; x_wconf 79' lang='lat' dir='ltr'>dogmatibus</span> <span class='ocrx_word' id='word_1_209' title='bbox 1126 2891 1228 2956; x_wconf 89' lang='lat' dir='ltr'>eadem</span> 
     </span>
     <span class='ocr_line' id='line_1_25' title="bbox 73 2989 1229 3075; baseline 0.002 -19"><span class='ocrx_word' id='word_1_210' title='bbox 73 3015 142 3057; x_wconf 80' lang='lat' dir='ltr'>eune</span> <span class='ocrx_word' id='word_1_211' title='bbox 159 3003 279 3056; x_wconf 89' lang='lat' dir='ltr'>auetore</span> <span class='ocrx_word' id='word_1_212' title='bbox 294 2992 400 3056; x_wconf 84' lang='lat' dir='ltr'>veneni</span> <span class='ocrx_word' id='word_1_213' title='bbox 417 2993 462 3056; x_wconf 89' lang='lat' dir='ltr'>sui</span> <span class='ocrx_word' id='word_1_214' title='bbox 475 3013 510 3056; x_wconf 87' lang='lat' dir='ltr'>ao</span> <span class='ocrx_word' id='word_1_215' title='bbox 523 2994 721 3056; x_wconf 86' lang='lat' dir='ltr'>ministratore</span> <span class='ocrx_word' id='word_1_216' title='bbox 733 2989 891 3056; x_wconf 85' lang='lat' dir='ltr'>Valentino</span> <span class='ocrx_word' id='word_1_217' title='bbox 906 2991 1016 3056; x_wconf 91' lang='lat' dir='ltr'>statuit.</span> <span class='ocrx_word' id='word_1_218' title='bbox 1049 2989 1148 3075; x_wconf 81' lang='lat' dir='ltr'>Quare</span> <span class='ocrx_word' id='word_1_219' title='bbox 1163 3014 1229 3058; x_wconf 90' lang='lat' dir='ltr'>eum</span> 
     </span>
     <span class='ocr_line' id='line_1_26' title="bbox 73 3077 1227 3181; baseline 0.001 -22"><span class='ocrx_word' id='word_1_220' title='bbox 73 3095 153 3160; x_wconf 89' lang='lat' dir='ltr'>baud</span> <span class='ocrx_word' id='word_1_221' title='bbox 176 3095 217 3157; x_wconf 90' lang='lat' dir='ltr'>ita</span> <span class='ocrx_word' id='word_1_222' title='bbox 239 3095 326 3158; x_wconf 89' lang='lat' dir='ltr'>multa</span> <span class='ocrx_word' id='word_1_223' title='bbox 347 3094 407 3158; x_wconf 86' lang='lat' dir='ltr'>sint</span> <span class='ocrx_word' id='word_1_224' title='bbox 428 3096 464 3158; x_wconf 88' lang='lat' dir='ltr'>ab</span> <span class='ocrx_word' id='word_1_225' title='bbox 482 3097 539 3158; x_wconf 88' lang='lat' dir='ltr'>isto</span> <span class='ocrx_word' id='word_1_226' title='bbox 557 3077 681 3160; x_wconf 87' lang='lat' dir='ltr'>diuersis</span> <span class='ocrx_word' id='word_1_227' title='bbox 699 3115 733 3158; x_wconf 91' lang='lat' dir='ltr'>ae</span> <span class='ocrx_word' id='word_1_228' title='bbox 750 3093 913 3180; x_wconf 83' lang='lat' dir='ltr'>peregrinis</span> <span class='ocrx_word' id='word_1_229' title='bbox 931 3094 1077 3181; x_wconf 77' lang='lat' dir='ltr'>explicata</span> <span class='ocrx_word' id='word_1_230' title='bbox 1093 3095 1227 3175; x_wconf 88' lang='lat' dir='ltr'>vooibus,</span> 
     </span>
     <span class='ocr_line' id='line_1_27' title="bbox 72 3197 1230 3284; baseline -0.001 -22"><span class='ocrx_word' id='word_1_231' title='bbox 72 3219 169 3284; x_wconf 89' lang='lat' dir='ltr'>panea</span> <span class='ocrx_word' id='word_1_232' title='bbox 186 3197 259 3260; x_wconf 88' lang='lat' dir='ltr'>baeu</span> <span class='ocrx_word' id='word_1_233' title='bbox 275 3217 348 3282; x_wconf 90' lang='lat' dir='ltr'>quae</span> <span class='ocrx_word' id='word_1_234' title='bbox 365 3197 441 3260; x_wconf 89' lang='lat' dir='ltr'>dieta</span> <span class='ocrx_word' id='word_1_235' title='bbox 459 3207 528 3262; x_wconf 82' lang='lat' dir='ltr'>suast</span> <span class='ocrx_word' id='word_1_236' title='bbox 545 3198 678 3262; x_wconf 83' lang='lat' dir='ltr'>sufficere</span> <span class='ocrx_word' id='word_1_237' title='bbox 695 3198 811 3283; x_wconf 85' lang='lat' dir='ltr'>putavi,</span> <span class='ocrx_word' id='word_1_238' title='bbox 835 3218 908 3282; x_wconf 87' lang='lat' dir='ltr'>qnae</span> <span class='ocrx_word' id='word_1_239' title='bbox 925 3218 977 3283; x_wconf 91' lang='lat' dir='ltr'>per</span> <span class='ocrx_word' id='word_1_240' title='bbox 993 3197 1089 3283; x_wconf 88' lang='lat' dir='ltr'>seipsa</span> <span class='ocrx_word' id='word_1_241' title='bbox 1106 3197 1177 3261; x_wconf 91' lang='lat' dir='ltr'>satis</span> <span class='ocrx_word' id='word_1_242' title='bbox 1193 3199 1230 3262; x_wconf 93' lang='lat' dir='ltr'>ad</span> 
     </span>
     <span class='ocr_line' id='line_1_28' title="bbox 72 3297 1231 3386; baseline 0.001 -23"><span class='ocrx_word' id='word_1_243' title='bbox 72 3299 268 3366; x_wconf 80' lang='lat' dir='ltr'>refellendum</span> <span class='ocrx_word' id='word_1_244' title='bbox 287 3309 522 3384; x_wconf 86' lang='lat' dir='ltr'>argumentorum</span> <span class='ocrx_word' id='word_1_245' title='bbox 539 3301 733 3386; x_wconf 89' lang='lat' dir='ltr'>suppeditant.</span> <span class='ocrx_word' id='word_1_246' title='bbox 779 3297 838 3365; x_wconf 91' lang='lat' dir='ltr'>Sed</span> <span class='ocrx_word' id='word_1_247' title='bbox 863 3301 898 3364; x_wconf 89' lang='lat' dir='ltr'>de</span> <span class='ocrx_word' id='word_1_248' title='bbox 919 3301 969 3364; x_wconf 90' lang='lat' dir='ltr'>illo</span> <span class='ocrx_word' id='word_1_249' title='bbox 987 3312 1083 3363; x_wconf 92' lang='lat' dir='ltr'>tamen</span> <span class='ocrx_word' id='word_1_250' title='bbox 1101 3299 1231 3364; x_wconf 88' lang='lat' dir='ltr'>breviter</span> 
     </span>
     <span class='ocr_line' id='line_1_29' title="bbox 72 3401 1230 3489; baseline 0.001 -23"><span class='ocrx_word' id='word_1_251' title='bbox 72 3423 193 3489; x_wconf 86' lang='lat' dir='ltr'>quoque</span> <span class='ocrx_word' id='word_1_252' title='bbox 211 3401 413 3487; x_wconf 91' lang='lat' dir='ltr'>disputandum</span> <span class='ocrx_word' id='word_1_253' title='bbox 436 3413 498 3481; x_wconf 88' lang='lat' dir='ltr'>est,</span> <span class='ocrx_word' id='word_1_254' title='bbox 531 3423 568 3466; x_wconf 91' lang='lat' dir='ltr'>ne</span> <span class='ocrx_word' id='word_1_255' title='bbox 590 3403 673 3483; x_wconf 90' lang='lat' dir='ltr'>ideo,</span> <span class='ocrx_word' id='word_1_256' title='bbox 705 3404 780 3487; x_wconf 90' lang='lat' dir='ltr'>quod</span> <span class='ocrx_word' id='word_1_257' title='bbox 799 3413 901 3466; x_wconf 84' lang='lat' dir='ltr'>eorutra</span> <span class='ocrx_word' id='word_1_258' title='bbox 918 3402 1012 3488; x_wconf 87' lang='lat' dir='ltr'>ipsum</span> <span class='ocrx_word' id='word_1_259' title='bbox 1032 3403 1139 3466; x_wconf 80' lang='lat' dir='ltr'>afferre</span> <span class='ocrx_word' id='word_1_260' title='bbox 1159 3401 1230 3468; x_wconf 91' lang='lat' dir='ltr'>nibil</span> 
     </span>
     <span class='ocr_line' id='line_1_30' title="bbox 72 3501 1228 3590; baseline 0 -22"><span class='ocrx_word' id='word_1_261' title='bbox 72 3525 250 3590; x_wconf 89' lang='lat' dir='ltr'>possemus,</span> <span class='ocrx_word' id='word_1_262' title='bbox 283 3505 515 3589; x_wconf 88' lang='lat' dir='ltr'>praetermisisse</span> <span class='ocrx_word' id='word_1_263' title='bbox 532 3504 693 3569; x_wconf 88' lang='lat' dir='ltr'>videamur.</span> <span class='ocrx_word' id='word_1_264' title='bbox 740 3501 833 3589; x_wconf 81' lang='lat' dir='ltr'>igitur</span> <span class='ocrx_word' id='word_1_265' title='bbox 850 3505 876 3568; x_wconf 91' lang='lat' dir='ltr'>si</span> <span class='ocrx_word' id='word_1_266' title='bbox 893 3501 1040 3569; x_wconf 81' lang='lat' dir='ltr'>Tetradas</span> <span class='ocrx_word' id='word_1_267' title='bbox 1058 3525 1097 3568; x_wconf 86' lang='lat' dir='ltr'>ex</span> <span class='ocrx_word' id='word_1_268' title='bbox 1113 3504 1228 3568; x_wconf 92' lang='lat' dir='ltr'>illorum</span> 
     </span>
     <span class='ocr_line' id='line_1_31' title="bbox 72 3607 1231 3694; baseline -0.003 -21"><span class='ocrx_word' id='word_1_269' title='bbox 72 3607 215 3694; x_wconf 91' lang='lat' dir='ltr'>opinione</span> <span class='ocrx_word' id='word_1_270' title='bbox 235 3607 356 3672; x_wconf 85' lang='lat' dir='ltr'>dextrae</span> <span class='ocrx_word' id='word_1_271' title='bbox 376 3619 444 3671; x_wconf 90' lang='lat' dir='ltr'>sunt</span> <span class='ocrx_word' id='word_1_272' title='bbox 457 3628 495 3682; x_wconf 66' lang='lat' dir='ltr'>‚ao</span> <span class='ocrx_word' id='word_1_273' title='bbox 510 3607 666 3686; x_wconf 88' lang='lat' dir='ltr'>sinistrae,</span> <span class='ocrx_word' id='word_1_274' title='bbox 697 3607 822 3672; x_wconf 88' lang='lat' dir='ltr'>medium</span> <span class='ocrx_word' id='word_1_275' title='bbox 840 3607 919 3670; x_wconf 90' lang='lat' dir='ltr'>inter</span> <span class='ocrx_word' id='word_1_276' title='bbox 937 3629 987 3670; x_wconf 90' lang='lat' dir='ltr'>ens</span> <span class='ocrx_word' id='word_1_277' title='bbox 1004 3607 1138 3691; x_wconf 88' lang='lat' dir='ltr'>quiddam</span> <span class='ocrx_word' id='word_1_278' title='bbox 1155 3608 1231 3670; x_wconf 90' lang='lat' dir='ltr'>assi·</span> 
     </span>
     <span class='ocr_line' id='line_1_32' title="bbox 70 3708 1230 3796; baseline -0.001 -21"><span class='ocrx_word' id='word_1_279' title='bbox 70 3711 161 3796; x_wconf 82' lang='lat' dir='ltr'>gnari</span> <span class='ocrx_word' id='word_1_280' title='bbox 181 3719 314 3795; x_wconf 90' lang='lat' dir='ltr'>oportet,</span> <span class='ocrx_word' id='word_1_281' title='bbox 347 3721 502 3796; x_wconf 92' lang='lat' dir='ltr'>propterea</span> <span class='ocrx_word' id='word_1_282' title='bbox 520 3709 613 3795; x_wconf 87' lang='lat' dir='ltr'>quod,</span> <span class='ocrx_word' id='word_1_283' title='bbox 644 3708 777 3794; x_wconf 89' lang='lat' dir='ltr'>quiequid</span> <span class='ocrx_word' id='word_1_284' title='bbox 797 3711 919 3773; x_wconf 90' lang='lat' dir='ltr'>dextros</span> <span class='ocrx_word' id='word_1_285' title='bbox 936 3710 1024 3773; x_wconf 86' lang='lat' dir='ltr'>babet</span> <span class='ocrx_word' id='word_1_286' title='bbox 1042 3731 1076 3773; x_wconf 89' lang='lat' dir='ltr'>ae</span> <span class='ocrx_word' id='word_1_287' title='bbox 1093 3709 1230 3774; x_wconf 88' lang='lat' dir='ltr'>sinistros</span> 
     </span>
     <span class='ocr_line' id='line_1_33' title="bbox 72 3811 1231 3896; baseline -0.002 -19"><span class='ocrx_word' id='word_1_288' title='bbox 72 3814 215 3890; x_wconf 89' lang='lat' dir='ltr'>ordines,</span> <span class='ocrx_word' id='word_1_289' title='bbox 246 3812 275 3875; x_wconf 92' lang='lat' dir='ltr'>iu</span> <span class='ocrx_word' id='word_1_290' title='bbox 299 3832 399 3876; x_wconf 92' lang='lat' dir='ltr'>eorum</span> <span class='ocrx_word' id='word_1_291' title='bbox 421 3811 517 3875; x_wconf 91' lang='lat' dir='ltr'>medio</span> <span class='ocrx_word' id='word_1_292' title='bbox 541 3811 677 3876; x_wconf 91' lang='lat' dir='ltr'>oolloeari</span> <span class='ocrx_word' id='word_1_293' title='bbox 703 3833 826 3876; x_wconf 89' lang='lat' dir='ltr'>neeesse</span> <span class='ocrx_word' id='word_1_294' title='bbox 849 3825 910 3891; x_wconf 88' lang='lat' dir='ltr'>est,</span> <span class='ocrx_word' id='word_1_295' title='bbox 944 3833 1038 3896; x_wconf 90' lang='lat' dir='ltr'>neque</span> <span class='ocrx_word' id='word_1_296' title='bbox 1057 3813 1160 3876; x_wconf 88' lang='lat' dir='ltr'>dextra</span> <span class='ocrx_word' id='word_1_297' title='bbox 1183 3812 1231 3877; x_wconf 85' lang='lat' dir='ltr'>uel</span> 
     </span>
     <span class='ocr_line' id='line_1_34' title="bbox 71 3913 1231 4000; baseline 0 -21"><span class='ocrx_word' id='word_1_298' title='bbox 71 3915 197 3980; x_wconf 87' lang='lat' dir='ltr'>sinistra</span> <span class='ocrx_word' id='word_1_299' title='bbox 220 3913 330 3998; x_wconf 88' lang='lat' dir='ltr'>uspiam</span> <span class='ocrx_word' id='word_1_300' title='bbox 355 3935 423 3978; x_wconf 91' lang='lat' dir='ltr'>esse</span> <span class='ocrx_word' id='word_1_301' title='bbox 445 3925 583 4000; x_wconf 91' lang='lat' dir='ltr'>possunt,</span> <span class='ocrx_word' id='word_1_302' title='bbox 617 3914 672 3978; x_wconf 88' lang='lat' dir='ltr'>nisi</span> <span class='ocrx_word' id='word_1_303' title='bbox 695 3935 734 3978; x_wconf 85' lang='lat' dir='ltr'>ex</span> <span class='ocrx_word' id='word_1_304' title='bbox 756 3915 911 3978; x_wconf 81' lang='lat' dir='ltr'>interiecto</span> <span class='ocrx_word' id='word_1_305' title='bbox 934 3935 1057 4000; x_wconf 88' lang='lat' dir='ltr'>corpore</span> <span class='ocrx_word' id='word_1_306' title='bbox 1079 3914 1231 3999; x_wconf 85' lang='lat' dir='ltr'>utriusque</span> 
     </span>
     <span class='ocr_line' id='line_1_35' title="bbox 71 4013 1231 4102; baseline -0.002 -20"><span class='ocrx_word' id='word_1_307' title='bbox 71 4017 169 4102; x_wconf 89' lang='lat' dir='ltr'>partis</span> <span class='ocrx_word' id='word_1_308' title='bbox 190 4014 347 4080; x_wconf 81' lang='lat' dir='ltr'>discrimen</span> <span class='ocrx_word' id='word_1_309' title='bbox 366 4027 492 4102; x_wconf 89' lang='lat' dir='ltr'>petatur.</span> <span class='ocrx_word' id='word_1_310' title='bbox 539 4014 754 4100; x_wconf 84' lang='lat' dir='ltr'>Quaeraobrem,</span> <span class='ocrx_word' id='word_1_311' title='bbox 784 4017 972 4080; x_wconf 84' lang='lat' dir='ltr'>stolidissime</span> <span class='ocrx_word' id='word_1_312' title='bbox 990 4016 1154 4080; x_wconf 88' lang='lat' dir='ltr'>mortalium</span> <span class='ocrx_word' id='word_1_313' title='bbox 1174 4013 1231 4082; x_wconf 84' lang='lat' dir='ltr'>Se·</span> 
     </span>
     <span class='ocr_line' id='line_1_36' title="bbox 70 4115 1232 4204; baseline 0.001 -22"><span class='ocrx_word' id='word_1_314' title='bbox 70 4120 188 4197; x_wconf 91' lang='lat' dir='ltr'>eunde,</span> <span class='ocrx_word' id='word_1_315' title='bbox 219 4139 333 4203; x_wconf 85' lang='lat' dir='ltr'>vosque</span> <span class='ocrx_word' id='word_1_316' title='bbox 352 4115 531 4184; x_wconf 84' lang='lat' dir='ltr'>Secundinui</span> <span class='ocrx_word' id='word_1_317' title='bbox 552 4139 670 4199; x_wconf 89' lang='lat' dir='ltr'>omnes,</span> <span class='ocrx_word' id='word_1_318' title='bbox 701 4119 827 4183; x_wconf 89' lang='lat' dir='ltr'>medium</span> <span class='ocrx_word' id='word_1_319' title='bbox 846 4117 903 4183; x_wconf 91' lang='lat' dir='ltr'>erit</span> <span class='ocrx_word' id='word_1_320' title='bbox 921 4141 1009 4183; x_wconf 86' lang='lat' dir='ltr'>unum</span> <span class='ocrx_word' id='word_1_321' title='bbox 1028 4118 1151 4204; x_wconf 89' lang='lat' dir='ltr'>aliquid,</span> <span class='ocrx_word' id='word_1_322' title='bbox 1183 4118 1232 4184; x_wconf 92' lang='lat' dir='ltr'>eui</span> 
     </span>
     <span class='ocr_line' id='line_1_37' title="bbox 70 4219 1231 4308; baseline 0 -22"><span class='ocrx_word' id='word_1_323' title='bbox 70 4223 196 4288; x_wconf 87' lang='lat' dir='ltr'>sinistra</span> <span class='ocrx_word' id='word_1_324' title='bbox 211 4223 373 4306; x_wconf 90' lang='lat' dir='ltr'>dextroque</span> <span class='ocrx_word' id='word_1_325' title='bbox 387 4243 459 4308; x_wconf 82' lang='lat' dir='ltr'>quae</span> <span class='ocrx_word' id='word_1_326' title='bbox 476 4219 610 4286; x_wconf 85' lang='lat' dir='ltr'>dicuutur</span> <span class='ocrx_word' id='word_1_327' title='bbox 623 4221 754 4286; x_wconf 82' lang='lat' dir='ltr'>subiecta</span> <span class='ocrx_word' id='word_1_328' title='bbox 767 4221 843 4302; x_wconf 87' lang='lat' dir='ltr'>sint;</span> <span class='ocrx_word' id='word_1_329' title='bbox 864 4243 957 4308; x_wconf 90' lang='lat' dir='ltr'>neque</span> <span class='ocrx_word' id='word_1_330' title='bbox 973 4221 1008 4286; x_wconf 92' lang='lat' dir='ltr'>ab</span> <span class='ocrx_word' id='word_1_331' title='bbox 1023 4242 1081 4286; x_wconf 93' lang='lat' dir='ltr'>uno</span> <span class='ocrx_word' id='word_1_332' title='bbox 1095 4222 1145 4286; x_wconf 94' lang='lat' dir='ltr'>illo</span> <span class='ocrx_word' id='word_1_333' title='bbox 1160 4221 1231 4286; x_wconf 89' lang='lat' dir='ltr'>alie·</span> 
     </span>
    </p>
   </div>
   <div class='ocr_carea' id='block_1_4' title="bbox 67 4399 1228 4544">
    <p class='ocr_par' dir='ltr' id='par_1_4' title="bbox 67 4399 1228 4542">
     <span class='ocr_line' id='line_1_38' title="bbox 67 4399 1228 4494; baseline 0.002 -32"><span class='ocrx_word' id='word_1_334' title='bbox 67 4413 182 4462; x_wconf 78' lang='lat' dir='ltr'>eoeebutt</span> <span class='ocrx_word' id='word_1_335' title='bbox 206 4427 317 4480; x_wconf 78' lang='grc' dir='ltr'><strong>χωρηγῳ</strong></span> <span class='ocrx_word' id='word_1_336' title='bbox 342 4425 385 4474; x_wconf 85' lang='lat' dir='ltr'>per</span> <span class='ocrx_word' id='word_1_337' title='bbox 409 4425 509 4462; x_wconf 81' lang='lat' dir='ltr'>errorem</span> <span class='ocrx_word' id='word_1_338' title='bbox 531 4413 636 4494; x_wconf 65' lang='lat' dir='ltr'>repetitu.</span> <span class='ocrx_word' id='word_1_339' title='bbox 703 4405 762 4462; x_wconf 71' lang='lat'>4⁵</span> <span class='ocrx_word' id='word_1_340' title='bbox 747 4405 859 4477; x_wconf 70' lang='lat' dir='ltr'>apmep’</span> <span class='ocrx_word' id='word_1_341' title='bbox 876 4399 919 4464; x_wconf 81' lang='lat' dir='ltr'>edu</span> <span class='ocrx_word' id='word_1_342' title='bbox 941 4414 1034 4472; x_wconf 79' lang='lat' dir='ltr'>reportat</span> <span class='ocrx_word' id='word_1_343' title='bbox 1056 4425 1100 4472; x_wconf 80' lang='lat' dir='ltr'>pro</span> <span class='ocrx_word' id='word_1_344' title='bbox 1117 4403 1228 4476; x_wconf 62' lang='lat' dir='ltr'>ipsus&amp;</span> 
     </span>
     <span class='ocr_line' id='line_1_39' title="bbox 68 4467 1111 4544; baseline -0.002 -14"><span class='ocrx_word' id='word_1_345' title='bbox 68 4483 122 4530; x_wconf 83' lang='lat' dir='ltr'>Nr&#39;st</span> <span class='ocrx_word' id='word_1_346' title='bbox 142 4481 252 4529; x_wconf 67' lang='lat' dir='ltr'>metuere</span> <span class='ocrx_word' id='word_1_347' title='bbox 277 4481 363 4542; x_wconf 76' lang='lat' dir='ltr'>stipulo</span> <span class='ocrx_word' id='word_1_348' title='bbox 385 4493 494 4542; x_wconf 78' lang='lat' dir='ltr'>reponem</span> <span class='ocrx_word' id='word_1_349' title='bbox 517 4481 561 4532; x_wconf 81' lang='grc' dir='ltr'>τοῦ</span> <span class='ocrx_word' id='word_1_350' title='bbox 587 4477 635 4544; x_wconf 80' lang='lat' dir='ltr'>lei,</span> <span class='ocrx_word' id='word_1_351' title='bbox 671 4467 728 4540; x_wconf 77' lang='lat' dir='ltr'>auls,</span> <span class='ocrx_word' id='word_1_352' title='bbox 745 4493 806 4541; x_wconf 83' lang='lat' dir='ltr'>quae</span> <span class='ocrx_word' id='word_1_353' title='bbox 822 4481 921 4542; x_wconf 77' lang='lat' dir='ltr'>vulpaus</span> <span class='ocrx_word' id='word_1_354' title='bbox 938 4485 970 4528; x_wconf 83' lang='lat' dir='ltr'>est</span> <span class='ocrx_word' id='word_1_355' title='bbox 986 4483 1111 4542; x_wconf 74' lang='lat' dir='ltr'>sumptura.</span> 
     </span>
    </p>
   </div>
   <div class='ocr_carea' id='block_1_5' title="bbox 66 4545 1023 4698">
    <p class='ocr_par' dir='ltr' id='par_1_5' title="bbox 66 4545 1023 4698">
     <span class='ocr_line' id='line_1_40' title="bbox 66 4545 996 4614; baseline -0.005 -12"><span class='ocrx_word' id='word_1_356' title='bbox 66 4553 167 4610; x_wconf 75' lang='lat' dir='ltr'>prepter</span> <span class='ocrx_word' id='word_1_357' title='bbox 183 4559 279 4611; x_wconf 64' lang='lat' dir='ltr'>musas</span> <span class='ocrx_word' id='word_1_358' title='bbox 298 4547 341 4600; x_wconf 85' lang='grc' dir='ltr'>τοῦ</span> <span class='ocrx_word' id='word_1_359' title='bbox 358 4545 520 4614; x_wconf 75' lang='lat' dir='ltr'>bntnrnpleu.</span> <span class='ocrx_word' id='word_1_360' title='bbox 703 4545 840 4612; x_wconf 68' lang='lat' dir='ltr'>balneare</span> <span class='ocrx_word' id='word_1_361' title='bbox 856 4548 907 4598; x_wconf 85' lang='lat' dir='ltr'>eod.</span> <span class='ocrx_word' id='word_1_362' title='bbox 923 4549 996 4598; x_wconf 76' lang='lat' dir='ltr'>tutte.</span> 
     </span>
     <span class='ocr_line' id='line_1_41' title="bbox 954 4632 1023 4698; baseline -0.014 0"><span class='ocrx_word' id='word_1_363' title='bbox 954 4636 994 4698; x_wconf 83' lang='lat'>25</span> <span class='ocrx_word' id='word_1_364' title='bbox 1006 4632 1023 4670; x_wconf 84' lang='grc'>*</span> 
     </span>
    </p>
   </div>
   <div class='ocr_carea' id='block_1_6' title="bbox 0 0 1514 4994">
    <p class='ocr_par' dir='ltr' id='par_1_6' title="bbox 0 0 1514 4994">
     <span class='ocr_line' id='line_1_42' title="bbox 0 0 1514 4994; baseline 0 2"><span class='ocrx_word' id='word_1_365' title='bbox 0 0 1514 4994; x_wconf 95' lang='lat' dir='ltr'> </span> 
     </span>
    </p>
   </div>
  </div>
 </body>
</html>
