3006 4990
222 273 225 280 ’
358 297 493 348 rausum
511 295 607 349 mnu
623 295 748 348 remur.
768 296 866 348 uisu.
883 297 980 348 xxiv.
1185 285 1244 348 153
1302 321 1307 327 ·

99 416 205 482 duobos
234 437 276 480 ex
302 417 402 480 decem
432 415 556 480 mittibus
585 413 728 499 aperiant.
775 412 854 497 Quin
882 425 912 478 et
940 416 1002 480 suis
1029 414 1177 501 discipulis
1204 416 1245 480 ita

8 511 9 558 t
99 518 252 603 praecipite
282 515 376 597 Date,
400 519 511 602 iuquit,
535 537 654 602 operam
670 528 702 582 ut
720 519 817 582 omuiu
835 518 1039 600 cognoscatis,
1063 539 1149 583 nemo
1173 539 1244 582 vero

97 641 147 684 res
164 631 337 704 cognoscat.
384 616 542 686 Caeterum
564 629 621 683 tam
645 620 806 704 ipsequam
830 619 878 703 qui
896 620 959 684 eius
984 631 1094 684 sentam
1117 619 1246 706 amplexi

8 727 9 742 ¹
98 733 162 786 sunt
177 721 294 806 quoties
308 723 530 805 interrogautur
544 719 668 786 iudaeos
684 721 797 805 quidem
817 741 851 784 se
868 740 934 785 esse
950 733 1076 807 negant,
1102 719 1247 788 Christia-

97 845 146 888 uos
161 845 236 888 uero
251 824 380 888 nondum
395 824 498 888 fuisse.
544 820 596 888 Sic
613 823 761 907 abnegare
778 833 918 907 perpetuo
935 823 1039 902 tidem,
1063 845 1187 908 eamque
1201 835 1246 888 te·

8 959 9 990 1
99 924 152 990 cite
183 927 259 1011 apud
287 946 321 990 se
349 926 516 1003 custodire,
551 945 606 989 nee
631 925 679 990 uiti
709 927 876 1010 patefacere
897 945 967 990 suos
995 925 1137 1006 instituit3
1169 927 1246 1010 quod

98 1027 231 1092 nimirum
249 1037 414 1110 suspectam
429 1026 536 1090 babeat
549 1027 612 1111 ipse
631 1026 837 1112 turpitudinem
856 1047 958 1104 suam,
981 1048 1045 1091 cum
1065 1037 1122 1092 tam
1144 1025 1247 1090 imma-

8 1135 9 1140 ’
98 1129 139 1194 nis
160 1129 287 1220 foeditas
309 1139 396 1213 atque
418 1129 531 1213 impuro
548 1129 698 1214 disciplina
720 1130 860 1192 audacter
881 1127 1013 1212 evulgari
1029 1149 1087 1193 nou
1105 1130 1223 1194 audeat.

8 1227 9 1232 ’
179 1229 277 1296 Huius
303 1251 377 1294 vero
399 1231 543 1315 pessimae
569 1241 668 1294 sectae
695 1229 878 1295 occasionem
903 1230 1074 1315 initiumque
1097 1231 1175 1294 dedit
1196 1231 1244 1294 itta
1264 1247 1380 1316 capvt

99 1334 230 1416 macario
248 1354 283 1398 ac
300 1331 476 1416 disputatio,
500 1332 643 1397 undenam
661 1332 765 1398 mdom
787 1331 928 1416 originem
949 1331 1092 1398 babuerit.
1134 1330 1246 1396 Verum

98 1435 294 1519 unnsquisque
318 1434 479 1498 cuiusmodi
497 1433 553 1512 sit,
576 1427 884 1499 administrationeac
899 1433 1098 1518 negotiatione
1120 1454 1174 1496 sua
1196 1434 1247 1498 dc-

99 1536 230 1635 cdarabit.
274 1533 461 1618 Proindeque
479 1535 619 1600 maiorum
639 1527 803 1620 negotiator
819 1557 877 1598 oon
892 1535 1035 1600 bonorum
1052 1545 1099 1599 est
1110 1534 1159 1598 iile
1178 1535 1246 1598 mali

97 1639 221 1716 artifex,
247 1637 486 1721 quomadmodum
505 1635 650 1721 seriptura
667 1647 810 1701 testatore
835 1639 893 1715 Qui
905 1639 1147 1719 quoerrmtmolu,
1171 1639 1245 1698 mum
1254 1658 1397 1715 saetosam.

97 1761 139 1802 eor
155 1743 375 1822 appntecdent.
412 1736 491 1803 Nam
512 1759 607 1824 neque
623 1739 728 1802 maium
747 1739 899 1822 aliquando
918 1739 1028 1819 extitit,
1052 1759 1147 1822 neque
1160 1737 1247 1802 radix

96 1841 152 1904 utta
174 1841 326 1924 nequitiae
351 1839 421 1919 init,
455 1860 550 1924 oeque
570 1841 689 1904 omnino
712 1841 819 1904 matum
838 1841 962 1904 solidum
987 1841 1121 1925 quiddam
1143 1850 1190 1904 est
1210 1861 1247 1905 ac

97 1943 276 2006 consistens.
320 1939 435 2026 Quippe
457 1942 561 2006 malurn
583 1943 757 2027 quandoque
783 1942 891 2006 nullum
919 1942 988 2020 tuit,
1020 1943 1072 2006 sed
1097 1963 1136 2006 ex
1161 1961 1247 2006 occa-

97 2044 178 2108 sione
194 2043 393 2108 introductum
409 2053 440 2106 et
454 2043 595 2110 adscitum
610 2046 639 2107 in
656 2064 829 2128 unoquoque
844 2043 922 2108 inest
933 2044 981 2129 qui
996 2044 1064 2108 illud
1080 2041 1244 2108 committit.

98 2141 225 2225 Quodsi
249 2144 367 2208 miuime
388 2146 586 2210 committatur
605 2167 663 2210 non
685 2146 779 2224 inest,
809 2146 838 2209 id
857 2146 932 2230 quod
957 2166 1045 2230 sopra
1065 2146 1247 2208 demonstra·

96 2247 202 2311 vimus.
235 2245 354 2310 Etenim
374 2246 507 2310 dominus
522 2267 586 2310 cum
605 2247 743 2312 universa
763 2258 911 2326 creasset,
934 2251 1019 2323 Ecce,
1038 2247 1144 2332 inquit,
1166 2250 1247 2310 uelde
1260 2271 1317 2316 een.
1332 2274 1352 2317 ι.

97 2348 248 2410 boensem
260 2352 371 2423 οηυιὰις
396 2369 453 2431 quo
467 2349 544 2412 istud
562 2348 655 2433 ipsum
672 2349 857 2426 ostenderet,
882 2369 940 2413 uon
959 2369 1026 2414 esse
1043 2359 1129 2414 vetos
1147 2351 1247 2412 admo·

96 2450 162 2512 dum
179 2450 300 2528 metum,
324 2469 419 2533 oeque
434 2449 529 2527 initio,
553 2450 719 2534 priusquam
737 2449 773 2512 ab
787 2449 906 2514 bomine
922 2449 1076 2534 inciperet,
1096 2451 1244 2516 extitisse.

96 2547 154 2614 Per
171 2572 226 2614 nos
242 2549 322 2612 euim
337 2551 369 2613 m
385 2561 436 2614 aut
452 2571 511 2614 non
528 2551 571 2614 bt.
614 2549 665 2614 Ex
683 2573 720 2616 eo
735 2573 808 2635 ergo
824 2551 938 2616 scilieet
951 2552 1025 2635 quod
1043 2552 1138 2635 quivis
1155 2552 1247 2616 bomi-

94 2672 164 2714 num
182 2652 288 2716 malurn
310 2653 407 2716 iacere
427 2651 530 2736 possit,
554 2664 605 2718 aut
622 2653 740 2717 minime
758 2655 867 2731 iacere,
890 2652 915 2716 si
935 2653 1034 2732 iaciat,
1057 2653 1163 2717 mnium
1181 2653 1247 2716 exi·

94 2761 171 2831 stet,
196 2755 221 2816 si
240 2775 301 2816 nou
319 2754 423 2832 iaciat,
447 2754 554 2818 nullum
575 2756 631 2819 erit
647 2755 777 2818 omrrino.
822 2751 880 2818 Ubi
900 2752 990 2838 igitur
1007 2755 1093 2820 radix
1107 2753 1158 2820 ilia
1177 2753 1247 2818 mali

94 2854 308 2938 pravitatisque
330 2865 436 2920 natura
457 2855 641 2920 subsistens?

179 2956 347 3020 Admodum
364 2977 435 3020 vero
453 2957 575 3022 stolidus
593 2969 655 3036 est,
679 2979 743 3021 eum
765 2956 907 3022 arirtute
922 2957 1090 3042 productam
1111 2955 1244 3022 Mentem
1263 2973 1387 3040 captus

70 3056 221 3147 'asser-it,
245 3053 383 3122 abdente
400 3055 549 3135 Verbum,
573 3079 608 3124 ae
626 3059 681 3122 boc
695 3057 900 3137 Prudentiam,
933 3059 1007 3123 bane
1027 3055 1172 3124 Virtutem
1190 3056 1247 3122 Sn-

91 3157 295 3243 picntiamque
320 3159 485 3244 peperisse,
516 3181 532 3224 a
555 3161 658 3244 quibus
681 3159 850 3226 Potestatee
873 3170 903 3224 et
921 3159 1056 3225 Virtutes
1081 3159 1247 3244 Angeiique

91 3259 270 3341 prodierint.
318 3257 377 3324 Sed
401 3260 446 3326 bis
470 3263 603 3326 omnibus
628 3261 809 3346 superiorem
834 3262 977 3346 quandam
997 3261 1065 3326 Vim
1088 3261 1188 3325 statuit
1211 3281 1247 3324 ac

89 3357 295 3446 Principium,
327 3365 403 3445 qnod
425 3363 563 3428 Abrasax
586 3363 727 3448 appellat,
759 3364 826 3428 ideo
850 3364 926 3448 qued
950 3365 1013 3428 eius
1037 3362 1120 3426 vocis
1144 3362 1246 3426 literae

91 3459 273 3528 CCCLXV
300 3483 451 3529 numerum
472 3466 616 3542 efficiunt,
650 3475 737 3548 atque
759 3485 800 3528 ex
822 3485 858 3528 eo
885 3463 1038 3528 conflatam
1064 3464 1142 3529 illam
1165 3485 1247 3530 suom

89 3564 126 3628 de
143 3559 326 3630 CCCLXV
342 3565 432 3628 coetis
447 3565 570 3630 inbutam
586 3567 779 3652 comprobare
794 3565 907 3630 nititur.
939 3563 1053 3649 Quibus
1072 3566 1163 3630 coetis
1179 3565 1247 3628 toti·

90 3667 157 3730 dem
179 3685 222 3729 ex
238 3665 451 3730 mathematicis
470 3667 630 3736 rationibus
654 3669 727 3734 situs
752 3689 787 3732 ae
813 3669 944 3734 locorum
964 3667 1176 3752 descriptiones
1199 3687 1248 3730 ee·

88 3767 285 3832 commodare
305 3766 383 3832 omui
405 3787 459 3853 ope
483 3790 518 3833 ac
535 3769 632 3834 studio
650 3771 811 3836 contendit.
855 3769 934 3834 Nam
954 3769 1069 3836 iliorum
1089 3768 1248 3833 sanissima

89 3869 281 3934 theoremata
299 3889 363 3934 cum
385 3870 465 3954 ipse,
497 3881 557 3936 tom
573 3872 621 3956 qui
640 3891 679 3936 ex
696 3873 760 3936 eius
778 3872 930 3958 disciplina
948 3882 1033 3950 sont,
1057 3871 1100 3934 sic
1118 3869 1248 3955 arripue-

87 3981 181 4052 runt,
208 3981 242 4034 ut
265 3969 296 4032 in
321 3991 406 4036 osum
422 3973 603 4036 conternata
625 3993 708 4036 suum
733 3974 769 4036 od
785 3973 927 4039 idolorum
944 3971 1175 4057 propugnatricis
1195 3969 1248 4034 tat-

86 4091 209 4158 saeqne
233 4081 264 4134 et
290 4071 473 4136 adulterinae
492 4073 643 4138 doctrinae
666 4095 801 4140 caussam
827 4085 914 4159 atque
938 4073 1081 4158 originem
1107 4073 1248 4134 transier-

84 4187 170 4238 reot.
211 4169 296 4255 Quae
310 4173 425 4256 quidem
439 4173 575 4240 similium
589 4177 824 4260 supputationum
840 4175 1015 4260 comparatis
1029 4172 1171 4258 exemplis
1183 4194 1249 4236 cor-

84 4363 187 4425 ttetiqrri
201 4361 258 4409 tort
274 4358 333 4420 isac
346 4364 399 4418 τοῖς
412 4361 558 4428 ποῢητικοῖς
574 4360 657 4426 (ποιη-
690 4359 803 4411 locorum
823 4359 974 4428 digestiones
999 4359 1104 4428 poeticis
1121 4356 1248 4412 divisioni-

82 4433 170 4488 ταοῑς
192 4428 328 4478 emendarit
349 4429 488 4496 comeum)
512 4428 657 4493 anacteam
690 4427 737 4481 bue
752 4446 826 4498 parea
841 4427 991 4482 constituere
1006 4427 1107 4480 studens
1123 4431 1174 4480 cett.

83 4498 229 4550 masne
252 4497 335 4546 emttt:
368 4495 462 4558 Quibus
487 4496 564 4548 coelis
585 4497 660 4550 etism
