2984 4996
340 301 586 354 renuntiator.
604 301 740 353 nomon.
758 298 950 350 nnanxon.
1159 285 1221 349 685
1333 311 1338 322 =

58 421 208 484 veritatis
222 422 308 508 rigor
323 433 472 502 remanet,
496 421 611 484 tametsi
627 419 835 485 minutissimas
849 420 878 482 in
896 438 981 504 pares
998 415 1109 482 inbuite
1125 427 1219 495 secta,

57 523 224 609 divisaque
247 523 365 588 luerint.

157 623 283 690 Praeter
303 627 351 691 illa
374 646 446 690 vero
470 626 566 690 omnia
594 625 649 688 boc
671 625 792 710 iusuper
814 623 1123 701 commemoravimus,
1147 643 1219 686 uon·
1233 636 1373 702 eapxut.

58 727 170 794 nullos
190 750 207 793 c
224 727 479 792 Marcionistarum
502 747 592 812 grege
614 728 644 790 in
668 725 839 790 altissimum
862 725 1055 811 blasphemiae
1076 722 1220 809 gurgitem

57 831 227 896 immersos
245 841 332 916 atque
350 852 390 895 ex
406 830 546 917 pestilera
562 829 610 893 illa
630 829 801 893 daemonnm
821 829 951 892 doctriua
970 827 1049 891 velut
1070 827 1169 891 lurore
1192 838 1223 891 et

57 935 200 998 amentia
218 935 363 1019 percitos,
388 954 472 1018 quem
495 933 649 996 utrumvel
671 931 788 995 nomine
808 941 893 996 tenus
913 931 1059 995 dominum
1081 931 1221 994 memoria

57 1035 231 1100 retinuisse
248 1036 436 1114 videbantur,
460 1034 544 1098 buius
568 1035 657 1120 ipsius
676 1034 857 1098 divinitatem
874 1033 1003 1097 inaudita
1022 1032 1144 1116 quadam
1166 1033 1221 1096 lin-

58 1159 144 1223 guae
171 1139 328 1223 petulantia
352 1137 548 1224 pervertisse,
574 1157 628 1201 nee
645 1135 783 1200 eoelestis
799 1134 876 1200 illios
893 1135 1092 1220 generationis
1114 1154 1219 1198 nomen

59 1243 244 1326 vituperare
260 1241 350 1304 luisse
367 1240 488 1304 veritas.
523 1235 648 1322 Quidam
665 1239 741 1302 euim
757 1258 796 1303 es
811 1238 868 1304 illis
884 1239 1029 1302 dominum
1045 1238 1137 1322 ipsum
1147 1234 1222 1300 Mali

58 1343 160 1407 dlinm
177 1363 244 1408 csse
260 1344 325 1407 sine
342 1341 401 1407 ullo
417 1343 526 1427 pudore
542 1341 686 1405 iactitant.
717 1337 803 1424 Quod
818 1340 867 1404 alii
885 1341 979 1404 minus
997 1339 1136 1426 probaot3
1158 1338 1221 1424 qui·

60 1445 120 1509 bns
144 1445 242 1530 placet
261 1443 358 1509 lodice
374 1444 455 1538 illurn
472 1465 505 1508 ac
523 1441 668 1508 Creatore
684 1454 782 1508 natum
801 1461 880 1508 esse.
927 1439 986 1526 Qui
1004 1463 1068 1506 cum
1087 1442 1118 1505 in
1135 1441 1221 1506 mise·

61 1547 229 1611 ricordiam
248 1558 329 1611 esset
351 1546 525 1633 propensior
549 1569 583 1610 ac
602 1558 705 1610 natura
728 1545 839 1623 bonus,
865 1555 948 1633 patre
969 1565 1040 1628 sao,
1065 1565 1150 1629 quem
1172 1543 1220 1608 alii

62 1645 264 1729 Creatorem,
288 1649 338 1712 alii
357 1647 468 1714 Malum
484 1649 670 1727 existimant,
694 1648 825 1712 inlerieri
843 1649 913 1712 sede
935 1647 1038 1712 relicto
1053 1669 1169 1711 sursum
1185 1648 1221 1712 ad

63 1753 151 1816 illum
170 1749 284 1816 Bonum
307 1751 441 1818 evolasse
466 1753 567 1831 deum,
592 1751 639 1836 qui
659 1749 932 1836 inexplicabilibus
955 1751 984 1814 in
1004 1750 1076 1814 locis
1098 1750 1220 1830 residet,

64 1865 96 1918 ct
115 1855 216 1918 eidem
235 1854 409 1918 inhaesisse.
455 1855 483 1917 Α
505 1875 562 1938 quo
588 1854 616 1916 in
639 1854 714 1917 hunc
730 1852 829 1917 orbem
848 1853 1022 1934 demissum,
1047 1864 1076 1916 et
1094 1863 1125 1917 ut
1148 1852 1222 1938 patri

67 1977 125 2020 suo
144 1957 300 2020 resisteret
320 1956 467 2042 delapsum
485 1957 513 2019 in
533 1967 628 2020 terrae
647 1952 795 2021 Christum
813 1956 909 2019 omnia
925 1956 973 2020 illa
991 1955 1150 2040 abrogasse
1170 1957 1220 2019 dc·

64 2069 170 2138 creta,
195 2079 269 2142 quae
284 2059 320 2121 ab
337 2059 459 2123 naturali
478 2079 532 2122 sno
550 2071 632 2143 patre
650 2059 766 2122 luerent
782 2057 958 2137 constituta,
982 2057 1089 2122 sireis
1110 2067 1155 2122 cst
1173 2057 1221 2142 qui

66 2161 96 2224 io
113 2161 183 2246 lege
199 2162 312 2225 locotus
329 2160 451 2239 dicitnr,
475 2162 539 2226 sire
556 2159 681 2225 malitiae
700 2161 770 2224 deos
787 2161 853 2240 ille,
878 2180 963 2244 qoem
985 2161 1065 2224 inter
1082 2159 1221 2245 principia

67 2263 161 2326 tertio
180 2264 243 2327 loco
265 2273 406 2327 statuunt.
452 2261 648 2343 Naturaliter,
673 2262 712 2326 uti
734 2262 841 2327 dictum
863 2273 926 2341 est,
950 2272 1036 2347 atquc
1058 2261 1144 2326 aliter
1164 2263 1220 2328 isla

68 2364 233 2430 declarant.
279 2361 381 2450 ltaque
400 2365 474 2430 alios
492 2361 651 2449 Opilcem,
675 2365 749 2428 alius
763 2363 874 2430 Malum
893 2385 961 2429 esse
979 2365 1090 2430 statuit.
1136 2363 1220 2450 Quae

69 2487 137 2530 cum
156 2465 197 2530 ita
216 2467 291 2546 sint,
316 2468 500 2532 manifestum
518 2488 585 2532 csse
603 2467 720 2532 cuilibet
735 2476 833 2550 potest
851 2469 898 2550 qui
914 2467 1024 2552 ingenii
1045 2489 1079 2532 ae
1096 2469 1222 2555 prudcn·
1295 2475 1300 2504 ¹

70 2568 131 2633 tiae
149 2569 256 2654 aliquid
283 2569 389 2634 babeat
411 2579 498 2634 totam
523 2570 600 2636 illam
619 2567 778 2633 doctrinam
800 2579 887 2653 atquc
907 2570 1010 2655 dogma
1034 2571 1070 2634 ab
1088 2571 1223 2657 impuris·

70 2671 148 2735 simo
167 2673 271 2756 spirito
292 2691 494 2758 promanasse.
540 2668 687 2755 Quocirca
707 2671 776 2736 nibil
793 2682 856 2735 crat
877 2671 1028 2736 admodum
1047 2693 1170 2738 neeesse
1192 2674 1222 2737 in

72 2793 108 2834 eo
124 2785 297 2858 argumento
312 2776 463 2839 tractando
477 2797 511 2839 ae
528 2775 735 2860 propugnanda
752 2775 807 2838 bde
823 2774 931 2839 morari
946 2775 1065 2855 diutius,
1084 2786 1135 2840 out
1149 2795 1222 2840 vero

71 2869 256 2940 Marcionem
277 2877 430 2956 relellcre,
455 2878 502 2963 qui
522 2878 604 2940 iuxta
620 2877 664 2941 sui
684 2877 775 2962 ipsius
798 2897 832 2940 oe
849 2878 927 2941 vitae
950 2897 1016 2942 csse
1033 2879 1149 2942 videtur
1170 2877 1221 2942 ob-

72 2974 154 3042 litus.
199 2976 297 3042 Nemo
317 2979 458 3064 siqnidem
482 2991 528 3044 cst
552 2979 600 3064 qui
623 2980 759 3044 nonnulla
785 2979 824 3044 sit
845 2979 1037 3064 intelligentia
1059 2979 1219 3066 praeditus,

73 3080 141 3161 quio
158 3081 352 3146 contumeliae
368 3084 397 3145 in
417 3081 500 3145 deum
518 3083 617 3167 plenas
633 3083 710 3146 illius
726 3083 848 3160 tabulas,
873 3105 907 3146 ac
924 3082 1096 3147 temerarios
1111 3092 1141 3146 ct
1155 3101 1220 3167 pcr-

73 3181 209 3247 nieiosos
230 3194 352 3248 conatus
376 3183 504 3268 detegat.
552 3183 661 3248 Verum
683 3183 818 3269 quoniam
847 3185 954 3250 nullum
982 3185 1073 3271 spinis
1095 3185 1219 3249 obsitum

74 3280 169 3348 locum
188 3305 246 3348 uon
265 3297 452 3372 repurgatum
469 3305 535 3350 esse
552 3286 694 3371 patimur,
718 3289 769 3350 sed
789 3288 833 3352 dci
854 3288 950 3372 gladio
971 3288 1121 3352 succidere
1143 3287 1220 3353 sole·

74 3405 137 3449 mos
156 3387 328 3466 universas,
353 3389 400 3472 qui
420 3389 532 3472 quidem
551 3391 754 3469 penetrabilior
774 3401 819 3451 est
835 3394 1021 3470 omm'glcdrb
1036 3395 1168 3472 compoti,
1192 3403 1370 3471 etruscern

73 3493 237 3570 perungens
260 3513 347 3573 nsque
365 3495 405 3554 ud
423 3495 572 3554 drirr'arbnes
594 3496 704 3554 anemae
724 3504 754 3555 et
772 3498 905 3574 weles,
930 3514 1092 3574 compagum
1114 3515 1221 3576 quoquc

76 3609 109 3650 oe
128 3595 329 3668 medullarum,
356 3604 388 3658 nt
410 3595 553 3679 scriptura
579 3595 723 3679 loquitur,
748 3593 814 3659 ideo
835 3615 927 3680 pauca
952 3597 987 3660 de
1010 3617 1044 3658 ea
1067 3615 1099 3660 rc
1122 3596 1219 3662 dicere

77 3710 133 3756 non
156 3695 354 3779 gravabimur.

157 3797 204 3860 Ac
222 3798 344 3883 primum
361 3797 430 3862 illud
446 3800 647 3885 opponendum
665 3809 727 3878 est,
751 3800 776 3863 si
793 3821 810 3862 e
826 3797 906 3864 Malo
923 3797 1024 3866 bouus
1039 3801 1102 3865 lieri
1117 3811 1218 3886 potue·
1230 3811 1370 3881 crpxtv.

78 3895 130 3979 rit,
154 3909 244 3963 totum
269 3899 347 3965 illam
364 3899 576 3988 Principiorum
597 3901 740 3966 rationem
766 3903 871 3966 everti.
916 3899 1020 3970 Potest
1036 3903 1112 3970 enim
1136 3914 1166 3967 ct
1186 3904 1220 3968 il·

78 3997 130 4064 lins
143 4013 239 4088 pater,
258 4002 282 4065 si
297 4003 390 4070 malos
406 4015 463 4082 est,
481 4005 569 4089 (qnod
585 4005 662 4069 absit
678 4015 709 4066 ut
723 4025 847 4087 unquam
865 4004 1010 4086 dicamus,
1034 4005 1126 4070 bouus
1142 4005 1219 4070 eninr

79 4107 132 4188 est)
154 4114 334 4170 commutare
358 4107 502 4188 animum,
528 4107 765 4191 quemadmodum
788 4106 851 4171 eius
874 4118 921 4172 cet
941 4107 1107 4180 immutatus
1130 4105 1216 4173 lilius.

78 4239 213 4292 volucrunt.
247 4243 279 4293 Et
293 4241 334 4294 alii
355 4259 385 4294 ex
399 4242 459 4312 ipsis
476 4241 563 4295 effreni
578 4243 630 4295 lin·
664 4245 736 4308 dipsa.
751 4247 824 4308 lcum
844 4247 915 4306 plone
929 4247 986 4296 mibi
1006 4247 1110 4298 uidebor.
1145 4247 1219 4311 Vulpo

78 4321 121 4372 gna
135 4309 255 4362 deitatem
266 4310 343 4379 ipsios
358 4321 515 4377 arermntea,
538 4329 629 4366 nomeu
663 4317 727 4364 reret
743 4306 761 4365 oi
860 4309 966 4380 vdrtpcv.

78 4377 240 4440 generationis
255 4396 285 4430 ex
298 4379 410 4448 supernis
425 4379 565 4448 vituperare
579 4398 629 4434 non
696 4381 721 4434 3.
748 4383 821 4432 Verbo
856 4383 912 4441 λλος
933 4377 977 4447 ptr
992 4380 1035 4437 cdv
1056 4379 1218 4450 δημιουργὸν,

80 4453 218 4498 verentur.“
663 4461 723 4514 onor
737 4451 821 4500 corant
836 4452 867 4500 ot
881 4452 934 4500 edit
949 4452 1041 4514 princ,
1057 4454 1168 4507 Petuntur
1182 4465 1218 4502 rr*

109 4513 130 4566 2.
149 4509 375 4586 rimrbovpvdrcpcv
400 4525 548 4571 erraneum
574 4522 629 4570 Ger·
663 4520 735 4570 cruit
750 4530 780 4569 ea
795 4519 846 4570 cod.
864 4520 984 4571 romono.

81 4587 158 4636 lldtlttt
177 4588 331 4639 ell’etout'na.
364 4587 393 4638 El
408 4589 442 4638 llo
459 4589 484 4638 ltt
502 4587 553 4640 wll.
570 4587 629 4640 llbe-
