3010 5000
305 315 441 365 Paunutt
459 315 523 365 Lau.
535 315 553 366 l.
571 315 654 365 ΤΟΜ.
671 316 714 366 lll.
733 315 830 366 Haud.
845 315 994 366 xxxvut.
1165 305 1241 398 513·

73 432 160 498 Pauli
182 433 307 520 apostoli
331 434 448 498 nomine
471 434 597 497 libellum
616 434 824 518 excogitarunt
840 445 1030 519 praepostera
1048 433 1165 498 libidine
1182 457 1229 498 re·

75 539 200 614 terium,
234 558 318 619 quem
345 547 374 600 et
396 537 415 600 ii
441 557 514 621 quos
536 535 695 601 Gnosticos
720 547 826 603 vocant
849 535 985 600 adhibere
1009 536 1122 617 solent,
1153 537 1230 621 quod

75 637 164 703 Pauli
179 639 373 704 Anubeticum
391 650 514 718 vocontq
539 637 621 704 cuius
638 638 790 724 suppositii
807 639 905 724 operis
921 660 1021 702 nursam
1036 660 1075 702 ex
1091 660 1127 704 co
1144 659 1230 726 cope-

74 751 160 820 runt‚
194 743 268 826 quod
288 743 437 828 apostolus
455 743 517 828 ipsc
537 752 661 806 testetur
677 763 709 805 se
727 741 757 805 in
776 742 891 804 tertium
912 762 1003 824 usquc
1022 743 1229 806 conscendisse
1243 761 1382 820 accurat.

74 845 203 922 coelum,
225 856 254 908 et
269 866 375 908 arcaun
392 845 497 909 ibidem
513 845 629 910 audisse
645 844 747 923 verbo,
769 863 843 927 quac
859 865 915 907 uon
933 841 1001 906 licet
1016 843 1123 907 bomini
1137 845 1227 930 loqui.

75 945 161 1009 Haec
174 956 283 1025 auteur,
308 948 454 1031 inquiunt,
478 969 586 1012 arcaua
601 948 650 1010 illa
669 947 757 1010 verba
775 956 854 1008 siun.
888 943 973 1027 Quae
988 947 1101 1030 quidem
1119 949 1229 1028 onmia,

74 1048 172 1132 iisque
188 1049 310 1128 similia,
335 1051 376 1113 ita
391 1051 629 1133 quemadmodum
648 1048 811 1113 monuimus
829 1050 951 1128 docent;
984 1059 1014 1112 ut
1030 1059 1060 1112 et
1080 1049 1162 1112 malis
1180 1050 1231 1114 uo-

76 1171 178 1214 norem
196 1151 366 1216 habeantet
383 1153 475 1216 bonos
491 1153 656 1238 repudient.
701 1149 778 1216 Nam
796 1147 920 1215 Geinum
939 1151 1068 1214 fortioris
1081 1153 1230 1216 cuiusdam

76 1275 145 1318 csse
163 1251 305 1332 Virtutis,
338 1267 369 1318 et
386 1254 509 1319 Alrelunr
528 1254 696 1318 infirmioris
715 1253 855 1318 sentiunt.
902 1249 984 1336 Quos
1002 1254 1080 1338 ipsas
1099 1251 1231 1318 Virtutes

76 1378 143 1420 cum
159 1354 222 1420 Eun
239 1378 415 1440 congressas
430 1368 582 1440 utrumque
596 1357 734 1440 genuisse
749 1356 792 1419 sic
805 1356 959 1432 affirmant,
975 1367 1006 1420 ut
1020 1356 1140 1420 alterius
1152 1357 1232 1420 Abe-

76 1457 197 1538 lussit,
223 1456 335 1523 Cainus
352 1459 484 1523 alterius.
531 1455 610 1542 Quin
629 1459 773 1522 Aduruum
792 1469 879 1542 atque
895 1456 990 1522 Evam
1009 1459 1110 1522 iisdem
1128 1481 1146 1522 a
1164 1457 1233 1523 Vir·

77 1562 205 1641 tutibus‚
238 1562 301 1625 sive
324 1561 456 1646 augelis,
488 1561 631 1644 originem
656 1561 801 1640 traxisse,
834 1582 964 1645 quosque
983 1582 1112 1644 genuere
1130 1571 1232 1647 postea

76 1664 207 1742 liberos,
233 1660 357 1728 Carinum
373 1663 489 1748 iuquam
508 1675 537 1726 et
553 1663 691 1744 Abeluru,
715 1685 813 1727 seeum
829 1664 956 1728 invicem
970 1664 1085 1728 rixatus
1101 1685 1179 1742 esse,
1204 1673 1234 1726 et

77 1766 127 1850 qui
152 1765 264 1829 lortiori
289 1767 325 1830 ab
348 1763 465 1830 Virtute
488 1778 663 1852 propagatus
689 1768 784 1830 luerat
807 1763 957 1830 inferioris
977 1765 1233 1852 imbecilliorisque

76 1868 208 1932 sobolem
232 1869 387 1933 occidisse.
848 1865 854 1878 ’

163 1970 245 2036 llaec
264 1971 361 2036 omnia
377 1971 594 2036 mendaciorum
613 1981 748 2057 portenta
771 1970 799 2034 in
818 1971 966 2036 tradendis
985 1971 1132 2057 pestilcris
1148 1969 1232 2056 iguo·
1253 1979 1310 2048 Cap.
1326 1981 1369 2030 ltt.

78 2074 194 2138 raetiae
211 2095 283 2138 suae
299 2073 448 2159 mysteriis
464 2075 498 2136 ud
514 2084 691 2138 sectatorom
708 2074 865 2158 perniciem
881 2084 1058 2158 aspergunt,
1081 2073 1166 2158 idque
1183 2073 1234 2136 ud·

77 2186 216 2253 moneut,
249 2176 355 2240 debere
373 2176 530 2260 quemlibet
549 2175 699 2240 fortiorem
719 2176 773 2238 sibi
793 2177 932 2260 adoptare
952 2173 1116 2254 Virtutem,
1147 2188 1233 2261 atquc

77 2278 115 2340 ab
139 2277 270 2342 interiori
293 2290 324 2342 ct
346 2277 527 2342 imbecilliori
550 2277 684 2359 secerni,
715 2299 750 2342 ea
769 2277 902 2344 videlice!
926 2299 999 2362 quac
1022 2289 1052 2341 et
1069 2278 1181 2364 coelium
1204 2289 1235 2342 et

77 2401 198 2444 carnem
215 2392 245 2444 ct
260 2383 395 2445 muudum
413 2378 612 2460 lubricaverit,
637 2379 736 2465 sicque
754 2382 788 2444 ad
803 2381 954 2466 superiora
972 2401 1023 2465 per
1037 2375 1148 2444 Ctuisu
1164 2401 1234 2444 evo·

77 2485 141 2548 lare
160 2483 342 2568 supplicium.
391 2481 473 2546 lluuc
496 2481 572 2546 enim
598 2483 688 2546 luisse
706 2504 840 2546 caussam
859 2483 963 2548 uolunt
977 2505 1031 2546 cur
1049 2505 1064 2545 c
1083 2483 1166 2546 coelo
1185 2483 1234 2548 ule·

78 2587 180 2671 lapsus
197 2586 253 2664 sit,
286 2584 422 2649 nimirum
438 2596 468 2648 ut
486 2583 570 2648 tortis
588 2583 618 2648 in
636 2584 700 2669 ipso
717 2584 895 2669 solidiorque
912 2583 1015 2650 Virtus
1032 2585 1233 2671 perficeretur,

77 2709 115 2752 ac
134 2688 169 2750 de
187 2686 346 2750 infirmiore
364 2686 538 2770 triumphum
556 2687 683 2750 referret
699 2707 861 2772 corpusque
878 2689 1017 2752 traderet.
1063 2686 1145 2751 llaec
1163 2709 1235 2752 ιιοιι-

78 2789 152 2854 nulli
174 2810 213 2853 ex
233 2789 322 2875 ipsis,
354 2789 403 2852 alii
426 2810 498 2853 vero
520 2789 577 2852 alia
600 2790 779 2874 praedicant.
826 2787 950 2872 Quidam
974 2791 1050 2852 cuim
1070 2787 1233 2869 Christum,

78 2893 158 2976 quod
177 2892 271 2956 molus
291 2903 369 2954 esset
389 2913 424 2954 ac
439 2891 512 2974 legis
528 2891 658 2956 instituta
674 2892 786 2956 uiolare
802 2893 939 2972 auderet,
970 2913 987 2955 a
1005 2889 1074 2955 luda
1092 2893 1235 2977 proditum

77 2994 264 3058 existimant.
310 2989 435 3057 Cainum
449 2996 539 3070 enim,
558 3005 590 3057 ut
605 2993 744 3072 diximus,
762 2991 919 3078 ludamque
937 3005 1133 3075 venerantum
1158 2995 1236 3058 eius·

77 3117 138 3181 que
153 3095 196 3160 rei
212 3096 324 3180 gratia,
349 3095 499 3178 irnpuiuut,
523 3093 602 3160 illum
619 3097 760 3181 prodidit,
785 3097 860 3181 quod
877 3098 1024 3181 praeclaro
1040 3097 1145 3160 tradita
1161 3096 1236 3161 aurti-

78 3219 173 3284 qoore
190 3198 290 3262 vellet.
336 3197 397 3261 Alii
415 3219 487 3262 vero
503 3199 588 3262 aliter
606 3197 754 3277 sentiunt,
779 3209 811 3260 ut
827 3199 941 3262 tametsi
966 3199 1058 3262 bonus
1076 3209 1173 3276 esset,
1197 3219 1236 3262 cx

78 3299 204 3363 coelesti
220 3300 340 3384 quadmu
357 3301 523 3382 cognitione
542 3302 580 3364 sit
595 3299 737 3384 proditus.
782 3298 900 3364 Norant
914 3299 1003 3377 enim,
1028 3302 1125 3380 aiunt,
1149 3299 1235 3364 Priu-

78 3403 179 3487 eipes,
211 3403 235 3464 si
255 3397 392 3466 Christus
409 3402 438 3464 in
457 3423 572 3466 erucem
593 3403 761 3481 tolleretur,
791 3404 918 3488 ipsorum
939 3403 1114 3467 culinustum
1132 3403 1166 3466 iri
1186 3425 1236 3486 po-

77 3505 356 3583 uenriamomneo13
381 3505 455 3588 qood
477 3525 540 3568 cum
561 3501 646 3568 ludus
666 3527 723 3568 uon
742 3505 908 3589 ignoraret,
934 3505 1090 3569 maturavit
1106 3526 1236 3570 omnem·

77 3627 138 3690 que
161 3604 282 3690 lapidem
308 3606 399 3670 movit
421 3617 452 3670 ut
472 3627 536 3670 cum
554 3603 669 3670 ludaeis
689 3607 829 3671 traderet.
875 3605 942 3689 Quia
958 3607 986 3670 in
1003 3629 1035 3670 re
1053 3608 1172 3691 egregie
1188 3629 1236 3670 sa·

76 3710 132 3774 luti
156 3718 275 3772 nostrae
297 3708 456 3772 consuluit.
502 3708 547 3771 Ac
570 3719 723 3794 propterea
743 3709 875 3772 laudibus
894 3731 958 3772 eum
978 3711 1160 3773 remunerari
1182 3731 1236 3772 uos

77 3819 215 3896 oportet,
246 3811 328 3874 cuius
347 3831 435 3896 opera
453 3811 649 3874 crucis'nobis
665 3810 744 3874 salus
762 3822 806 3876 est
823 3812 870 3874 illa
888 3823 1071 3896 comparata,
1104 3833 1158 3876 nec
1177 3835 1235 3876 non

78 3913 254 3978 coelestium
277 3933 375 3976 rerum
401 3914 503 3976 cadem
526 3935 565 3976 ex
584 3913 740 3978 occasione
758 3915 970 3978 communicata
989 3913 1129 3997 cognitio.
1176 3913 1236 3978 Sed

78 4037 147 4080 cnm
166 4014 214 4078 isti
232 4011 349 4077 minime
368 4015 473 4078 bonum
493 4014 617 4100 aliquem
635 4015 745 4080 bonore
764 4037 798 4080 ac
817 4017 900 4080 laude
919 4028 1150 4101 prosequantur,
1175 4028 1236 4081 toto

79 4117 180 4194 coelo,
203 4117 277 4201 quod
295 4115 388 4193 aiunt,
411 4117 561 4180 aberrant.
607 4115 711 4200 Neque
727 4119 881 4182 obscurum
899 4119 967 4182 illud
985 4128 1041 4196 est,
1056 4117 1138 4182 ¹baec
1153 4119 1236 4203 iguo·

78 4217 198 4284 rnutiae
218 4219 385 4303 fraudisque
404 4220 516 4282 semina
538 4219 609 4304 ipsis
629 4241 647 4282 a
665 4219 779 4282 diabolo
796 4241 915 4306 aspersa
934 4222 1035 4285 luisse.
1081 4217 1115 4284 ln
1133 4222 1236 4305 quibus

77 4323 151 4388 illud
168 4331 214 4384 cst
230 4341 247 4384 e
264 4321 407 4406 scriptura
424 4323 602 4406 perlectum:
629 4326 686 4384 Vae
701 4327 752 4404 qui
764 4327 863 4386 dicunt
879 4325 978 4386 bouum
993 4327 1111 4398 oretum,
1136 4335 1166 4384 et
1177 4343 1236 4386 ruc-
1248 4341 1329 4398 rous
1342 4345 1375 4389 an

115 4471 140 4528 4.
159 4475 226 4525 Libri
242 4475 326 4524 uocem
342 4473 428 4541 oquin.
711 4473 736 4528 6.
753 4478 818 4528 trum
834 4478 916 4530 babent
932 4475 1006 4546 φησὶ.

115 4544 140 4596 5.
157 4537 270 4608 ἀσθενής
287 4545 378 4594 uncinis
393 4547 481 4595 notauit
497 4547 616 4596 Petuntur.

133 4625 226 4682 corpu
240 4621 418 4670 mensumn.
993 4635 1033 4699 33
