3018 4994
333 311 394 376 436
750 321 869 376 ειιιοτι
887 323 1054 374 τειειιιιιιι

201 459 267 527 Κεφ,
283 453 315 526 γ’.
409 439 477 506 ’Ότι
497 441 529 506 δέ
545 442 649 520 φίλτρα
664 441 714 503 καί
733 436 864 525 άγοέγιμα
879 438 954 524 πρός
969 438 1002 506 τό
1021 441 1071 504 καί
1087 447 1149 516 τοῖς
1164 437 1292 522 στόμασιν
1307 437 1401 504 αῦτῦν
1413 440 1442 501 ίν-

284 621 289 638 „
332 547 456 628 υβρίζειν
472 545 586 625 ἐμποιεῖ
600 533 686 618 οῦτος
702 538 719 607 ό
735 541 864 626 Μάρκος
880 545 970 618 ἐνίαις
985 549 1043 607 τῶν
1058 550 1219 628 γυναικῶν,
1251 545 1278 606 εί
1291 543 1341 606 καί
1359 539 1393 624 μιί
1405 537 1444 602 πά·

333 669 411 725 σαις,
434 637 520 710 αῦται
535 643 672 720 πολλάκις
688 647 897 730 ἐπιστρέψασαι
912 647 952 720 είς
968 643 1022 728 τὴν
1037 648 1187 728 ἐκκλησίαν
1202 651 1256 710 τοῦ
1270 651 1346 709 θεοῦ
1364 647 1444 722 ἐξομο·

333 749 493 834 λογήσαντο
517 749 567 812 καλ
587 744 660 812 κατά
685 745 718 812 τό
740 755 822 829 σιῦμα
844 745 1023 830 τίχρειῦσθαι
1043 744 1092 811 ὑπ’
1112 745 1221 826 αῦτοῦ,
1252 749 1302 812 καί
1324 749 1445 830 ἐρωτικοῖς

332 851 414 916 πάνυ
431 848 521 916 αῦτόν
536 851 738 931 πεφιληκέναι·
769 848 839 925 τόςτε
852 852 902 914 καί
918 848 1057 916 διάκονόν
1071 876 1135 914 τινα
1149 857 1207 914 τεόν
1224 852 1255 914 ἐν
1268 857 1302 939 τῇ
1315 845 1393 936 Ἀσίγ
1405 852 1445 910 τότ

332 951 497 1038 ἡμετέρων,
525 949 740 1034 ῦποδεξάμενον
759 950 849 1018 αῦτόν
866 955 906 1028 είς
921 950 972 1016 τόν
989 949 1072 1019 οίκον
1089 949 1180 1018 αῦτοῦ
1199 961 1365 1038 περιπεσεῖν
1377 947 1446 1034 ταύτῃ

331 1064 367 1146 τῇ
384 1062 539 1142 συμφορᾷ,
568 1061 620 1137 τῆς
634 1052 773 1140 γυναικός
790 1051 882 1120 αότοῦ
898 1051 1028 1131 εῦειδοῦς
1041 1051 1242 1139 ῦπαρχοῦσης,
1263 1056 1312 1120 καί
1329 1053 1380 1136 τόν
1392 1047 1446 1136 γνό

333 1185 391 1241 μην
407 1160 457 1224 καί
473 1155 505 1222 τό
523 1165 605 1239 σῶμα
621 1159 837 1241 διαφθαρείσης
852 1153 911 1222 ῦπό
925 1163 979 1222 τοῦ
996 1155 1093 1243 μάγου
1107 1155 1214 1223 τοῦτον
1220 1207 1229 1235 ,
1250 1158 1300 1221 καί
1317 1158 1445 1234 ἐξαισίου

331 1259 468 1343 θησάοης
481 1257 561 1348 αῦτςῦ
575 1266 669 1346 πολλῷ
678 1266 717 1346 τῷ
732 1259 834 1348 χρόνῳ.
861 1256 983 1324 Ἔπειτα
997 1257 1067 1342 μετά
1082 1266 1192 1325 πολλοῦ
1205 1257 1301 1325 κόπου
1316 1265 1376 1323 τῶν
1387 1255 1445 1322 α’δελ.

332 1371 399 1444 φιῦν
415 1360 651 1447 ἐπιστρεψάντων
670 1357 793 1443 ιαὐτὴν,
812 1358 864 1426 τόν
878 1360 993 1426 ἅπαντα
1007 1363 1113 1446 χρόνον
1126 1363 1372 1446 ἐξομολογουμένη
1383 1357 1446 1422 διετέ

331 1474 408 1544 λεοε,
430 1470 582 1530 πενθοῦσα
596 1465 644 1528 καί
662 1471 813 1548 θρηνοῦσα
828 1461 873 1543 ἐφ’
891 1456 909 1553 ᾗ
925 1466 1037 1529 ἔπαθεν
1052 1461 1111 1529 ῦπό
1126 1470 1180 1528 τοῦ
1194 1461 1290 1548 μάγου
1304 1465 1445 1544 διαφθορᾷ.

333 1569 394 1634 Καὶ
410 1568 540 1650 μαθηταί
559 1561 642 1632 δέ’
605 1573 695 1632 αυτοῦ
710 1591 785 1640 τινες
800 1571 1027 1650 περιπολίζοντες
1043 1569 1099 1632 αἐν
1113 1575 1175 1642 τοῖς
1188 1563 1289 1642 αῦτοίς
1305 1568 1447 1644 ἐξαπαταν

332 1695 378 1745 τες
391 1667 564 1754 γυναικάρια
578 1666 668 1732 πολλά
685 1671 871 1754 διέφθειραν,
892 1673 1017 1744 τελείους
1030 1665 1186 1744 έαυτοῦς’
1164 1667 1403 1794 μναγορεῦοντες,
1420 1659 1448 1736 είς

214 1803 264 1850 μς.
277 1791 321 1834 m.
336 1771 461 1898 μηδενός
478 1773 639 1853 δυναμένου
658 1772 833 1854 ἐξισωθῆναι
854 1798 894 1858 τῳ
878 1773 1024 1857 μεγέθει
1044 1798 1097 1854 της
1113 1769 1246 1856 γνολσεως
1263 1769 1375 1848 αῦτῦν,
1399 1761 1448 1849 μηδ

330 1873 367 1941 όν
385 1881 521 1954 Παῦλον,
551 1871 652 1996 μηδ”
633 1899 670 1937 αν
688 1875 802 1958 Πέτρον
819 1877 918 1962 είπγς,
949 1871 1016 1956 μηδ’
1032 1871 1116 1939 άλλον
1130 1871 1194 1938 τινά
1213 1881 1272 1940 τῶν
1289 1871 1447 1942 άποστόλον,

332 1974 401 2042 άλλά
420 1981 507 2042 πλείω
525 1975 642 2041 πάντων
657 1977 825 2061 ἐγνωκέναι,
847 1978 898 2040 καί
914 2002 945 2040 το
938 1973 1088 2062 μέγεθος
1101 1983 1154 2060 τῆς
1167 1996 1300 2061 γνωσεως
1312 1971 1394 2058 τῆς
1378 1969 1447 2056 αρρέμ

330 2105 384 2144 του
403 2077 577 2160 8δυνάμεως
592 2077 703 2160 μόνους
717 2081 971 2156 καταπεπωκέναι,
1001 2075 1075 2144 εέναί
1089 2104 1119 2144 τε
1137 2076 1246 2154 αῦτοῦς
1263 2081 1295 2144 ἐν
1307 2077 1377 2158 ῦψει
1391 2072 1447 2152 ῦπέρ

331 2189 428 2246 πᾶσαν
445 2179 582 2262 δύναμιν·
605 2177 650 2245 διδ
665 2182 716 2244 καλ
732 2183 892 2265 ἐλευθέρως
905 2178 1000 2246 πάντα
1017 2180 1171 2268 πράσσειν,
1193 2182 1303 2264 μηδένα
1319 2183 1351 2246 ἐν
1365 2175 1447 2261 μηδενί
1488 2217 1489 2242 ;

332 2281 429 2365 φόβον
450 2285 574 2366 ἔχοντας.
618 2279 676 2346 Διά
697 2279 751 2367 γάρ
774 2281 827 2366 τὴν
847 2280 1044 2368 όπολῦτρωσιν
1061 2281 1243 2367 άκρατήτους
1258 2285 1309 2348 καί
1324 2277 1448 2366 όοράτονε

331 2390 463 2470 γίνεσθαι
479 2392 519 2472 τιγῐ
538 2390 630 2472 κριτῇ.
675 2387 718 2448 Et
733 2384 765 2448 δέ
782 2386 832 2449 καί
851 2384 1017 2467 ἐπιλάβοιτο
1035 2382 1146 2466 αῦτῦν,
1177 2383 1372 2466 παραστάντες
1386 2377 1447 2464 αι’τβ

331 2486 401 2570 μετά
419 2493 471 2570 τῆς
487 2483 714 2570 άπολυτροίσεως
731 2485 799 2552 τάδε
816 2489 940 2566 εἴποιεν,
964 2479 1004 2550 Ὦ
1020 2486 1145 2574 πάρεδρε
1164 2495 1240 2552 θεοῦ
1257 2490 1309 2552 καί
1328 2488 1449 2568 μυστικῆς

332 2587 413 2674 4πρό
431 2591 538 2663 αίιῦνος
554 2595 661 2673 Σιγῆς,
691 2587 730 2671 ἣν
746 2587 781 2652 τά
798 2590 906 2674 μεγέθη
923 2589 1082 2666 διαπαντός
1098 2591 1241 2674 βλέποντα
1257 2587 1292 2655 τό
1310 2587 1448 2672 πρόςωπον

331 2698 383 2758 τοῦ
400 2690 510 2776 πατρός
526 2687 623 2778 όδηγῷ
639 2712 686 2756 οοι
701 2691 751 2756 καί
768 2698 974 2778 ὗπροςαγωγεῖ
987 2698 1000 2736 ⁶
1011 2690 1144 2776 γριόμενα
1156 2689 1328 2756 άνοιοπῦσιν
1340 2687 1397 2754 άνα
1407 2685 1448 2758 τίς

332 2791 428 2858 αῦτῦν
442 2790 569 2879 μορφάς,
586 2791 622 2867 όίς
636 2790 656 2875 ἡ
669 2791 876 2878 μεγαλότολμος
891 2797 985 2878 ἐκείνη
1003 2800 1276 2876 7φαντασιασδεῖοα
1289 2791 1337 2858 διά
1350 2789 1380 2856 τό
1394 2787 1447 2872 όγε·

332 2893 392 2962 θόν
407 2903 460 2962 τοῦ
477 2893 662 2979 προπάτορος
676 2894 849 2980 προεβάλετο
864 2893 941 2980 ἡμᾶς
955 2895 1008 2973 τάς
1020 2895 1150 2976 εἰκόνας,
1171 2895 1236 2962 τότε
1251 2893 1393 2977 ένθῦμων
1403 2897 1448 2954 τῦι
1486 2941 1487 2968 Q

332 2996 391 3063 άνω
408 2995 448 3072 οἷς
464 2995 602 3062 ἐνύπνιον
618 2999 736 3080 ἐχουσα,
761 2995 827 3063 ἐδοῦ
840 2995 857 3064 ό
870 2997 971 3084 κριτὴς
984 2997 1083 3085 ἐγγῦς,
1104 3001 1155 3064 καί
1171 2996 1189 3064 ό
1203 2997 1297 3083 κῆρῦξ
1311 3023 1345 3080 με
1359 2989 1448 3060 κελεῦιι

332 3097 548 3184 ἀπολογεῖσθαι.
591 3097 637 3164 Σῦ
654 3099 694 3178 δέ,
719 3096 760 3175 οἷς
775 3102 947 3185 ἐπισταμένη
960 3100 995 3166 τοί
1012 3099 1195 3187 α’μφοτέρων,
1216 3098 1269 3166 τόν
1283 3097 1354 3184 ῦπέρ
1369 3095 1448 3180 α’μφο-

331 3203 422 3286 τέρων
436 3199 521 3284 ἡμῶν
536 3200 638 3286 λόγον,
661 3199 700 3277 οίς
712 3205 763 3267 ἕνα
780 3200 864 3282 όντα,
885 3212 925 3292 τῷ
940 3211 1023 3292 κριτῇ
1039 3202 1233 3289 παράστησον.
1275 3199 1355 3266 Ἦδέ
1370 3197 1448 3282 μήτηρ
1485 3227 1486 3250 ³

330 3305 438 3386 ταχέως
458 3300 606 3368 άκοῦσαοα
629 3303 737 3369 τούτων
757 3303 811 3387 τὴν
830 3301 988 3389 Ὁμηρικὴν
1001 3304 1105 3382 ’Ἄϊδος
1124 3306 1232 3386 κυνέην
1253 3301 1352 3380 αῦτοίς
1370 3299 1448 3380 περιέ·

331 3415 422 3487 θηκε,
445 3404 520 3490 πρός
535 3404 566 3470 τό
583 3403 714 3490 άοράτως
728 3409 865 3492 ἐκφυγεῖν
879 3405 930 3472 τόν
943 3406 1059 3491 κριτιίν,
1082 3410 1131 3472 καί
1145 3413 1321 3492 παραχρῆμα
1334 3395 1448 3468 ιίνασπά·

333 3529 406 3573 σασα
431 3503 539 3583 αῦτοῦς
559 3511 600 3583 είς
619 3504 671 3572 τόν
692 3516 835 3592 νυμφῶνα
856 3507 999 3594 εέςήγαγε,
1029 3511 1080 3574 καλ
1100 3506 1232 3574 όπέδωιιε
1249 3517 1313 3584 τοῖς
1332 3507 1449 3570 ’ἔαυτόν
1484 3569 1485 3572 ,

331 3614 479 3692 νυμφίοις.
526 3615 653 3675 Τοιαῦτα
678 3609 736 3692 9δή
761 3612 890 3695 λέγοντες
912 3613 962 3676 καί
984 3610 1157 3698 πράττοντες
1180 3613 1229 3676 καί
1256 3611 1289 3676 ἐν
1312 3617 1371 3682 τοῖς
1392 3596 1448 3670 καθ’

332 3709 411 3794 ἡμᾶς
429 3715 544 3793 κλίμασι
562 3719 614 3794 τῆς
627 3709 828 3788 Ῥοδανουοίας
844 3710 951 3788 πολλάς
965 3712 1161 3796 ἐξηπατήκασι
1174 3721 1329 3798 γυναῖκας,
1358 3712 1449 3776 αίτιτες

331 3815 607 3898 κεκαυτηριασμέναι
623 3812 676 3896 τόν
691 3817 852 3896 συνείδησιν
870 3817 903 3879 αί
918 3815 969 3896 μέν
986 3819 1035 3880 καί
1053 3818 1095 3892 είς
1114 3813 1245 3898 φανερόν
1261 3816 1449 3898 ἐξομολογοῦ*

332 3943 388 3994 ται,
411 3919 444 3980 αί
457 3917 488 3981 δέ
504 3913 724 3996 δυςωποῦμεναι
736 3923 833 3996 τοῦτο,
855 3913 948 4005 ἦσυγη
964 3917 997 3981 δέ
1010 3943 1073 3993 ποις
1087 3914 1191 3992 ἐαυτάς
1205 3913 1395 3998 άκηλπιιιυῑαι
1406 3917 1449 3992 τῆς
1483 3933 1484 4009 Q

331 4025 406 4101 ζωῆς
422 4025 475 4084 τοῦ
492 4025 581 4096 θεοῦ,
612 4019 686 4082 ένιαι
704 4017 753 4099 μίν
770 4019 811 4094 είς
827 4015 859 4082 τό
875 4019 1008 4093 παντελές
1025 4017 1203 4102 άπέστησαν,
1233 4021 1306 4084 ἐνιαι
1321 4017 1354 4082 δέ
1370 4018 1447 4092 ἐπαμ

332 4125 528 4206 φοτερίζουοι,
558 4120 609 4184 καλ
628 4115 661 4184 τό
685 4125 734 4203 τῆς
756 4123 913 4206 παροιμίας
933 4118 1117 4204 πεπόνθασι,
1148 4120 1219 4205 μήτε
1238 4123 1293 4200 ἐξω
1314 4117 1383 4202 μήτε
1401 4117 1446 4182 ίσο
1482 4189 1483 4198 ¹

366 4341 422 4394 cn.
433 4345 521 4392 111.-
537 4343 558 4392 1.
572 4337 712 4408 αῦιήνωδ
723 4347 794 4430 λιταίι
819 4348 878 4398 Gon·
943 4341 967 4398 4.
984 4347 1119 4412 προαιῦνος
1134 4347 1186 4397 ωδ.
1201 4348 1276 4397 Paris.
1294 4357 1340 4410 ρτο
1364 4353 1446 4392 ιεοιιοι

332 4415 405 4473 τρίται
422 4414 467 4460 Vct.
484 4414 602 4472 Ιιιιιηιτιε.
639 4415 708 4475 λἰιλρι
725 4409 798 4480 αῦτη.
909 4413 975 4465 habet
994 4417 1040 4466 λἰλ
1057 4417 1145 4466 Ιτεποιι·
1158 4415 1277 4476 [memm-

365 4477 412 4528 ’λ’
406 4495 430 4527 ιιι
445 4477 504 4528 iisde
491 4495 530 4528 em
543 4478 617 4527 studi·
610 4485 876 4534 ιιτιοιευττιίεΒίίίλαε.
943 4485 966 4534 5.
984 4483 1131 4549 προςαγωγῇ
1150 4485 1201 4534 οοδ
1220 4482 1291 4530 Vbnt!

365 4544 389 4597 3.
406 4544 555 4612 δυναμένους
570 4550 621 4600 ωδ.
637 4550 707 4600 venes.
942 4547 967 4604 6.
983 4553 1034 4603 δοκι
1051 4553 1140 4604 dudum
1156 4553 1191 4600 ίία
1207 4551 1348 4600 mam
1364 4560 1392 4598 ετ
1408 4545 1446 4596 λδ
1481 4525 1482 4621 Q
