2986 4996
327 343 461 396 ramma
479 343 739 396 amanuenses
756 343 820 396 aro.
834 346 854 396 r.
872 345 953 398 rou.
968 349 986 398 r.
1189 335 1231 398 65

99 460 142 544 qui
157 459 217 524 istic
232 469 302 525 ante
321 481 355 526 se
368 463 542 527 domicilium
559 463 793 542 collocaverant,
817 465 864 548 qui
885 466 998 530 undem
1016 486 1034 528 a
1050 464 1174 528 lerarum
1197 465 1228 532 vi

96 575 122 624 et
138 561 309 626 immanitate
323 583 446 628 servare
460 585 528 629 sese
544 565 719 650 potuissent.
765 563 879 648 Quibus
898 567 1003 630 auditis
1024 588 1080 630 rex
1099 569 1226 632 accersi·

93 664 125 726 tis
141 664 303 728 senioribus
324 666 505 750 interroget,
537 687 678 752 quaenam
701 667 759 731 illis
779 666 809 730 iu
828 665 934 732 ludaea
955 669 1032 734 vitae
1049 669 1142 748 ratio,
1164 679 1225 732 tum

92 767 223 848 quomodo
245 766 275 830 iu
298 777 378 832 unta
398 767 555 832 bestiarum
577 767 744 832 incursione
761 767 906 852 tantisque
922 767 1050 853 rogiorns
1065 770 1224 834 incommo-

90 867 128 928 dis
143 867 254 930 illarum
274 867 412 932 laniatum
429 889 463 932 ac
484 869 626 932 feritatem
646 869 830 953 effugissent.
876 867 922 933 llli
940 873 1113 936 constitutas
1130 895 1148 937 a
1167 874 1223 936 deo

88 966 136 1029 sibi
156 969 236 1051 leges
259 970 475 1049 demonstrant,
508 971 721 1055 prudenterque
747 973 822 1055 quod
850 983 913 1035 erat
939 973 1044 1036 rationi
1067 987 1222 1038 consenta-

88 1088 162 1132 neum
180 1070 365 1154 significant,
387 1071 493 1134 nullam
516 1071 553 1136 iis
572 1071 602 1135 io
619 1071 691 1136 loeis
711 1072 856 1135 nationem
875 1094 962 1158 posse
978 1075 1142 1139 consistere
1164 1075 1221 1139 nisi

87 1169 213 1234 divinitus
230 1173 344 1235 traditis
359 1193 411 1258 per
426 1169 552 1258 Moysen
568 1172 679 1258 legibus
694 1173 918 1257 obtemperaret,
940 1176 1024 1238 deum
1041 1176 1144 1262 quippe
1162 1189 1220 1240 ter·

86 1290 128 1333 rae
146 1273 307 1356 praesidem
323 1293 358 1337 ac
375 1285 569 1360 protectorem
591 1295 673 1354 esse,
698 1275 871 1359 minimeque
891 1275 949 1359 pati
967 1276 1003 1338 ab
1021 1279 1152 1342 externis
1168 1301 1220 1363 po·
1325 1289 1329 1297 '

87 1372 148 1454 pulis
163 1395 216 1458 per
233 1375 452 1438 simulacrorum
469 1376 575 1439 cultuur
594 1377 722 1460 aliasque
740 1377 964 1461 superstitiones
986 1378 1137 1462 quicquam
1159 1380 1218 1442 illie

86 1485 175 1538 contra
194 1475 328 1539 instituta
349 1476 499 1541 committi.
539 1473 622 1560 Quae
641 1479 736 1541 omunia
755 1475 1029 1542 Nabuchodonosor
1046 1480 1217 1563 negligenda

85 1575 190 1638 minime
210 1589 309 1656 ratos,
337 1578 472 1642 sincerae
494 1579 607 1642 illorum
634 1579 757 1642 orationi
780 1579 863 1642 fidem
881 1581 1118 1658 accommodans,
1143 1581 1216 1664 legis

84 1679 235 1762 exemplum
256 1680 398 1764 poposcit.
444 1676 537 1744 Cuius
561 1701 625 1742 cum
650 1679 692 1742 illi
709 1681 819 1765 copiam
846 1682 959 1744 abunde
980 1682 1135 1760 iecissent,
1160 1679 1217 1747 Es-

84 1777 151 1841 dram
168 1783 313 1864 quendam
330 1783 510 1845 sacerdotem
528 1781 658 1864 legisque
676 1782 823 1845 doctorem
841 1779 992 1866 Rabylone
1009 1805 1072 1846 cum
1087 1783 1136 1846 illa
1152 1783 1216 1869 ipsa

83 1876 137 1962 lege
154 1883 318 1961 destinant,
341 1894 373 1947 ut
388 1883 532 1968 Assyrios
550 1883 597 1966 qui
614 1879 776 1946 Samariam
793 1883 976 1962 incolebant,
1001 1884 1056 1948 boo
1075 1896 1121 1948 est
1135 1882 1215 1949 Cbu-

83 1979 189 2060 tbneos,
220 1983 352 2066 aliosque
374 2005 461 2069 supra
490 1994 731 2047 commemoratos
752 1977 890 2068 populos,
925 1980 1067 2048 Moesicis
1089 1986 1216 2049 decretis

84 2080 247 2148 imbuerent.
291 2085 408 2148 Accidit
433 2085 487 2148 boc
506 2085 653 2148 tricesimo
677 2085 740 2170 plus
759 2087 853 2148 minus
878 2106 972 2165 anuo,
1004 2107 1089 2170 quam
1113 2083 1214 2152 ludaei

81 2201 115 2244 ea
129 2181 233 2250 israele
251 2207 285 2250 ae
302 2185 516 2272 Hierosolymis
533 2186 674 2271 deportati
693 2185 826 2249 luissent.
868 2183 960 2270 lgitor
976 2185 1099 2267 Esdras,
1119 2200 1149 2252 et
1164 2189 1213 2272 qui

81 2304 137 2347 cum
153 2307 187 2350 eo
204 2288 326 2371 proiecti
345 2299 430 2366 sunt,
456 2285 657 2351 Samaritanae
681 2287 809 2369 regionis
828 2286 938 2352 incolas
954 2288 1106 2367 erudiunt,
1130 2287 1213 2352 inde-

80 2407 128 2469 que
142 2383 308 2452 Samaritae
324 2389 404 2469 dieti,
428 2390 476 2474 qui
492 2389 528 2452 ab
544 2387 651 2466 Esdra,
676 2409 759 2472 quem
774 2409 830 2453 rex
846 2386 998 2474 Babylone
1016 2390 1146 2468 miserat,
1169 2391 1212 2454 le-

78 2508 135 2570 gem
150 2503 337 2576 acceperuut.
383 2489 457 2555 Post
476 2491 546 2554 bace
563 2489 627 2554 aliis
647 2487 704 2553 XL
721 2491 805 2552 annis
822 2490 940 2575 elapsis,
965 2491 1104 2556 dissoluta
1120 2492 1212 2576 capti·

77 2590 158 2654 ritate
179 2590 332 2658 israelitae
354 2593 384 2656 in
408 2591 528 2678 patriam
551 2592 663 2658 reversi
685 2601 764 2655 sunt.

159 2792 230 2859 lllud
268 2817 341 2860 vero
375 2795 565 2860 admiratione
600 2793 668 2858 mibi
704 2793 820 2877 dignum
851 2796 984 2874 videtur,
1024 2796 1210 2879 quemadmo-
1228 2797 1359 2868 Cea-Vlss.

75 2897 133 2959 dom
155 2919 206 2982 pru
225 2895 270 2960 tv
295 2899 405 2962 illarum
430 2897 557 2981 gentium
582 2915 702 2960 numero
728 2895 845 2960 totidem
866 2897 897 2959 in
923 2917 960 2960 eo
982 2898 1088 2982 populo
1111 2909 1209 2964 sectae

75 3000 219 3063 coluerint.
267 2995 398 3080 Quarum
426 2999 516 3083 prima
539 3009 584 3061 est
600 2996 800 3076 Essenorum,
830 2995 871 3061 ll.
891 2996 1124 3078 Gortbenorum,
1148 2997 1207 3064 ΙΙΙ.

75 3095 284 3178 Seboaeorom,
318 3097 374 3163 lV.
394 3096 612 3162 Dositbeorum.
669 3096 734 3161 Hoc
759 3101 816 3162 erit
843 3098 984 3184 propositi
1011 3099 1094 3163 nobis
1120 3122 1208 3186 argo-

73 3203 152 3264 meoti
167 3202 355 3287 susceptique
370 3203 511 3264 adversus
529 3201 666 3262 haereses
684 3200 781 3283 operis
796 3199 922 3276 initium,
947 3221 981 3264 ao
997 3202 1119 3285 primum
1134 3204 1207 3268 mul·

75 3301 201 3384 tiplicium
217 3301 331 3366 illorum
352 3321 483 3366 errorum
500 3301 640 3385 originem
660 3301 778 3384 paucis,
802 3301 852 3364 sod
870 3301 1022 3386 perspicue
1039 3303 1204 3368 declarabo.

75 3399 215 3484 Quaenam
236 3424 308 3466 vero
328 3403 443 3466 taudem
466 3401 522 3466 alie
542 3423 609 3464 esse
626 3411 721 3486 potest
742 3403 797 3465 uisi
821 3403 895 3486 quod
913 3402 1076 3486 linguarum
1095 3424 1134 3467 ex
1157 3405 1206 3468 illa

73 3511 204 3569 annotate
223 3504 373 3569 nationum
396 3515 464 3568 serat
487 3506 561 3567 laeta
581 3503 720 3566 dissidia?
749 3503 881 3587 singulae
904 3523 991 3587 porro
1016 3505 1149 3568 nationes
1171 3525 1208 3570 ao

75 3605 189 3672 laniliae
201 3607 301 3671 varias
317 3607 345 3670 iu
363 3617 467 3690 gentes
482 3615 658 3692 propagatae
673 3606 763 3666 sunt‘l
785 3625 904 3689 quarum
919 3625 1108 3690 unaquaeque
1124 3607 1205 3671 dein-

73 3726 133 3790 ceps
155 3729 238 3772 soum
266 3708 321 3771 sibi
347 3729 443 3792 regem
472 3705 633 3770 constituit.
677 3703 727 3768 Ex
754 3727 810 3788 quo
834 3704 909 3770 bullo
931 3704 1149 3791 discordiaeque
1171 3728 1206 3770 ac

72 3809 190 3888 gentium
208 3811 286 3872 inter
303 3831 337 3873 se
359 3809 509 3872 condictus
528 3807 624 3870 exorti
644 3828 707 3869 cum
726 3806 752 3868 id
772 3807 891 3892 quisque
909 3808 983 3890 quod
1001 3807 1132 3872 libuisset
1154 3807 1204 3872 ob·

73 3909 157 3973 dcere
178 3921 316 3996 cuperet,
340 3921 370 3973 et
387 3930 461 3993 quae
476 3909 597 3972 aliorum
617 3917 700 3970 erant
717 3909 752 3970 ad
770 3929 836 3970 sese
853 3909 1052 3992 pertraheret,
1075 3908 1104 3971 id
1126 3911 1202 3993 quod

71 4007 101 4070 ab
117 4009 270 4076 insatiabili
289 4014 410 4096 quadam
425 4011 511 4073 insita
536 4009 637 4093 generi
663 4019 762 4072 nostro
781 4008 935 4094 cupiditate
960 4009 1119 4094 proiectum
1144 4022 1200 4074 est.

73 4105 116 4175 Sic
129 4113 219 4198 igituir
235 4135 301 4178 cum
317 4135 374 4176 una
387 4123 474 4196 atque
487 4110 612 4196 simplex
629 4108 824 4174 israelitarum
841 4111 944 4194 religio
961 4129 1120 4194 sacraeque
1137 4111 1202 4176 lite·

100 4365 153 4416 Gar.
171 4367 239 4417 vttt.
257 4393 288 4405 -
324 4365 346 4418 1.
362 4367 399 4417 ltu
414 4367 465 4418 cod.
472 4367 578 4429 ltbedip,
595 4369 616 4415 et
682 4359 1044 4446 t.'oaucuqdeocoe.oteetq.
1063 4367 1136 4432 Vulgo
1146 4367 1200 4420 ou-

70 4435 134 4485 edttus
150 4439 208 4486 ttae
223 4440 326 4496 umque.
649 4446 781 4500 σαφησων.

113 4515 199 4572 corpus
215 4513 343 4559 Haerealol.
356 4514 386 4558 u.
967 4521 986 4581 5
