2984 4996
338 369 473 424 Pasanda
490 371 552 424 Ldn.
565 372 584 422 1.
602 370 682 425 ΤΟΜ.
697 371 740 422 ῙΙῙ.
757 369 855 423 HAER.
866 373 947 424 XLH.
1155 363 1216 424 645

69 509 148 554 vcro
165 489 190 554 si
209 511 326 556 carnem
346 513 428 556 susm
446 489 662 570 crucifixerint,
693 489 755 554 beri
773 512 831 555 noo
847 501 960 577 potest,
993 493 1062 578 quin
1080 511 1148 556 caro
1164 513 1216 576 pro

69 588 195 658 Christo
217 615 355 680 perpessa
376 615 440 658 cam
462 589 708 678 Christo'pcriter
724 603 844 676 regnet,
874 592 902 656 id
925 595 999 678 qaod
1021 594 1078 658 adio
1099 594 1129 657 iu
1151 593 1216 658 hoco

69 695 119 758 his
139 695 236 759 verbis
254 696 434 760 demonstrat
449 695 615 780 apostolus:
649 698 732 758 Sicut
748 701 820 757 cccii
828 701 990 776 pressorum
1010 699 1119 758 Christi
1135 702 1212 772 esth,
1228 709 1364 766 a.ncr.1,r.

65 803 112 860 itu
135 810 165 860 et
180 801 303 878 glomite.

158 895 259 964 Schol.
277 895 365 964 Vidi.
399 903 496 982 Neque
516 905 587 962 curin
608 904 660 982 qui
678 903 915 962 obcumm'duntur
938 905 996 981 pst
1014 903 1101 980 legem
1122 913 1215 964 custo·
1228 915 1351 972 nunnae.

63 1009 162 1066 diunt.

154 1101 257 1168 Reiut.
276 1100 362 1168 Vibi.
397 1101 466 1166 Non
488 1101 577 1188 igitur
598 1124 652 1167 suo
670 1113 800 1188 tompore
819 1101 963 1188 prohibite
984 1113 1068 1168 vetus
1090 1103 1139 1167 illa
1158 1105 1214 1168 cir·
1329 1179 1338 1196 Ι

63 1206 210 1272 cumcisio
227 1205 290 1285 fuit,
314 1207 340 1269 si
357 1206 470 1291 quidem
485 1205 578 1288 legem
593 1205 763 1270 custodiret.
807 1201 902 1270 Porro
914 1207 964 1270 lex
979 1201 1126 1271 Christum
1142 1227 1215 1270 nun·

63 1309 162 1380 tiabat
176 1308 285 1372 idcirco
304 1308 485 1386 venientem,
515 1318 545 1371 ut
562 1307 654 1391 legem
671 1306 801 1370 liberatis
817 1307 953 1388 afferret,
982 1306 1064 1372 cuius
1079 1307 1129 1372 iilo
1144 1307 1215 1392 igu-

62 1433 131 1475 ram
154 1410 312 1497 expressit.
358 1407 539 1494 Quicumque
564 1430 635 1473 vcro
658 1409 750 1472 adhuc
774 1408 802 1470 in
827 1407 876 1471 idda
899 1409 1069 1494 signantur,
1100 1411 1214 1474 tametsi

59 1516 165 1597 legem
181 1533 295 1577 omnem
311 1511 486 1589 observent,
518 1532 576 1574 non
596 1521 690 1575 tamen
713 1510 749 1574 iis
765 1509 932 1575 observatio
954 1511 1010 1576 isto
1031 1511 1104 1598 legis
1121 1513 1214 1599 impu·

61 1615 189 1679 dabitur.
235 1611 310 1680 Cum
325 1615 401 1678 enirn
418 1613 465 1677 lex
483 1614 517 1676 de
533 1609 652 1677 Christo
670 1611 865 1698 praedixerit:
888 1617 1052 1694 Prophetam
1065 1619 1213 1678 suscitabit
1224 1629 1362 1685 nmcruu.

60 1719 146 1780 cobis
164 1722 290 1779 domebus
307 1721 374 1778 deus
388 1717 557 1800 csrntrr'bus
574 1720 641 1778 mcr's
656 1721 731 1777 st'cnt
744 1739 801 1790 mc‚·
834 1721 923 1797 ipsum
938 1721 1074 1780 audeam.-
1109 1718 1157 1802 qui
1174 1739 1213 1782 ex

60 1820 125 1884 illis
139 1815 289 1884 Christum
304 1839 360 1883 non
377 1816 532 1895 audierint,
550 1817 652 1894 horum
666 1815 848 1882 circumcisio
863 1819 1003 1904 praeputii
1017 1819 1108 1884 instar
1124 1820 1212 1884 aesti-

59 1931 180 1999 matur,
210 1921 329 2005 ipsaque
346 1919 420 2003 degis
437 1918 604 1984 observatio
623 1919 789 1985 obseruatio
807 1941 872 1985 esse
890 1921 1006 1986 desinit.
1051 1921 1107 1986 Est
1123 1921 1212 2006 igitur

58 2025 144 2088 bona
166 2022 279 2108 quidem
301 2022 367 2100 lex,
400 2021 534 2107 bonaque
557 2021 757 2102 circumcisio,
789 2045 859 2108 quas
878 2019 1026 2087 Christum
1044 2020 1211 2108 Christique

57 2125 270 2212 perfectiorem
292 2123 385 2208 legem
409 2145 443 2188 ac
464 2124 712 2190 circumcisionem
735 2123 935 2210 cognovimus.

97 2431 148 2484 nx
173 2431 333 2484 nrrsrona
358 2434 403 2484 an
429 2431 643 2494 concursuros,
671 2431 768 2495 Quam
793 2432 855 2483 rsnr
879 2431 1022 2483 scamna
1047 2433 1088 2484 sc
1112 2433 1176 2510 uos
1303 2416 1306 2424 '

397 2515 551 2568 SECUNDO
575 2517 660 2567 LOCO
684 2516 882 2568 NUMERANT.

152 2632 253 2700 Schol.
275 2633 287 2700 Ι
306 2647 336 2699 ct
353 2633 409 2700 ΙΧ.
444 2641 586 2718 Scrrptum
607 2647 650 2698 est
669 2641 755 2710 cutm,
787 2639 903 2698 Perdam
920 2643 1083 2720 sapientiam
1099 2646 1209 2722 cupreu-
1220 2652 1292 2699 acor.
1300 2656 1320 2711 1,
1328 2657 1359 2702 ιι.

59 2753 141 2813 tum,
166 2749 197 2800 et
211 2743 388 2819 prudentem
406 2743 585 2820 pudendum
606 2739 770 2820 reprobabo.

152 2837 253 2904 Reint.
274 2837 288 2903 Ι
305 2852 335 2905 et
351 2836 408 2904 ΙΧ.
445 2838 685 2926 Quandoquidem
703 2840 794 2904 exiis
812 2861 886 2924 quac
905 2862 922 2904 a
939 2842 1085 2928 prophetis
1102 2843 1211 2929 scripta

58 2953 134 3008 sunt
162 2943 311 3028 apostolus
337 2943 371 3006 ad
398 2943 531 3008 ueritatis
553 2943 743 3027 sinceraeque
765 2941 914 3008 doctrinae
939 2943 1098 3008 faciendam
1126 2946 1209 3010 iidem

57 3044 255 3109 auctoritates
272 3045 581 3131 arcessitncqucquam
600 3044 767 3124 suscitate,
793 3066 846 3109 nec
862 3068 879 3109 a
895 3044 971 3110 bono
987 3045 1116 3133 bonaque
1131 3047 1208 3112 illius

58 3147 232 3234 disciplina,
259 3146 416 3233 prophetae
438 3147 612 3232 segregandi
634 3157 713 3211 sunt.

147 3246 249 3314 Schol.
267 3245 296 3311 ΙΙ
313 3259 342 3312 et
355 3245 397 3311 Χ.
436 3253 486 3324 dr,
511 3254 734 3331 quemadmodum
751 3255 886 3332 scrtprntm
904 3261 961 3325 est,
986 3256 1037 3332 qui
1049 3255 1205 3332 glorthtur,
1221 3265 1276 3312 nto.
1288 3269 1319 3314 ιι.

58 3359 89 3415 irs
113 3352 226 3418 boucha
245 3355 397 3430 glorietur.

148 3451 250 3516 liciat.
268 3449 297 3516 ll
311 3465 339 3516 et
354 3449 397 3516 X.
434 3448 508 3518 Cum
525 3453 549 3516 is
565 3452 612 3538 qui
628 3451 769 3536 gloriatur
786 3453 813 3516 in
831 3453 946 3517 domino
964 3455 1038 3540 apud
1054 3455 1209 3542 prophetes

57 3555 147 3620 lande
166 3555 270 3638 dignus
289 3553 444 3634 habentur,
476 3555 623 3620 dominnm
642 3576 729 3641 porro
746 3555 890 3641 scriptura
912 3577 977 3620 eum
997 3557 1139 3644 intelligat
1160 3559 1209 3644 qui

57 3658 137 3744 legis
153 3657 192 3721 sit
208 3658 294 3736 deus,
319 3679 403 3742 quem
420 3667 467 3738 tu,
489 3655 623 3738 Marcio,
647 3654 773 3721 iudicem
790 3669 818 3721 ct
835 3653 1025 3740 Creatorem,
1048 3682 1082 3725 ac
1098 3658 1208 3725 lustum

57 3761 214 3839 nomines,
239 3781 297 3823 non
312 3770 408 3845 potest
423 3758 469 3823 hic
488 3760 561 3824 adius
578 3780 644 3823 esse
662 3781 746 3844 quam
764 3757 875 3826 Christi
893 3771 992 3848 potor,
1025 3763 1106 3827 cuius
1123 3744 1211 3827 disci:

57 3864 146 3950 polus
165 3873 212 3925 est
227 3859 350 3944 Paulus3
374 3863 603 3946 quandoquidem
620 3883 637 3927 e
656 3863 813 3949 prophetae
831 3864 962 3928 doctrina
978 3865 1106 3948 gentium
1125 3865 1208 3930 insti-

57 3977 142 4029 tutus
166 3985 182 4027 a
199 3960 318 4028 Christo
339 3965 477 4049 magister
492 3961 618 4045 Paulus,
650 3985 690 4028 ex
706 3966 807 4030 iisdem
825 3966 941 4051 inquam
956 3966 1104 4032 doctrinae
1122 3967 1207 4030 donti-

57 4069 115 4132 bus
133 4065 215 4132 veiut
230 4065 417 4132 clarissimam
433 4088 536 4152 equam
553 4067 708 4147 hauriens,
732 4067 915 4133 commissam
929 4067 983 4132 sihi
999 4067 1145 4154 perfundit
1159 4090 1207 4132 ec·

57 4170 193 4235 ciosiam.

147 4267 249 4335 Schoi.
270 4265 316 4334 ΙΙΙ
334 4279 362 4334 et
376 4268 435 4335 xl.
469 4277 627 4355 Prshcr'pum
648 4277 732 4338 burin
752 4277 855 4350 sccuh',
880 4280 931 4356 qui
948 4285 1128 4338 mactantur.
1219 4299 1331 4356 napus.

90 4526 136 4581 97.
153 4523 207 4578 Καὶ
222 4531 275 4578 ande
290 4524 331 4580 bru
347 4530 410 4580 abest
425 4544 506 4592 sapen.
633 4571 636 4580 .

90 4594 135 4649 98.
151 4596 195 4647 scs
212 4599 275 4647 coca
291 4598 321 4646 co
337 4598 391 4647 ceu
402 4600 478 4660 prae
512 4601 551 4652 aa
563 4600 949 4657 carcassonenses.
