2984 4996
265 236 326 300 604
687 247 808 300 οεαοτι
827 249 996 302 εοιεεικαιι

267 387 316 444 σεν
339 366 389 430 ἕνα
411 362 495 430 άίίον
518 363 600 432 θεόν.
642 361 676 430 ‘O
696 365 728 430 δὲ
747 362 902 451 γενόμενος
926 364 1011 444 όλίος
1031 364 1106 444 θεός
1127 367 1219 434 ίκτισε
1243 366 1279 434 τά
1304 364 1405 444 πάντα,

265 465 394 551 οὐρανόν
409 470 459 532 καὶ
473 476 535 554 γῆν,
558 469 609 534 καί
623 467 719 534 πάντα
734 465 769 532 τά
786 469 818 533 ἐν
834 475 875 556 τῷ
893 467 1002 559 κόσμῳ.
1045 466 1154 552 ’Λπίβη
1168 470 1200 536 δὲ
1214 466 1269 535 αόκ
1284 465 1405 554 όγαθός,

266 571 318 635 καί
343 567 380 634 τά
405 567 454 634 ὕπ’
482 567 573 636 αότοῦ
595 568 752 656 γενόμενα,
775 571 883 652 φησὶν,
910 569 965 637 οῦκ
988 568 1111 657 άγαθιῦς
1129 571 1321 657 εἰργασμένα,
1342 567 1405 636 dua*

173 721 179 732 .
267 669 341 738 κατά
363 671 416 755 τήν
439 669 531 738 αότοῦ
554 671 670 754 φαόίην
693 671 828 738 διάνοιαν
850 671 910 738 4τά
932 670 981 738 όττ’
1004 669 1096 740 αότοῦ
1117 676 1251 740 ἔκτισται

132 765 198 832 Κῑθ
218 761 249 836 β·
356 772 490 852 Τίςδέ’
472 801 507 840 αν
509 776 653 852 ἕξεται
612 801 672 840 των
685 801 829 840 τοιουτων
842 773 950 861 λογων
973 777 1024 842 καί
1039 801 1076 842 ου
1068 773 1199 857 ’μᾶλλον
1212 772 1407 899 καταγείόσεμ

268 887 320 962 τής
334 879 471 960 τοιαύτης
488 881 715 1004 ματαιοπονίας,
739 874 824 942 Κανά
847 875 902 962 γάρ
925 876 981 944 δόο
1004 876 1133 964 τρόπους
1149 874 1342 963 εὑρεθήσεται
1360 874 1407 958 οόγ

269 979 431 1105 άρμοδίτρς
441 979 591 1066 πράττων,
621 982 769 1064 χριόμενος
790 985 827 1069 τῇ
852 976 973 1070 τοιαότη
987 975 1129 1069 όπονοία.
1173 981 1234 1044 Καί
1257 977 1308 1046 διά
1330 987 1406 1044 τοῦτο

267 1081 343 1168 πρός
360 1080 450 1148 αὐτόν
472 1109 512 1158 ως
533 1079 607 1168 πρός
627 1080 759 1168 παρόντα
777 1084 851 1166 ἐρεῖ,
873 1083 950 1168 Λέγε
967 1108 1033 1165 μοι,
1056 1075 1081 1148 ό
1098 1074 1197 1159 οὗτος·
1220 1081 1380 1158 δόσεις
1347 1109 1405 1204 γαρ,

269 1214 292 1252 ω
279 1179 488 1268 ’Ἀπείίῆ,
467 1213 486 1268 η
503 1182 555 1249 τόν
568 1181 678 1248 θεόν’
659 1206 808 1270 αγνωστυν
826 1191 885 1250 τῦν
900 1181 1061 1266 μελλόντων
1083 1183 1269 1269 πεποιηκότα
1285 1181 1392 1248 θεόν“
1376 1211 1407 1248 ον

267 1288 391 1371 φάσκεις
417 1286 454 1352 τό
482 1285 631 1370 ποιήματα
662 1285 726 1352 ιοῦ
748 1293 842 1363 καλῶς
871 1288 1176 1372 Ξδεδημιουργηκέναι
1200 1285 1221 1370 ή
1248 1285 1405 1372 ’προγινόε

268 1415 377 1458 σκοντα
403 1390 456 1472 μέν
480 1387 525 1454 ότι
547 1396 681 1466 τοιοῦτος
703 1386 721 1454 ό
743 1385 793 1454 ὑπ’
817 1387 910 1455 αὐτοῦ
928 1387 1093 1471 κνιζόμενος
1114 1388 1184 1466 θεός
1208 1386 1405 1472 *ἐπιβήσεται

267 1493 375 1560 τούτου
394 1491 479 1576 χάριν
501 1487 591 1557 αότόν
614 1493 818 1574 πεποιηκέναι,
839 1493 890 1558 ἵνα
913 1495 1007 1567 αίτιος
1029 1493 1143 1577 γίνηται
1162 1498 1222 1558 τόν
1242 1498 1344 1568 κακῶς
1362 1488 1406 1554 όκ’

269 1593 362 1661 αότοῦ
383 1596 708 1680 ὁδεδημιουργημένων.
754 1596 812 1658 Καὶ
834 1595 914 1660 ἔσται
935 1593 1095 1672 ἐξάπτοντες
1113 1590 1131 1659 ό
1149 1591 1210 1660 όνω
1231 1592 1306 1670 θεός
1326 1591 1407 1668 αῦτός

197 1745 202 1764 .
269 1694 462 1782 δημιουργός,
491 1695 617 1780 ποιήσας
639 1695 690 1762 τόν
713 1698 765 1762 ἕνα
787 1695 839 1763 τόν
858 1696 893 1761 τά
915 1695 1012 1762 πάντα
1033 1695 1232 1779 πεποιηκότα,
1261 1698 1313 1762 καὶ
1333 1699 1406 1762 ἔσται

269 1797 366 1866 οόκέτι
379 1803 472 1874 αίτιος
490 1796 508 1865 ό
521 1797 573 1876 τάς
590 1804 695 1874 κτίσεις
708 1798 893 1883 πεποιηκός,
915 1795 985 1863 άίίά
1001 1795 1019 1865 ό
1033 1796 1094 1864 άνω
1107 1795 1179 1876 θεός
1193 1796 1212 1864 ό
1227 1797 1281 1866 τόν
1298 1797 1405 1880 κτιστήν

268 1901 413 1994 ποιήσας,
435 1904 486 1966 καί
507 1899 550 1967 τόν
572 1899 662 1978 αότός
682 1908 740 1968 τῶν
761 1903 880 1968 πάντων
901 1901 1089 1988 δημιουργός.

356 2001 485 2088 Χριστόν
508 2005 540 2070 δέ
561 2004 643 2089 ήκειν
665 2002 725 2096 φής
746 2002 791 2072 ἐπ’
806 2002 933 2090 ἐσχάτων
954 2011 1013 2072 τῶν
1031 2010 1158 2088 καιρόν,
1181 2001 1249 2069 υίόν
1271 2001 1341 2070 ὄντα
1359 2011 1405 2068 τοῦ

269 2106 329 2172 άυω
348 2104 467 2192 άγαθοῦ
485 2113 574 2187 θεοῦ,
597 2110 646 2172 καί
667 2105 700 2172 τό
718 2103 802 2192 άγιον
824 2105 916 2171 αὐτοῦ
935 2113 1065 2191 πνεῦμα,
1090 2104 1226 2184 εόςαότως
1249 2109 1300 2172 ἐπί
1323 2129 1404 2188 σατη·

269 2215 318 2298 ρίμ
340 2215 399 2274 τῶν
413 2211 455 2285 είς
471 2216 577 2294 γνῶσιν
594 2207 686 2276 αότοῦ
703 2211 881 2304 ἐρχομένων,
904 2210 952 2274 καί
973 2207 1100 2276 ἐλθόντα
1121 2235 1157 2275 ου
1149 2207 1300 2294 ’δοκήσει
1318 2233 1403 2290 κεφη
1477 2199 1478 2210 ¹

268 2314 366 2390 νέναι,
389 2309 460 2376 άίίά
476 2314 508 2378 ἐν
524 2309 647 2400 άίηθείμ
664 2311 759 2399 σάρκα
777 2313 941 2395 εἰληφέναι,
963 2309 1018 2378 οόκ
1041 2309 1100 2378 άπο
1094 2311 1244 2398 Μαρίας
1267 2319 1320 2395 τῆς
1338 2338 1403 2394 καρ·
1478 2307 1479 2310 “

268 2415 378 2495 δίνου,
402 2410 471 2478 άίίά
488 2411 631 2497 άίηθινήν
647 2416 701 2498 μὲν
720 2413 919 2500 ἐσχηκέναι
885 2441 938 2498 την
961 2412 1056 2501 σάρκα
1073 2441 1123 2480 και
1143 2436 1242 2498 σωμα,
1266 2412 1332 2482 οῦτε
1352 2411 1405 2478 άττό

269 2517 434 2598 σπέρματος
453 2513 569 2602 άνδρός,
592 2514 659 2584 οὔτε
677 2515 736 2584 άπό
754 2516 895 2604 γυναικός
910 2518 1076 2604 παρθένου,
1098 2514 1154 2582 άίί’
1170 2518 1233 2600 ἔσχε
1251 2515 1355 2641 μέγ’
1319 2539 1406 2602 σαρτσ

270 2615 416 2701 άίηθινήν
440 2617 533 2706 τούτῳ
558 2625 599 2708 τῷ
621 2619 735 2708 τρόπῳ·
769 2623 843 2700 Καί,
865 2621 973 2702 φησίν,
1002 2622 1034 2685 ἐν
1054 2626 1095 2708 τῷ
1115 2617 1296 2705 ἔρχεσθαι’
1276 2617 1335 2684 από
1355 2625 1407 2684 τόν

271 2723 470 2807 ἐπουρανίων,
496 2714 588 2802 ήίθεν
608 2725 649 2798 είς
667 2723 721 2806 τήν
738 2731 808 2809 γῆν,
830 2726 881 2788 καὶ
901 2721 1061 2808 συνήγαγεν
1085 2723 1179 2810 ἐαυτῷ
1194 2718 1255 2788 όπό
1274 2729 1334 2788 τόν
1354 2742 1407 2786 κει

270 2822 368 2907 σάρων
382 2827 527 2906 στοιχείων
543 2831 634 2906 σῶμα.
680 2827 740 2890 Καί
758 2833 822 2902 πῶς
840 2827 890 2892 καί
906 2817 992 2901 οῦτος
1006 2821 1063 2890 οῦκ
1080 2827 1222 2910 ἐπείγεται
1237 2827 1281 2900 είς
1298 2823 1330 2890 τό
1352 2851 1407 2906 φοι

142 2944 191 2991 με·
204 2933 248 2980 Μ
269 2933 402 3012 ραθήναι
418 2923 510 2992 αῦτοῦ
525 2925 578 3010 τήν
592 2923 715 3010 άνομίαν
730 2924 954 2996 άκοίουθοῦσαν
970 2936 1033 3004 ταῖς
1045 2933 1105 2992 τόν
1123 2934 1257 2992 παίαιῦν
1270 2923 1408 3010 ‘mrim

269 3035 400 3112 ποιητῶν
421 3031 487 3116 περὶ
508 3035 560 3112 τῆς
578 3035 760 3110 κενοφωνίας
781 3029 888 3113 ταύτης
908 3029 1021 3108 δόξαιςς
1046 3027 1157 3096 Φάσιιει
1176 3027 1232 3116 γάρ
1256 3031 1310 3096 καί
1328 3023 1409 3105 οὗτος

270 3126 310 3208 τός
336 3133 455 3210 ἐκεῖνοι,
486 3134 537 3196 καί
561 3133 603 3198 ἐτι
626 3135 815 3219 ψυχροτέρως
839 3131 906 3220 παρ’
931 3134 1061 3208 ἐκείνους
1084 3133 1190 3218 λέγων,
1218 3129 1271 3198 τόν
1299 3140 1408 3216 σωτῆρα

269 3235 363 3322 ἑαυτῷ
381 3231 609 3317 ὑποστήσασθαι
628 3233 660 3301 τό
683 3243 772 3319 στῦμα.
814 3233 887 3302 Ἀπό
909 3234 963 3322 γάρ
989 3241 1042 3302 τοῦ
1064 3239 1156 3321 ξηροῦ
1177 3232 1209 3301 τό
1231 3234 1337 3322 ξηρόν,
1362 3237 1407 3300 καί

269 3333 328 3402 άπό
347 3343 400 3401 τοῦ
418 3345 533 3422 θερμοῦ
550 3336 582 3402 τό
604 3337 733 3425 θερμόν,
755 3341 806 3404 καί
829 3337 888 3406 άπό
910 3345 963 3405 τοῦ
981 3335 1073 3424 όγροῦ
1097 3335 1130 3402 τό
1151 3333 1260 3422 όγρόν,
1282 3341 1332 3404 καί
1352 3335 1406 3404 άκιί

269 3446 322 3504 τοῦ
338 3445 457 3525 ψυχροῦ
471 3438 504 3505 τό
520 3439 648 3526 ψυχρόν·
671 3443 720 3506 καί
738 3441 833 3520 οὕτως
848 3440 960 3518 πλάσας
973 3441 1066 3530 ἐαυτῷ
1087 3446 1172 3524 σῶμα
1193 3436 1343 3523 άληθιντῦς
1360 3441 1404 3504 κέ-

270 3567 363 3624 φηνεν
379 3543 411 3606 ἐν
426 3541 543 3632 κόσμῳ,
566 3545 617 3608 καί
640 3546 769 3621 ἐδίδαξεν
785 3541 863 3628 ήμός
875 3542 929 3628 τήν
946 3540 1008 3612 όνεο
1023 3549 1144 3629 γνοῦσιν,
1165 3551 1359 3628 καταφρονεῖν
1377 3565 1402 3606 τε

268 3651 322 3710 τοῦ
346 3647 544 3730 δημιουργοῦ,
571 3648 621 3712 καί
645 3644 797 3731 άρνεῖσθαι
822 3645 915 3713 αότοῦ
937 3645 973 3713 τά
993 3649 1080 3732 ἔργα,
1108 3640 1269 3722 όττσδείξας
1288 3643 1402 3728 ήμῖνέε

269 3751 341 3835 ποίη
358 3753 458 3836 γραφῇ
480 3747 552 3812 ποῖά
577 3751 637 3816 ἐστι
653 3747 689 3813 τά
707 3749 793 3831 φύσει
813 3753 842 3828 ἐξ
863 3747 954 3816 αῦτυῦ
969 3751 1122 3835 είρημένα,
1143 3749 1194 3814 καί
1208 3747 1282 3814 ποῖά
1301 3751 1355 3814 ἐστι
1370 3743 1400 3810 τά

268 3846 328 3916 άπό
346 3857 399 3916 τοῦ
418 3853 608 3936 δημιουργοῦ.
655 3849 756 3928 Οότως
770 3850 841 3939 γάρ,
863 3856 969 3937 φησίν,
991 3855 1049 3935 ἐφη
1067 3853 1153 3938 ἐντῷ
1169 3846 1336 3940 εόαγγελίμ,
1357 3851 1398 3914 ss·

268 3961 372 4018 νεσθαι
397 3949 515 4035 δόκιμοι
538 3960 712 4039 τραπεζῖται.
758 3961 831 4040 Χρῦ
854 3954 926 4042 γάρ,
953 3957 1062 4038 φησίν,
1091 3949 1150 4018 άπό
1175 3950 1273 4034 πάσης
1296 3957 1398 4039 γραφῆς

269 4051 417 4138 άναίίγων
433 4053 468 4120 τά
482 4055 615 4140 χρήσιμα.
651 4055 737 4138 Eira,
761 4061 863 4140 φησὶν,
885 4061 994 4125 ἔδωκεν
1010 4054 1028 4125 ό
1043 4053 1169 4142 Χριστός
1185 4055 1289 4123 ἑαυτόν
1302 4064 1397 4122 παθεῖν

269 4159 301 4223 ἐν
322 4155 402 4246 αὐτῷ
424 4165 464 4247 τῷ
488 4157 616 4241 σοι’ματι,
637 4162 687 4226 καὶ
709 4158 885 4246 ἐστανρσέθη
909 4163 941 4226 ἐν
959 4159 1098 4250 άίηθείρ,
1119 4162 1172 4228 καί
1193 4161 1298 4238 ίδειξεν
1315 4155 1394 4238 σόεήν

301 4293 326 4346 4.
344 4301 450 4348 Fortasse
466 4293 553 4351 πάντα.
890 4301 914 4351 ’ἐ
936 4303 1015 4384 qua
1020 4300 1341 4386 δεδημαρχηκότα--

305 4363 362 4413 Gn.
380 4368 460 4414 u.-
495 4369 516 4416 1.
536 4361 564 4420 ου’
580 4369 665 4430 καλῶς
682 4371 732 4420 ανδ.
749 4373 820 4421 Velie.
855 4371 908 4430 κῶς
929 4362 970 4421 διό
994 4365 1089 4436 αόταῦ,
1119 4384 1179 4432 ςυστ
1202 4385 1248 4420 non
1278 4367 1391 4429 νοσεουσί

268 4432 356 4490 κακῶς
380 4437 474 4484 coniecit
498 4437 614 4488 Ρτιαυιυτ.
661 4439 746 4497 καλῶς
770 4441 823 4490 libri
855 4441 881 4488 τ’τι
896 4440 950 4488 εστι
966 4443 1056 4501 princ„
1079 4440 1191 4490 Petamus
1204 4441 1336 4490 mma
1349 4432 1391 4484 ινδ

269 4503 324 4552 edm
340 4505 362 4550 τί
377 4503 427 4554 cod.
443 4505 564 4567 ίίπτδίριτ.
859 4508 979 4558 mimo.
