3006 4990
279 297 319 361 90
700 309 1004 362 ειυοτιτειτιιιειιι

510 469 649 539 ΚΑΤΑ
676 467 1197 540 ΗΜΕΡΟΒΑΠΤΙΣΤΩΝ.

278 581 431 682 Τετάρτη
459 585 580 683 αἵρεσις
601 582 666 658 ἀπὸ
693 587 752 658 τοῦ
771 581 996 677 Ἰουδαϊσμοῦ,
1023 581 1292 677 ἑπτακαιδεκάτη
1316 581 1413 678 δὲτή

758 699 943 800 ἀκολουθίᾳ.

145 849 212 917 Κεφ.
229 849 262 902 α’.
368 830 496 908 Ταύταις
512 832 544 898 δὲ
561 834 717 898 συνέπεταί
736 857 781 908 τις
798 834 909 916 α’ίρεσις
924 828 1199 917 Ἦμεροβαπτιστοῖν
1218 830 1296 898 ούτιο
1316 838 1413 898 καλου·

169 959 221 1005 εῑε·
234 949 266 994 ³²·
281 935 371 1018 μένη,
393 935 484 1018 μηδὲν
499 935 551 1016 μίν
565 933 805 1018 παραλλάττουσα
818 940 878 998 τοῖν
892 931 996 1012 ἀλλων,
1018 931 1076 998 ἀλλ’
1090 937 1138 998 ίσα
1149 939 1209 1000 τοῖν
1227 934 1414 1018 Γραμματίσν

276 1039 328 1102 καλ
350 1041 522 1120 Φαρισαίων
544 1043 713 1119 φρονοῦσα,
737 1032 774 1100 ού
798 1031 857 1116 μήν
880 1035 1050 1117 ἐξισουμίνη
1071 1043 1133 1110 τοῖς
1151 1039 1367 1110 Σαδδουκαίοις
1386 1036 1414 1098 ἐν

275 1145 312 1228 τῇ
336 1145 395 1204 τῶν
417 1144 529 1222 νεκροῖν
553 1134 707 1202 ἀναστάσει
730 1133 840 1218 μόνον,
867 1133 938 1200 ἀλλά
956 1143 1001 1225 τῇ
1015 1135 1134 1224 ἀπιστίᾳ
1159 1138 1212 1202 καλ
1232 1145 1295 1212 τοῖς
1317 1135 1414 1212 ἀλλοις.

281 1247 375 1304 Τοῦτο
393 1239 425 1304 δέ
441 1235 577 1323 περιττάν
592 1237 667 1319 αῦτη
682 1238 844 1320 κεκτημένη
860 1234 1019 1322 ήαῗρεσις,
1043 1235 1084 1313 ἀς
1099 1241 1132 1304 ἐν
1149 1241 1214 1320 ἐαρί
1227 1263 1258 1304 τε
1271 1240 1322 1304 καί
1339 1261 1413 1320 μετα·

276 1339 385 1429 παύρῳ,
407 1343 525 1422 χειμῶνί
539 1363 570 1404 τε
587 1341 640 1404 καλ
661 1341 759 1424 θέρει,
781 1337 904 1404 πάντοτε
925 1341 1103 1424 καθημίραν
1120 1343 1327 1422 βαπτίζεσθαι,
1348 1338 1415 1404 ὅθεν

275 1444 327 1508 καλ
347 1440 638 1525 ΙἩμεροβαπτιστῦν
658 1445 759 1524 είληφε
775 1437 829 1522 τήν
844 1443 1021 1522 ἐπωνυμίαν.
1054 1439 1191 1522 Ἔφασκε
1208 1440 1263 1528 μάρ
1281 1440 1357 1522 αῦτη
1371 1438 1414 1504 ἀλ-

275 1551 333 1619 λως
353 1569 418 1619 πως
438 1539 478 1625 μή
498 1539 572 1607 είναι
591 1549 643 1624 ζῆν
665 1541 835 1630 ἀνθρώπω,
856 1545 882 1606 τί
899 1540 941 1624 μή
954 1567 980 1606 τι
997 1539 1056 1626 ἀρα
1073 1539 1144 1607 καθ’
1163 1542 1287 1625 ίκάστην
1309 1540 1415 1628 ήμέραν

275 1642 443 1728 βαπτίζοιτύ
461 1669 506 1719 τις
527 1646 560 1710 ἐν
582 1643 684 1725 ῦδατι,
707 1641 927 1726 ἀπολουύμενδς
949 1667 980 1708 τε
1001 1646 1052 1709 καλ
1075 1643 1262 1730 ύμνιζύμενος
1282 1642 1343 1710 ἀπδ
1359 1641 1415 1710 ποί·

276 1768 330 1829 σης
352 1749 454 1820 αίτίας.

144 1867 211 1934 Κεφ.
228 1863 260 1937 β’.
363 1847 448 1932 Πράς
467 1845 577 1930 ταύτην
596 1849 628 1913 δέ
648 1849 700 1913 καί
721 1844 814 1928 αύτήν
835 1849 865 1924 ἐξ
883 1844 949 1922 ἐνδς
970 1844 1060 1931 λύγον
1076 1844 1149 1930 ήμῖν
1169 1844 1324 1932 ἀνατροπὴ
1339 1843 1417 1930 γενή-

276 1971 370 2030 σεται,
392 1948 439 2016 δτι
460 1946 595 2024 ἀπιστίας
615 1947 683 2033 παρ’
698 1946 801 2023 αύτοῖς
816 1955 923 2030 μᾶλλον
940 1946 961 2031 ή
975 1953 1097 2024 πίστεως
1113 1952 1145 2014 τί
1162 1947 1253 2034 λύγοι.
1293 1945 1418 2031 'Eunu

275 2051 332 2137 μάρ
353 2047 462 2126 αύτούς
478 2048 499 2133 ή
518 2054 682 2132 συνείδησις
703 2047 800 2115 αύτοῦν
820 2047 890 2115 καθ’
913 2048 1037 2132 ἕκύστην
1060 2047 1173 2135 ήμέραν
1190 2051 1416 2133 βαπτιζομίνων,

277 2151 319 2230 τίς
334 2152 380 2218 ὅτι
395 2149 417 2234 ή
436 2155 517 2228 ἐλπίς
530 2159 582 2235 τῆς
602 2153 674 2235 χθές
688 2148 800 2236 ἡμέρας
815 2147 883 2236 παρ’
899 2149 1001 2227 αύτοῖς
1016 2153 1156 2234 τέθνηκε,
1178 2151 1229 2216 καλ
1245 2147 1267 2232 ή
1281 2155 1378 2225 πίστις
1390 2171 1417 2212 τι

275 2257 327 2322 καὶ
342 2251 361 2320 δ
374 2251 524 2340 ἀγνισμός.
568 2257 612 2318 Et
629 2255 682 2337 μὲν
697 2251 752 2338 γάρ
768 2255 800 2318 ἐν
815 2254 860 2318 ἐνί
874 2257 1051 2337 βαπτίσματι
1068 2255 1231 2334 ἐστοίχονν,
1253 2249 1313 2336 ἀρα
1331 2248 1418 2334 ἐθάρ-

276 2384 350 2442 ρουν
367 2355 479 2444 τούτῳ,
502 2353 541 2431 ω’ς
557 2362 640 2434 ζῶντι
655 2355 707 2420 καλ
723 2350 864 2442 ἀθανάτφ
882 2352 944 2420 ὄντι
960 2359 1002 2431 τίς
1019 2354 1071 2422 τύν
1089 2357 1198 2420 αίιῦνα·
1219 2351 1311 2420 ὁπότε
1325 2354 1357 2418 δὲ
1372 2350 1418 2434 σή

276 2483 366 2542 μερον
381 2458 434 2540 μὲν
449 2456 614 2538 ἐλούσαντο,
637 2455 692 2540 ούχ
704 2457 800 2521 ίντκεν
814 2453 947 2532 πλύσεως
961 2455 1110 2538 σήματος,
1129 2453 1201 2522 ἀλλά
1217 2457 1314 2522 ἐνεκεν
1330 2451 1418 2537 ἀμαρ-

276 2557 425 2641 τημάτων,
446 2556 505 2642 ἀρα
522 2556 584 2622 κατ’
601 2555 710 2634 αύτούς
724 2560 927 2640 ἐκαθαρίσθη,
950 2549 1043 2634 αὖθις
1057 2559 1089 2622 δέ
1106 2565 1142 2647 τῇ
1158 2559 1225 2639 ἑξῆς
1237 2554 1327 2622 πάλιν
1337 2552 1416 2622 λουό-

276 2684 357 2742 μενοι
374 2657 563 2742 ἀπεφήναντο
582 2656 615 2724 τδ
636 2657 788 2743 παρελθάν
810 2661 841 2724 ἐν
862 2666 899 2747 τῇ
920 2659 992 2741 χθὲς
1014 2658 1154 2724 τεθνάναι
1178 2658 1338 2741 βάπτισμα.
1381 2657 1420 2720 Εί

278 2759 318 2844 μή
335 2760 391 2846 γάρ
410 2759 443 2826 τύ
463 2759 522 2846 πρδ
540 2766 609 2843 μιᾶς
625 2759 791 2843 ἐτεθνήκει,
814 2757 870 2826 ούκ
884 2758 922 2824 ἀν
937 2762 979 2835 είς
999 2758 1053 2842 τήν
1069 2761 1135 2842 ἑξῆς
1150 2761 1251 2842 ἐτέρου
1268 2760 1417 2826 ἐπεδέοντο

276 2861 353 2948 πρύς
379 2861 569 2948 καθαρισμδν
598 2859 823 2946 ἀμαρτημάτιον.
867 2863 928 2926 Καὶ
954 2864 982 2925 εί
1006 2861 1081 2936 ὅλας
1105 2860 1161 2926 ούκ
1186 2859 1344 2944 ἀπέχονται
1369 2867 1418 2926 τοῦ

277 2962 471 3050 ύμαρτύνειν,
492 2969 657 3047 νομίζοντες
679 2962 724 3028 δ’τι
745 2961 779 3030 τύ
803 2963 884 3045 ὕδωρ
902 2967 1060 3048 καθαρίσει
1083 2961 1153 3038 τούς
1177 2966 1332 3046 ἐνδελεχῶς
1352 2959 1418 3028 καθ’

278 3065 405 3149 ἑκάστην
420 3064 655 3152 ἀμαρτύνοντας,
677 3063 799 3146 μάταιος
818 3062 950 3147 αύτοῦνή
965 3062 1108 3143 ύπύνοια,
1129 3066 1180 3129 καλ
1195 3064 1229 3130 τδ
1244 3065 1420 3148 ἐπιτήδευμα

276 3172 413 3253 φροῦδον
428 3171 480 3236 καλ
500 3170 598 3234 ἕωλον.
645 3164 722 3232 Ούτε
738 3165 794 3251 γάρ
809 3163 964 3246 Ὠκεανός,
985 3164 1053 3232 ούτε
1067 3164 1164 3231 πάντα
1184 3165 1221 3230 τά
1243 3170 1352 3252 ῥεῖθρα
1372 3167 1420 3232 καί

277 3268 403 3354 πελάγη,
424 3273 551 3350 ποταμοί
567 3294 598 3334 τε
621 3265 740 3333 ἀένναοι
754 3269 806 3332 καί
822 3269 929 3352 πηγαί,
951 3270 1034 3333 πῦσά
1047 3293 1078 3334 τε
1095 3265 1116 3350 ή
1131 3265 1316 3352 ἀμβροτύκος
1333 3266 1421 3349 φύσις

278 3378 462 3437 συνελθοῦσα
479 3369 602 3436 δύναται
617 3367 812 3452 ἀμαρτήματα
830 3366 982 3450 ἀφανίσαι,
1005 3369 1161 3454 ἐπειδήπερ
1178 3367 1216 3434 ού
1233 3367 1419 3454 κατὰλόγον,

278 3471 348 3540 οῦδὲ
363 3475 397 3538 ἐκ
410 3470 632 3557 προςτάγματος
646 3477 721 3536 θεοῦ
736 3475 853 3556 γίνεται.
900 3469 1055 3537 Μετάνοια
1069 3471 1126 3557 γάρ
1142 3476 1304 3554 καθαρίζει,
1325 3467 1419 3536 καλτδ

276 3580 311 3642 ἓν
336 3573 486 3658 βάπτισμα
508 3572 558 3638 διά
584 3579 638 3656 τῆς
661 3567 721 3638 τῦν
744 3576 912 3656 μυστηρίων
936 3569 1103 3655 ὀνομασίας.
1147 3570 1373 3658 Παρελεύσομαι
1391 3571 1421 3634 δὲ

277 3677 328 3744 καλ
349 3673 475 3757 ταύτην,
503 3673 656 3759 αύτύριιας
679 3672 864 3760 ήγησάμενος
887 3671 978 3740 ιτόδε
1002 3677 1035 3740 ἐν
1057 3671 1143 3764 ἀλίγφ
1165 3672 1198 3740 τύ
1224 3671 1352 3756 ἀλέξημα
1372 3680 1422 3756 τῆς

279 3775 378 3844 αὐτῶν
403 3781 631 3861 φρενοβλαβείας
654 3773 816 3854 ἀποδεῖξαι.
855 3774 944 3852 Ἕως
969 3777 1115 3843 ἐνταυθοῖ
1135 3785 1199 3853 ταῖς
1218 3773 1422 3862 ἐντυῃύνονσι

277 3881 472 3945 συντέτακται.

322 4081 379 4134 (λιν.
396 4085 465 4134 1.-
501 4085 522 4136 ί.
545 4087 611 4136 Libri
630 4087 700 4148 υνλςα
724 4079 834 4150 Ἡμεςο-
903 4083 961 4134 θεν.
976 4086 1058 4135 11.·-
1089 4087 1111 4136 1.
1127 4088 1227 4148 αιφοευι
1239 4079 1420 4147 τάδεμτοτδιι

280 4147 425 4218 βαπτιστήν.
460 4155 527 4214 Quod
540 4156 622 4202 οίίίιιτιι
640 4156 690 4201 iam
707 4155 834 4203 comorius
867 4153 930 4214 quod
952 4155 1035 4202 τθίυιιι
1057 4157 1166 4204 librorum
1183 4157 1223 4203 οτι
1257 4155 1355 4204 petavio
1370 4154 1420 4214 ρία-

278 4221 304 4268 tn
319 4221 420 4270 νιττλοπε
436 4235 482 4271 ενα
498 4223 585 4271 latim
601 4223 701 4272 ειιείαίίί.
867 4222 915 4270 τισί
930 4216 969 4272 τδ.
