3010 5000
325 327 458 380 ranunn
478 327 996 382 uta.1.‘ron.1n.nann.xxxvn.
1135 319 1141 328 '
1173 321 1235 383 495

81 447 229 510 trinsecus
244 447 380 527 ascitum,
404 459 435 512 ct
448 469 466 511 a
481 448 565 512 nohis
581 469 696 512 rursum
712 447 798 512 habet
812 460 844 512 nt
858 471 924 514 esse
943 451 1074 530 desinat;
1098 453 1236 536 quemad-

80 549 198 612 modum
221 570 287 612 cum
309 548 477 633 singillatim
498 551 641 614 adversos
665 551 804 615 haereses
828 551 1005 636 disputarem
1028 553 1134 638 ubique
1153 576 1236 618 mon-

80 651 193 714 straris
216 648 314 716 Unum
331 653 467 717 videlicet
482 673 548 717 essa
565 655 649 717 deum
667 675 683 717 a
701 675 758 738 quo
774 657 848 717 lacta
863 655 1036 740 conditaque
1051 655 1110 720 sint
1124 653 1233 734 omnia,

81 767 195 838 patrem
211 754 321 818 domini
336 755 429 819 nostri
445 752 512 820 lesu
528 751 658 834 Christi,
684 777 771 819 unum
789 757 888 820 itidem
906 778 973 820 esse
989 757 1076 820 hlium
1092 757 1156 822 eius
1172 757 1236 822 uni·

79 854 212 937 genitam
227 855 373 921 domiuum
390 869 538 936 nostrum,
562 857 739 922 salvatorem
756 879 790 920 ac
805 859 907 937 deum,
933 881 1020 922 onum
1037 880 1152 944 qnoque
1167 858 1235 944 Spi-

78 956 168 1020 ritum
191 969 341 1038 sanctum,
373 981 459 1024 unam
481 970 612 1024 sanctam
634 959 969 1044 consubstantialemque
991 959 1185 1041 Trinitatem,
1218 985 1235 1026 a

79 1080 138 1142 qua
163 1071 243 1123 recte
267 1073 336 1124 sunt
356 1061 495 1127 universa
518 1072 690 1148 procreata,
722 1084 781 1126 non
804 1061 898 1146 aliqua
921 1063 1012 1140 mala,
1045 1066 1096 1126 sed
1115 1064 1235 1127 omrrino

78 1162 177 1242 bona,
201 1175 287 1248 prout
303 1163 440 1228 honitatis
457 1165 535 1228 illius
551 1165 688 1228 volnrrtas
707 1165 782 1228 tulit.
821 1163 938 1228 -Eadem
956 1186 1044 1250 porro
1060 1186 1076 1228 c
1095 1165 1184 1229 nihilo
1203 1176 1236 1229 ιιι

79 1274 185 1328 esseut
204 1265 309 1350 aliquid
333 1277 457 1331 evocata
476 1278 554 1331 susat.
601 1263 659 1332 Coi
677 1266 791 1352 quidem
808 1267 863 1330 deo
878 1267 990 1351 gloria,
1023 1266 1116 1331 honor
1133 1278 1163 1330 et
1180 1267 1233 1331 im·

78 1365 195 1451 periom
211 1367 267 1446 sit,
291 1365 372 1432 Patri
389 1369 418 1432 in
434 1365 530 1448 Filio,
559 1366 683 1433 Filioin
703 1367 810 1448 Patre,
841 1389 904 1432 cum
924 1365 1036 1454 Spiritu
1051 1381 1171 1450 sancto,
1203 1371 1233 1432 in

78 1469 180 1534 secula
202 1470 385 1548 seculorum,
412 1471 521 1534 Amen.

167 1569 232 1634 llac
254 1571 344 1656 igitur
365 1572 481 1636 haeresi
503 1573 602 1658 paucis
624 1575 654 1637 iu
679 1574 754 1638 huam
779 1574 895 1638 modum
918 1594 1023 1638 eversa
1046 1575 1081 1639 ad
1107 1574 1233 1658 reliquas

79 1675 279 1759 pergendum3
303 1696 374 1760 ques
389 1675 576 1759 singillatim,
601 1687 687 1760 proot
704 1675 733 1739 in
752 1675 836 1740 nobis
852 1678 937 1738 situm
955 1679 1027 1754 erit,
1051 1675 1231 1754 relellcmos,

79 1797 115 1840 ac
145 1775 414 1861 perniciosissimae
442 1778 555 1841 illarum
583 1777 730 1862 nequitiae
757 1779 872 1842 mollum
895 1778 1105 1844 adhibebimus.
1156 1773 1233 1863 Seps

77 1879 159 1942 enim
175 1879 282 1943 merito
299 1879 346 1944 ille
365 1880 508 1943 nominari
524 1890 631 1965 potest.
677 1877 763 1963 Quod
779 1881 890 1944 hestiae
907 1902 1000 1965 genos
1019 1891 1151 1944 nontam
1169 1901 1232 1943 ser·

77 2003 172 2066 pens,
196 2003 281 2065 qnam
297 1981 402 2068 reptile
418 1981 583 2067 quadrupes
600 1994 664 2060 est,
688 1983 833 2046 stellionis
849 1983 965 2067 specie3
989 1983 1036 2067 qni
1053 2005 1117 2046 cnm
1134 2003 1232 2045 morsu

76 2083 150 2147 nihil
168 2084 320 2148 admodum
337 2095 459 2162 noceat,
483 2095 599 2169 sputum
616 2085 709 2170 ipsum
728 2085 753 2148 si
772 2091 801 2148 in
818 2083 911 2148 eibum
931 2095 980 2148 aut
996 2096 1093 2172 potum
1109 2084 1230 2162 eliserit,

77 2205 222 2270 praesens
246 2184 283 2249 iis
306 2189 354 2270 qui
374 2185 559 2250 adhibuerint
579 2187 701 2250 exitium
724 2187 831 2250 afferre
853 2186 970 2251 dicitnr.
1013 2185 1164 2251 Eiusmodi
1187 2198 1233 2251 est

76 2287 158 2351 illins
179 2287 322 2351 doctrina.
368 2285 434 2352 Nos
453 2299 549 2351 autem
570 2288 655 2352 huius
674 2309 788 2373 quoquc
807 2310 922 2352 veneno
941 2291 1101 2372 patefacto,
1133 2311 1167 2352 ac
1189 2288 1232 2352 di·

77 2390 150 2452 vina
173 2411 228 2475 ope
250 2410 291 2452 cx
307 2388 422 2453 illorum
443 2390 548 2474 quibus
567 2391 684 2455 iamiam
702 2392 865 2454 nociturum
889 2401 953 2453 erat
969 2391 1101 2454 lancibus
1122 2402 1171 2454 aut
1191 2391 1233 2454 la·

76 2489 141 2554 bris
159 2491 311 2571 absterso,
344 2491 379 2555 ad
395 2501 510 2556 ceteras
527 2502 727 2572 transeamus,
758 2503 871 2572 eleas,
903 2493 1134 2572 aldintonam,
1166 2515 1233 2558 ora-

77 2593 161 2658 tione
183 2605 284 2658 nostra
307 2594 501 2659 confutemus.

344 2833 659 2910 nnvnnsus
701 2833 965 2928 0PHl'l'AS,

285 2975 368 3048 qnae
395 2961 447 3028 est
472 2954 619 3029 haeresis
639 2953 751 3029 XVII.
780 2955 833 3030 vel
851 2953 1030 3028 XXXVII.

165 3097 253 3184 Quod
270 3104 360 3186 igitur
376 3105 475 3168 divino
494 3107 558 3170 lreti
579 3107 722 3191 pracsidio
740 3106 938 3190 suscepimus,
970 3102 1143 3190 Ophitarum
1161 3105 1229 3169 hae·
1248 3115 1307 3184 cap.
1325 3119 1344 3167 1.

76 3204 178 3282 resin,
211 3226 285 3288 qnae
302 3207 502 3290 superioribus
522 3208 577 3271 illis
596 3208 708 3272 insanis
726 3208 896 3292 stolidisque
914 3207 1003 3270 sectis
1022 3207 1156 3293 proxima
1173 3219 1230 3286 cst,

76 3307 277 3391 aggredimur.
325 3304 410 3390 Quae
427 3309 541 3393 quidem
558 3310 660 3394 partim
678 3331 741 3373 oum
759 3309 816 3373 illis
831 3309 980 3386 convenit,
1005 3309 1107 3394 partim
1123 3311 1232 3373 disere·
1341 3376 1346 3387 ,

75 3417 144 3493 pal,
176 3429 230 3493 pro
255 3429 357 3472 eornm
379 3411 427 3495 qui
450 3411 528 3474 illam
550 3413 643 3475 secuti
667 3423 735 3475 sunt
756 3411 884 3475 nuoribus
905 3409 1060 3495 habituque
1082 3412 1230 3475 dissimilia

75 3521 109 3574 ιιι
133 3510 184 3574 vel
205 3511 299 3574 inanis
324 3512 374 3575 illa
402 3523 432 3576 et
456 3514 606 3577 erroribus
628 3512 772 3598 implicata
799 3512 942 3577 discordia
969 3535 1075 3596 magno
1097 3514 1232 3576 omnihus

75 3622 253 3696 argumento
276 3612 330 3688 sit,
363 3615 488 3681 salsitate
511 3615 577 3679 illos
601 3636 685 3694 esse,
717 3637 775 3679 non
799 3616 923 3679 veritate
944 3615 1099 3678 subnixos.
1144 3613 1233 3679 Nunc

75 3714 178 3798 itaque
198 3733 299 3778 eorum
319 3716 451 3778 oratione
470 3727 569 3780 nostra
589 3717 751 3800 detegenda
770 3738 804 3780 ao
821 3717 1020 3780 convincenda
1037 3718 1157 3781 vesania
1174 3730 1231 3780 est.

161 3813 243 3880 Nam
262 3812 404 3902 Opltitae,
429 3820 667 3902 quemadmodum
686 3820 831 3897 diximus,
856 3841 871 3882 a
891 3817 1016 3884 Nicolao
1036 3830 1062 3882 cl
1081 3817 1232 3883 Gnosticis

74 3941 111 3982 ae
129 3917 278 4002 prioribus
293 3920 358 3982 aliis
373 3921 463 3984 sectis
479 3920 679 3984 elllorueruot.
726 3917 809 4003 Quos
825 3917 965 4006 Ophites,
990 3921 1043 3984 boc
1060 3933 1105 3984 est
1119 3921 1233 4005 Angui-

74 4041 170 4099 oeos,
195 4019 232 4084 ab
247 4041 343 4104 angue
359 4021 408 4084 illo
424 4044 508 4106 quem
525 4023 676 4087 celebrant
692 4023 839 4107 appellare
857 4023 963 4086 solent.
1009 4019 1068 4086 Sed
1087 4023 1231 4086 horrenda

109 4156 172 4207 Cur.
187 4156 206 4206 l.
225 4185 256 4195 -
283 4157 305 4208 l.
321 4153 368 4224 τήν
384 4173 426 4221 epo
441 4162 541 4221 reposui.
577 4160 641 4210 lerl
676 4169 867 4226 consequentem
884 4157 1001 4224 deinceps
1018 4175 1176 4224 exponemus.

73 4227 163 4275 babent
181 4224 224 4290 τῇ.
708 4227 732 4278 3.
757 4225 824 4293 λέγω
850 4229 902 4276 eod.
926 4229 999 4276 l'otie.
1042 4229 1161 4288 Οιιοιιιοάο
1183 4231 1233 4278 lom

107 4293 133 4342 Ἰ.
151 4288 233 4357 ταύτῃ
249 4295 300 4342 eod.
312 4295 385 4344 t'otlc.
415 4291 511 4359 ταύτης
524 4297 594 4358 culpo
609 4299 641 4344 est
674 4297 837 4346 nnmdonerot
856 4297 998 4356 Gomortus,
1021 4293 1120 4362 inquam
1136 4301 1233 4346 certem.

72 4363 196 4424 scalptam.
233 4362 360 4412 Οοιιιιινιιιι
371 4365 453 4412 vend:
470 4361 640 4423 Quemadmo-
673 4365 737 4412 Edit.
744 4366 820 4426 petru.
833 4367 854 4412 et
863 4364 913 4412 eod.
923 4364 1020 4425 ltbedr'p.
1035 4365 1119 4415 bobent
1130 4361 1232 4428 λεγέτω.

73 4427 135 4477 dnm
156 4427 234 4493 igitur
253 4443 299 4494 per
321 4427 363 4478 dei
384 4429 501 4479 virtutem
523 4427 639 4495 promisi·
681 4419 687 4432 '
707 4427 731 4481 4.
751 4431 791 4480 Slc
806 4435 951 4480 ecmannum
970 4433 1097 4482 comorius
1114 4432 1167 4498 (qul
1181 4446 1233 4482 oer-

74 4511 138 4554 mos,
158 4494 193 4544 ito
208 4493 257 4545 deo
274 4495 411 4563 opitulante
425 4497 545 4546 haeresim
559 4498 639 4564 Ophi·
673 4501 700 4547 nt
720 4499 842 4565 ipsoram)
866 4503 887 4546 el
910 4500 1026 4548 Petnvlua.
1063 4501 1129 4550 Libri
1150 4502 1234 4550 bahent

75 4573 162 4614 aarum
183 4563 217 4613 ad
240 4561 330 4614 relatas
352 4563 489 4616 vanitatum
510 4563 639 4632 opiniones
674 4560 760 4620 adnot.
