3018 4994
286 295 348 363 418
711 307 832 360 εινοτι
850 308 1015 359 εειειιιαιι

287 420 355 488 ίίλλο
369 449 397 490 τι
410 422 462 501 δν,
484 421 556 490 du&
569 422 674 510 γόητος
688 421 722 490 τό
739 425 834 510 ἔργον.
880 429 976 500 Ποῖος
989 422 1044 509 γύρ
1060 420 1132 508 ύμῖν
1148 428 1243 510 τρίτος
1257 422 1328 500 θεός
1342 422 1416 508 πύρε-
1490 455 1492 520 γ

287 547 364 605 στιν,
387 528 419 590 ἐκ
434 523 490 592 δύο
504 529 662 602 συσταθεὶς
674 524 870 610 όμοιομοέτοιν,
893 529 944 592 καὶ
956 523 1025 592 αὕθ’
1038 528 1135 612 έττρος
1150 525 1192 594 τόν
1206 534 1265 592 τόν
1279 525 1342 605 δύο,
1362 525 1417 592 αύτε

287 626 341 711 τὴν
355 633 463 694 κακίαν
476 631 550 712 έχων
564 631 614 694 καί
631 626 762 709 όδικίαν,
791 626 832 704 οός
847 631 936 712 ἔφης,
968 627 1035 696 ούτε
1049 628 1103 713 τόν
1119 627 1292 716 ύγαθότητα
1305 632 1353 696 καί
1367 655 1417 710 φει-

286 730 384 814 τεινην
403 730 523 812 ούσίαν,
552 737 722 816 μεσαίτατος
739 733 771 798 δέ
787 721 834 797 σίύ
845 735 973 809 δέκαιοςς
1003 732 1063 796 Καί
1079 731 1134 818 γόρ
1150 730 1272 816 ύληθοῖς
1287 729 1419 817 αίλλύτριος

287 833 329 902 σίν
343 833 440 918 πόσης
457 834 647 917 δικαιοσύνης
662 833 782 910 εἰκότας
795 833 910 919 τίγνοεῖς
925 837 952 898 τί
967 837 1039 902 ποτί
1052 837 1113 901 έστι
1126 833 1314 916 δικαιοσύνη,
1334 837 1420 918 ἑτέραν

286 936 378 1022 αύτηυ
391 936 472 1024 παρό
487 935 541 1020 τήν
554 935 728 1023 α’γαθότητα
741 941 875 1019 νομίζων.
909 935 994 1002 Πολύ
1009 937 1041 1003 δέ
1052 936 1224 1026 ίλεγγθήση,
1242 928 1267 1002 ιδ
1281 937 1421 1022 βαδιονργί
1492 955 1493 1018 3

286 1045 335 1108 καί
359 1039 487 1126 όλλότριε
510 1047 563 1123 τῆς
584 1037 731 1121 ύληθείας.
778 1037 958 1120 Ούδαμόθεν
980 1038 1036 1125 γόρ
1057 1045 1165 1124 γίνεται
1186 1038 1219 1105 τό
1241 1042 1354 1106 δίκαιον
1372 1035 1419 1102 ἄλλ’

165 1177 216 1224 ηις.
228 1165 275 1210 τεο.
288 1147 318 1222 ἐξ
333 1142 534 1229 ύγαθότητος,
557 1144 608 1208 καί
622 1139 692 1208 ούδί
707 1139 799 1218 ι’ίλλοις
811 1169 855 1218 τις
870 1141 1019 1227 γενήσεται
1034 1140 1160 1228 ύγαθός,
1182 1145 1210 1207 εἰ
1221 1140 1262 1225 μή
1278 1132 1298 1229 ᾖ
1312 1145 1418 1216 δίκαιος.

276 1244 374 1313 Ὅθεν
387 1249 439 1312 καί
452 1243 556 1331 κύριος
570 1247 699 1312 ἰπαινεόυ
714 1242 768 1326 τήν
782 1249 961 1326 νομοθεσίαν
975 1247 1026 1310 καί
1039 1243 1110 1320 τούς
1124 1241 1216 1327 αύτῇς
1228 1247 1361 1318 δικαίους
1373 1246 1419 1308 έλε·

285 1374 330 1436 γε,
354 1355 496 1432 Κοσμεῖτε
510 1347 581 1423 τούς
595 1346 711 1428 τάφους
727 1353 786 1412 τῶν
799 1353 976 1432 προφητῶν,
999 1348 1048 1414 καί
1064 1350 1246 1429 οἰκοδομεῖτε
1259 1346 1296 1413 τό
1310 1355 1421 1430 μνημεῖα

285 1459 344 1518 τῶν
359 1454 495 1530 δικαίαν,
518 1453 568 1517 καὶ
587 1453 619 1516 οἰ
631 1451 753 1533 πατέρες
769 1446 854 1532 ύμιόυ
870 1448 1043 1518 όκέκτειναν
1059 1447 1175 1525 αύτούς.
1222 1448 1329 1516 Πόθεν
1342 1450 1372 1514 δέ
1386 1473 1421 1534 γε·

285 1553 388 1641 γόνασι
403 1560 555 1638 προφῆται
571 1554 621 1618 καί
639 1555 763 1631 δίκαιαι,
785 1548 844 1616 ἄλλ’
862 1549 955 1634 ι’ὶοίπό
971 1559 1025 1636 τῆς
1038 1559 1092 1618 τοῦ
1106 1550 1218 1635 πατρός
1232 1550 1421 1638 όγαθότητοςς

286 1659 347 1722 Καὶ
362 1659 412 1722 ἵνα
428 1659 508 1743 δείξη
524 1653 570 1721 ότι
587 1657 618 1720 ίν
635 1661 675 1744 τῷ
691 1657 770 1738 μέρει
784 1659 836 1736 τῆς
851 1651 1036 1739 όγαθότητος
1052 1652 1071 1720 ό
1087 1658 1202 1731 δίκαιος
1220 1656 1353 1737 ἔστηκεν,
1374 1655 1422 1718 έίε·

285 1783 342 1845 γεν,
355 1757 477 1840 Ὅμοιοι
492 1759 613 1842 γίνεσθε
626 1765 667 1843 τῷ
681 1759 770 1839 πατρί
784 1753 868 1839 ύμῶν
883 1764 924 1845 τῷ
937 1759 969 1823 έν
983 1768 1045 1833 τοῖς
1058 1755 1207 1840 ούρανοῖς,
1229 1755 1274 1822 ότι
1290 1755 1421 1822 όνατέλλει

284 1859 337 1928 τόν
353 1860 436 1942 ἥλιον
452 1857 544 1926 αύτοῠ
566 1861 615 1926 ἐπὶ
633 1855 770 1944 α’γαθούς
790 1861 842 1925 καί
860 1859 1010 1944 πονηρούς
1016 1906 1025 1938 ,
1055 1861 1106 1925 καί
1123 1861 1218 1943 βρέχει
1236 1860 1286 1926 ἐπὶ
1302 1863 1423 1932 δικαίους

285 1964 336 2030 καί
352 1961 489 2038 ύδέκους·
511 1965 561 2028 ’ίνα
577 1965 656 2051 δείξῃ
669 1960 701 2028 τό
717 1964 832 2027 δίκαιον
847 1959 973 2048 οίγαθόν,
994 1964 1046 2028 καί
1059 1959 1093 2028 τό
1108 1959 1227 2047 όγαθόν
1241 1965 1365 2042 δίκαιον,
1380 1961 1421 2026 ταί

284 2063 318 2135 τό
336 2062 468 2150 πονηρόν
486 2063 606 2141 ἄδικον,
633 2065 684 2129 καί
700 2062 733 2129 τό
752 2062 857 2132 όίδικου
874 2062 1012 2150 πονηρόν.
1061 2063 1123 2147 Τηυ
1139 2065 1171 2132 δὲ
1188 2063 1367 2147 ἐπιπλοκὴν,
1392 2063 1423 2144 ἣν

285 2169 375 2252 ἔφης,
396 2174 450 2232 τοῦ
468 2165 561 2248 νόμον
577 2163 613 2232 ού
631 2163 756 2234 δύνασαι
773 2163 933 2243 όποδεῖξοι.
973 2163 1085 2242 Ἑοίλιις
1098 2163 1154 2252 γόρ
1168 2174 1365 2246 συκοφαντῶν
1380 2163 1425 2230 τόν
1494 2159 1495 2164 ’

284 2269 394 2352 νόμον,
416 2267 579 2351 έπιπλοκύν
594 2295 659 2334 τινα
674 2265 754 2356 αύτῷ
771 2266 963 2352 προςύπτιου,
986 2268 1035 2334 διό
1050 2265 1083 2334 τό
1102 2271 1249 2354 εἰρηκέναι
1264 2266 1316 2334 τόν
1330 2265 1425 2350 νόμον,

283 2368 462 2452 Ὀφθαλμόν
478 2367 540 2436 όντί
559 2367 735 2452 ὀφθαλμοῦ,
756 2372 808 2435 καί
824 2367 930 2436 όδόυτα
948 2368 1012 2436 οἰντί
1030 2368 1167 2449 όδόντος,
1190 2373 1242 2436 καί
1259 2368 1361 2452 ἰπειδη
1376 2394 1425 2450 φο·

284 2470 361 2538 νεύει
386 2469 403 2540 δ
424 2471 514 2555 νόμος
534 2470 585 2538 τόν
604 2471 760 2555 φονευτιίν.
803 2469 887 2537 Ἀλλό
910 2474 939 2549 ἰξ
962 2469 1054 2556 αὐτῆς
1075 2480 1127 2556 τῆς
1147 2479 1202 2541 τοῦ
1222 2477 1330 2556 κυρίου
1350 2468 1426 2554 ἡμῶν

282 2572 378 2656 ’ίησοῦ
395 2581 524 2658 Χριστοῦ
540 2579 737 2659 πραγματείας
752 2572 934 2657 δειχθήσεται
951 2573 997 2640 ότι
1012 2572 1069 2642 ούκ
1084 2573 1230 2658 έπιτιλοκή
1243 2600 1290 2650 τις
1306 2567 1354 2656 ἦν,
1375 2569 1426 2638 ιίλλ’

283 2673 305 2760 ἡ
319 2673 395 2760 αύτὴ
411 2670 449 2760 ἦν
461 2680 624 2758 νομοθεσία
638 2678 688 2742 καί
702 2674 735 2742 τό
751 2673 821 2741 αύτό
837 2679 947 2761 ένεργεῐ
958 2683 994 2766 τῇ
1007 2674 1067 2744 ύπό
1081 2684 1135 2742 τοῦ
1149 2684 1282 2759 σωτῆρος
1295 2677 1425 2762 εἰρημένη
1495 2685 1496 2710 ³

284 2781 397 2868 ἰνιολῇ,
419 2778 462 2858 τό,
483 2777 553 2844 Ἐόν
565 2783 610 2854 τίς
623 2799 654 2843 σε
669 2777 801 2868 τυπτήση
817 2781 859 2853 εἰς
871 2776 925 2860 την
941 2775 1039 2856 δεξιόν
1053 2777 1184 2862 σιαγόνα,
1210 2780 1342 2864 στρέψον
1353 2775 1427 2862 αύτῷ
1495 2775 1496 2780 ¹

283 2883 333 2950 καί
348 2878 401 2964 τήν
416 2879 510 2963 ύλλην.
555 2883 614 2946 Καὶ
631 2877 648 2948 ό
664 2878 755 2962 νόμος
769 2878 859 2946 πύλαι
873 2886 960 2948 τοῦτο
974 2879 1163 2958 κατεσκεύαζε
1176 2883 1277 2966 λέγων,
1297 2877 1427 2960 Ὀφθαλ-

284 2982 341 3066 μόν
359 2980 423 3048 όντί
440 2979 619 3064 σ’φθαλμοῦ,
641 2985 785 3057 τουτέστι,
807 2983 946 3068 Στρέψον
961 2980 1041 3072 αύτῷ
1057 2981 1112 3066 τήν
1130 2982 1261 3068 σιαγόνα.
1295 2981 1361 3048 Ἵνα
1377 2977 1426 3066 γδρ

284 3084 425 3170 διαφύγοι
449 3084 469 3150 δί
491 3083 586 3150 πόθοι
608 3083 646 3150 δν
666 3088 694 3150 εἰ
713 3084 827 3166 πλήξει,
857 3093 976 3169 παρεῖχε
998 3083 1052 3168 τόν
1073 3083 1197 3170 σιαγόνα
1221 3091 1263 3174 τῷ
1285 3085 1428 3160 τύπτοντι,

285 3185 370 3264 εἰδοός
391 3185 437 3253 ὅτι
458 3189 485 3252 εἰ
504 3183 608 3268 ύφέλαι
629 3185 802 3271 όφθαλμόν,
824 3185 860 3252 τό
882 3183 957 3254 αύτοί
978 3191 1106 3252 πείσεται
1126 3185 1176 3252 διδ
1199 3184 1250 3252 τόν
1271 3185 1373 3270 νόμον.

286 3492 483 3580 ἁρμοζόμενος
505 3498 659 3578 προβαίνει
682 3501 718 3583 τῇ
743 3497 877 3582 παιδείᾳ,
908 3498 959 3560 καί
982 3491 1038 3560 ούκ
1061 3497 1131 3567 ίσους
1149 3491 1182 3558 τδ
1201 3491 1308 3578 μικρόν
1324 3495 1431 3580 βρέφος

285 3595 418 3662 παιδεύει
433 3603 473 3683 τῷ
489 3601 646 3684 μειρακίῳ,
668 3594 737 3662 ούδέ
751 3595 785 3660 τό
804 3594 955 3682 μειράκιον
972 3592 1109 3672 οόςούτας
1125 3601 1166 3683 τῷ
1183 3599 1343 3683 νεανίσκῳ,
1366 3591 1431 3660 ούδί

284 3697 337 3765 τόν
351 3702 467 3764 νεανίαν
480 3705 520 3786 τῷ
534 3704 629 3786 τελείῳ
643 3695 739 3784 ύυδρί,
763 3695 833 3764 ἄλλό
848 3704 888 3788 τῷ
900 3699 952 3780 μέν
964 3695 1130 3785 ύποτιτθίῳ
1145 3694 1195 3765 διό
1209 3697 1356 3764 δακτύλου
1369 3720 1429 3760 παι·

286 3804 349 3866 δεία
364 3805 482 3887 γίνεται,
505 3805 613 3889 παιδίῳ
629 3802 661 3866 δέ
676 3806 782 3882 μείζονι
797 3799 847 3865 διδ
862 3797 957 3883 χειρός
972 3802 1162 3884 βαπίσματας,
1184 3804 1326 3889 μειρακίῳ
1339 3798 1372 3864 δέ
1385 3791 1431 3862 διαί

285 3901 416 3986 ίμύντος,
436 3908 578 3992 νεανίσκῳ
593 3901 642 3968 διό
658 3901 783 3990 ῥοίβδου,
805 3900 892 3984 ύνδρὶ
906 3903 938 3967 δέ
952 3905 1101 3984 ἐκδίκησις
1113 3909 1173 3967 τῶν
1187 3900 1328 3983 μειζόνων
1341 3923 1429 3982 παρα·

285 4003 449 4088 πταμύτων
471 4004 598 4090 μόγαιρα
620 4004 669 4069 διό
691 4003 802 4088 νόμον,
833 4003 927 4079 ούτοτς
946 4001 1038 4070 καλό
1057 4004 1162 4090 κύριος
1180 4005 1247 4086 ἑξῆς
1266 4001 1430 4086 ἐνομοθέτει

286 4106 394 4197 έκύστη
415 4114 498 4195 γενεᾷ
521 4104 557 4171 τό
579 4104 749 4192 όρμόζοντα.
791 4105 940 4180 Ἐκείνους
962 4107 1015 4189 μέν
1040 4105 1097 4192 γόρ
1121 4105 1209 4193 φόβῳ
1232 4105 1431 4191 έσοιφρόνιζεν,

287 4205 328 4284 τός
344 4213 476 4284 παιδίοις
491 4217 607 4293 μικροῖς
621 4207 834 4294 διαλεγόμενος,
855 4209 907 4272 καί
921 4205 1060 4292 ἀγνοοῦσι
1073 4206 1127 4290 τὴν
1142 4206 1270 4290 δύναμιν
1283 4216 1335 4273 τοῦ
1348 4202 1431 4290 όγίσν

287 4309 462 4394 πνεύματος,
478 4307 547 4386 τούς
561 4312 592 4376 δέ
605 4314 731 4386 τελείους
743 4314 858 4376 τελείαν
869 4307 955 4392 ἠξίου
969 4314 1145 4395 μυστηρίων.
1177 4312 1237 4376 Καὶ
1251 4311 1284 4376 έν
1296 4317 1336 4397 τῷ
1348 4303 1430 4386 εύαγ·

169 4427 274 4488 pag-m.
287 4417 371 4500 γελίῳ
385 4410 440 4496 γόρ
455 4411 532 4478 ούτιο
547 4437 611 4490 πτας
623 4413 695 4500 λέγει
712 4421 773 4491 ταῖς
787 4421 936 4496 μαθηταῖς
950 4415 982 4480 έν
996 4420 1113 4490 πολλοῖς
1125 4409 1240 4490 τόποις·
1259 4409 1321 4476 Ούκ
1333 4410 1428 4474 οἴδατε
