2994 5024
354 293 489 346 reusam
504 294 567 347 nte.
580 296 599 346 t.
615 295 696 348 rom.
712 296 753 346 ru.
772 295 869 348 uuna.
881 297 965 347 xnu.
1174 286 1235 348 629

85 418 153 504 ipsa
170 414 321 480 veritatis?
364 413 459 498 Quem
479 414 555 479 euim
574 414 729 480 detestaris
746 415 877 479 earnium
894 435 993 493 esum,
1018 437 1083 480 euru
1102 414 1235 480 domiuus

84 543 154 584 cum
174 516 321 603 discipulis
336 517 465 581 adhibuit
481 528 539 582 tum
557 539 622 582 curu
638 515 751 581 Pescla
767 517 895 602 exlegis
910 519 1090 605 praescripto
1106 517 1236 584 celebra·

84 623 142 688 vit.
187 619 255 686 Nec
270 631 316 684 εει
332 620 407 704 quod
426 619 505 683 dicas
522 618 691 706 mysterium
709 621 763 683 lroc
780 621 816 683 ab
832 619 899 698 illo,
930 621 1004 704 quod
1024 632 1086 685 erat
1103 632 1236 705 peractu-

84 746 157 803 rus,
183 725 272 788 luisse
289 722 485 800 nominatum,
510 743 575 788 cum
587 723 627 786 ita
644 723 770 786 diceret:
796 726 864 784 Volo
881 727 1049 785 memorare
1063 729 1171 786 Purcbu
1188 747 1235 787 co·

85 831 205 890 beccum.
252 822 329 890 Nam
350 836 380 890 ut
396 825 533 909 pudorem
552 823 604 889 tibi
619 826 697 889 omui
717 845 756 888 ex
773 836 853 911 parte
870 825 979 889 veritus
997 825 1100 904 laeiot,
1132 849 1190 891 uon
1208 829 1235 891 ei

83 928 230 1016 mysterio
245 928 324 1012 prius
339 928 452 1013 operari
469 927 572 1006 voluit,
597 949 633 992 ue
648 927 797 992 inficiandi
812 929 996 993 occasionem
1011 927 1145 1008 haberes,
1169 930 1233 1008 sed,

85 1037 158 1094 Cum
175 1043 333 1104 coenosset,
357 1029 468 1114 inquit,
491 1035 631 1111 uccr‘pciens
645 1033 713 1092 baec
727 1042 757 1091 et
771 1033 837 1104 illu,
870 1034 960 1104 dcmr't,
990 1035 1051 1093 Hoc
1067 1043 1110 1092 ert
1124 1034 1193 1093 boec
1208 1045 1238 1094 et

83 1137 156 1208 illc,
182 1132 288 1197 nullum
304 1142 336 1198 ut
350 1133 501 1198 cavillandi
517 1131 764 1215 calumniandique
779 1132 874 1196 locum
890 1132 1079 1217 relinqueret.
1126 1129 1235 1197 Osten-

84 1236 128 1301 tlit
143 1235 219 1300 enirn
234 1235 326 1320 ipsum
343 1247 530 1321 posteaquam
547 1231 691 1298 ludaienm
706 1231 818 1298 Pascha
834 1235 975 1312 comedit,
1000 1235 1054 1299 hou
1070 1245 1117 1300 est
1130 1255 1235 1300 secun-

83 1341 153 1403 dum
175 1358 314 1417 coenam,
339 1337 375 1401 ad
397 1337 600 1402 celebrandum
623 1335 784 1400 accessisse
808 1337 988 1422 mysterium.

172 1438 274 1506 Schol.
291 1435 393 1504 tht.
424 1443 467 1501 Et
476 1440 620 1513 recubuit,
644 1451 674 1500 et
688 1443 830 1501 duodecim
844 1443 966 1520 apostoli
979 1461 1040 1501 curn
1056 1443 1122 1502 e'iio:
1146 1452 1177 1503 et
1189 1445 1233 1503 di·
1246 1456 1343 1514 tuem,
1355 1461 1386 1504 tt.

82 1549 146 1619 eit,
181 1546 327 1606 Decidem'o
345 1546 505 1606 mederum
518 1545 570 1604 boc
586 1545 696 1604 Pcccbc
714 1546 882 1604 munducare
899 1544 1054 1618 uobiscum,
1085 1553 1233 1625 autequam

78 1652 189 1728 patriar.
510 1671 513 1678 ¹

171 1746 273 1812 lleiut.
292 1743 395 1811 LXll.
427 1744 577 1810 Recubuit
590 1744 737 1824 sulcator,
761 1743 931 1826 oMaroio,
955 1767 1021 1810 eum
1038 1768 1132 1832 eoque
1147 1747 1235 1812 dicui-

85 1850 144 1937 puli
163 1849 330 1914 duodecim!
378 1844 412 1913 si
435 1860 492 1912 tam
517 1847 563 1912 ille
585 1848 736 1927 recubuit,
769 1869 854 1932 quarn
876 1871 935 1913 una
956 1848 1004 1912 isti
1024 1849 1232 1929 recubuerunt,

84 1975 144 2017 nou
162 1962 257 2038 potest
273 1952 367 2015 eidem
382 1950 448 2015 voci
465 1951 582 2014 diversa
599 1949 679 2014 notio
694 1972 728 2014 ac
746 1960 877 2036 potestas
892 1951 1000 2034 affingi,
1026 1954 1140 2016 tametsi
1158 1954 1234 2036 qnod

85 2056 121 2118 ed
139 2055 306 2139 dignitatem
325 2075 360 2117 ac
378 2054 492 2118 modum
512 2052 614 2118 attinet
632 2052 763 2117 nonnihil
782 2053 908 2117 intersit.
955 2053 1016 2118 Aut
1033 2054 1123 2139 igitur
1141 2056 1234 2120 lateu-

85 2158 152 2222 dum
170 2157 220 2220 tibi
236 2169 281 2221 εει
296 2156 444 2221 duodecim
461 2174 575 2240 quoque
590 2155 746 2241 discipulos
762 2156 959 2241 specietenus
976 2156 1160 2236 accubuisse,
1184 2170 1234 2222 aut

84 2258 198 2343 ipsum,
231 2260 372 2343 quivere
395 2277 513 2322 curnem
536 2257 686 2338 induerat,
719 2277 789 2322 vere
811 2257 933 2343 idipsum
956 2258 1065 2342 egisse.
1110 2257 1169 2343 Qui
1191 2260 1234 2323 sic

84 2361 152 2426 ideo
169 2361 284 2426 loculus
300 2372 360 2426 eet:
385 2364 530 2424 Destiderro
546 2364 703 2423 desideravi
719 2363 771 2422 boc
785 2363 893 2424 Pusebc
912 2365 1080 2424 mundrtcure
1094 2364 1233 2425 uobiscum

84 2475 232 2546 ceteqcum
247 2471 358 2546 patim,
384 2475 415 2527 ut
432 2474 463 2527 et
481 2459 594 2527 Pascha
612 2462 680 2526 illud
697 2474 765 2526 ante
782 2462 946 2548 passionem
965 2483 1046 2528 suam
1063 2465 1186 2549 figurate
1203 2466 1233 2530 in

85 2566 150 2651 lege
165 2569 352 2632 constitutum
370 2565 550 2644 ostenderet,
568 2576 598 2628 et
613 2565 734 2628 alterum
752 2566 931 2629 successisse
947 2577 1134 2647 monstraret,
1158 2569 1233 2651 quod

87 2670 165 2734 etad
181 2670 366 2734 astruendam
384 2670 548 2755 passionem
566 2687 645 2732 suam
663 2677 827 2751 spectaret,
852 2678 881 2730 et
900 2667 1057 2752 perfectius
1074 2668 1234 2754 appellare-

87 2781 151 2850 tur,
176 2771 262 2836 simul
276 2772 345 2836 illud
364 2771 495 2836 indicans
513 2771 587 2855 quod
606 2769 754 2854 apostolus
770 2767 880 2834 Paulus
897 2771 1012 2850 docuit,
1036 2769 1149 2855 Legem
1166 2792 1235 2858 pee-
1248 2787 1329 2843 octa,
1340 2789 1372 2834 aa.

88 2873 191 2958 degogi
216 2874 300 2938 uobis
322 2874 414 2937 instar
433 2874 463 2938 in
482 2869 602 2936 Christo
622 2872 723 2935 luisse.
770 2868 855 2954 Quod
878 2873 904 2936 si
926 2873 1111 2959 paedagogus
1133 2885 1235 2938 noster

86 2973 137 3038 lex
158 2976 188 3039 iu
211 2971 331 3040 Christo
354 2975 423 3055 luit,
447 2998 465 3040 a
488 2971 608 3040 Christo
630 2973 748 3038 minime
771 2973 827 3037 crit
848 2974 956 3039 aliena.

173 3073 274 3142 Schol.
291 3074 407 3142 LXlll.
442 3075 600 3141 Praeterea
617 3076 688 3141 hoec
703 3075 804 3141 abillo
821 3076 949 3141 detractu
965 3090 1049 3143 suut:
1075 3083 1145 3141 Dico
1160 3085 1233 3142 enim
1246 3095 1342 3153 meaa,
1355 3098 1386 3144 rc.

88 3181 179 3254 cccc,
203 3183 268 3242 Noc
289 3183 367 3242 dum
389 3183 462 3242 r'iiud
480 3181 600 3260 cmplcics
621 3183 708 3241 donec
728 3182 877 3260 implectur
898 3185 927 3242 in
949 3201 1037 3260 regno
1058 3185 1112 3242 dci.

171 3280 273 3346 Relut.
293 3279 412 3346 LXlll.
443 3279 524 3346 Mala
545 3281 602 3344 ista
626 3281 681 3345 fide
704 3282 867 3361 subtraxit,
901 3302 938 3346 ne
960 3280 1073 3348 scilieet
1092 3283 1180 3348 ullum
1202 3284 1233 3348 iu

88 3402 178 3468 regno
200 3385 245 3448 dei
268 3396 366 3470 potum
388 3405 423 3448 ac
442 3383 535 3448 cibum
554 3383 598 3446 lais
616 3383 715 3447 verbis
734 3395 883 3470 pateretur
900 3385 1036 3470 exprimi.
1081 3383 1147 3450 Nec
1164 3387 1233 3451 illud

89 3483 174 3550 homo
197 3488 329 3572 stupidus
352 3486 488 3571 agnovit,
521 3496 704 3550 terrenorum
727 3487 821 3550 simile
844 3487 977 3571 quiddam
1001 3487 1029 3550 in
1054 3489 1233 3573 spiritalibus

89 3608 122 3650 ac
137 3588 313 3652 coelestibus
331 3589 446 3668 inesse,
470 3608 592 3672 quorum
613 3587 872 3674 participandorum
891 3590 1004 3654 occulta
1021 3589 1104 3654 uubis
1123 3602 1170 3655 est
1186 3613 1234 3656 ra-

89 3688 139 3753 tio.
186 3687 229 3754 lta
252 3691 328 3754 enim
353 3701 384 3754 et
406 3692 535 3756 salvator
557 3691 620 3776 ipse
644 3701 767 3755 testulus
791 3704 836 3756 εει
862 3713 896 3756 ac
920 3693 1010 3757 dixit:
1042 3696 1180 3756 Sedebrtis
1204 3701 1233 3758 iu

88 3811 179 3854 mensu
201 3815 260 3856 meu
282 3797 391 3856 edentes
411 3805 442 3855 et
456 3796 578 3864 bibentes
599 3798 628 3856 in
647 3815 736 3873 regno
754 3798 903 3858 coelorum.
952 3791 1011 3859 Sed
1031 3807 1061 3860 et
1079 3808 1233 3882 propterea

90 3891 143 3957 ista
160 3895 295 3974 sustulit,
326 3895 434 3960 nullum
457 3908 486 3959 ut
507 3895 543 3960 iis
560 3914 634 3980 quac
651 3897 687 3959 ed
704 3896 796 3980 legem
815 3898 960 3983 pertinent
978 3898 1006 3960 in
1025 3919 1117 3982 regno
1135 3900 1233 3964 coelo-

90 4015 150 4060 rum
167 3997 260 4062 locum
277 3997 427 4063 tribueret.
463 3995 614 4064 Undencrn
630 3999 718 4082 igitur
732 3996 813 4062 illias
827 4021 862 4064 ec
872 3997 996 4086 Moyses
1009 4001 1039 4063 in
1055 4012 1153 4066 ruente
1167 4024 1232 4066 curu

90 4093 150 4181 ipso
170 4112 367 4186 apparuerunt
382 4103 411 4165 in
429 4099 542 4185 gloria?
586 4097 646 4166 seo
665 4121 750 4166 nemo
769 4102 877 4186 estqui
898 4112 999 4166 contra
1018 4103 1171 4168 veritatem
1189 4106 1233 4169 vi·

90 4199 160 4266 rium
185 4201 336 4287 quicquam
359 4203 473 4268 habeat.

121 4383 160 4441 48.
177 4387 253 4457 Adpo
269 4387 318 4456 γὰρ
334 4386 392 4457 dulc
412 4406 484 4455 cupra
502 4398 572 4444 estut.
675 4393 755 4462 celtica
776 4393 826 4448 ruis
845 4389 971 4460 οὐρανῶν,
996 4409 1056 4459 cuce
1072 4397 1233 4449 dmtdmcntur

121 4453 159 4508 49.
177 4449 207 4511 du
223 4473 297 4521 cupro
313 4463 383 4511 utut.
674 4467 700 4514 tn
712 4465 767 4514 edit.
778 4467 863 4526 prius,
880 4467 990 4516 Fatuclus
1003 4479 1033 4514 ec
1046 4467 1096 4519 cccl.
1110 4467 1182 4517 Vetto.
1196 4481 1232 4518 rc·

122 4523 160 4576 50.
178 4518 303 4580 recc'fl
314 4526 443 4594 παρέκυψε
455 4557 488 4568 -
503 4557 532 4570 -
550 4557 581 4570 -
596 4533 640 4600 βα·
674 4535 754 4582 obruit
