3036 4998
290 295 350 359 292
710 301 831 356 SANGTI
850 303 1019 356 ΕΡΙΡΗΔΝΙΙ

290 423 441 508 άνωτέρα,
468 421 516 487 ὅτε
534 417 726 502 νηπιάζοντος
743 416 892 503 άνῆλθον,
914 421 1021 503 φησίν,
1043 422 1075 487 οί
1088 422 1158 507 περί
1169 418 1284 506 Ἰωσὴφ
1301 425 1353 490 καί
1371 431 1437 490 Mu·

289 525 360 611 ριάμ
376 528 418 602 εἰς
432 520 625 611 Ἰερουσαλὴμ
640 529 841 608 προςκννῆσαι
854 525 885 588 έν
900 531 936 613 τῇ
952 525 1051 614 ἑορτῇ,
1071 526 1124 590 καί
1140 522 1341 610 άνέκαμτττον,
1364 529 1434 610 έμετ-

289 655 338 695 νιν
353 626 487 712 Ἰησοῦς,
509 628 559 692 καί
575 623 696 708 ἐζήτουν
710 623 801 692 αότδν
817 628 850 692 έν
865 633 901 717 τῇ
917 625 1090 715 ὁδοιπορίᾳ,
1112 630 1164 692 καί
1181 629 1213 694 έν
1228 637 1291 707 τοῖς
1305 631 1434 716 συγγενέ-

289 753 337 799 σιν
353 729 466 811 αάτοδν,
488 731 539 796 καί
556 725 609 810 οόχ
624 726 776 814 ηὕρισκον.
820 726 892 812 Είχε
907 726 962 814 γάρ
980 726 1001 811 6
1016 732 1124 815 Μαρία
1139 732 1314 818 συγγένειαν.
1357 729 1434 798 Ἀνα-

289 834 435 918 κάμψασα
453 833 485 898 δὲ
501 833 553 898 καί
568 827 697 915 εόροῦσα
715 828 806 896 αότδν
823 833 882 914 ἔφη
899 829 987 920 αὐτῷ,
1015 836 1050 898 Τί
1065 830 1138 916 ἡμῖν
1153 836 1302 917 ἐποίησας,
1321 835 1436 912 τέκνοις

288 934 371 1002 Ἰδοδ
392 935 449 1022 ίγά
469 936 520 1001 καί
542 931 561 1000 6
582 933 677 1021 πατήρ
697 956 752 1000 σον
771 931 954 1016 όδυνοίμενοι
972 937 1127 1019 έζητοῦμέν
1143 957 1183 1002 σε.
1223 934 1274 1002 Ἐν
1289 935 1369 1015 τάξει
1382 934 1437 1023 γάρ

290 1036 402 1124 πατρός
416 1035 435 1104 6
449 1035 564 1121 Ἰωσὴφ
581 1034 660 1126 αὐτῷ
677 1033 821 1124 όπῆργεν,
851 1035 887 1103 οό
907 1035 962 1124 γάρ
984 1030 1023 1121 ἦν
1044 1037 1124 1128 αὐτῷ
1135 1037 1231 1125 πατὴρ
1248 1037 1324 1106 κατά
1341 1038 1437 1121 φάσιν.

289 1139 368 1208 Εἶτα
382 1138 401 1206 6
416 1140 519 1226 κάρτος
535 1137 612 1227 πρός
627 1136 733 1222 αὐτὴν,
761 1143 795 1206 Τί
809 1138 856 1206 ότι
872 1141 994 1224 έζητεῖτέ
1009 1165 1059 1224 μσς
1081 1138 1137 1207 οόκ
1152 1139 1249 1230 ᾔδειτε
1269 1140 1315 1208 ότι
1331 1145 1363 1210 έν
1376 1151 1440 1218 τοῖς

289 1252 343 1311 τοῦ
364 1242 477 1330 πατρός
498 1269 556 1325 μου
579 1246 628 1307 δεῖ
646 1238 722 1308 εδναί
743 1267 792 1326 μες
820 1248 972 1325 σημαίνων
990 1244 1037 1309 ὅτι
1054 1241 1073 1310 6
1091 1241 1164 1320 ναός
1181 1247 1222 1320 είς
1239 1242 1334 1328 ὄνομα
1351 1251 1437 1324 θεοῦ,

289 1349 418 1414 τουτέστι
432 1351 486 1412 τοῦ
505 1341 598 1410 αὐτοῦ
615 1342 743 1430 πατρός,
766 1342 957 1433 ρίκοδομηθη.
1002 1348 1046 1410 El
1058 1350 1159 1413 τοίνυν
1174 1344 1234 1413 άπδ
1251 1351 1362 1430 νηπίου
1376 1343 1439 1413 οίδε

288 1448 341 1517 τόν
362 1450 435 1516 ναόν
452 1445 571 1514 παλτόν
588 1449 715 1534 ιτα-τέρα,
742 1444 797 1514 οὐκ
817 1445 875 1533 άρα
893 1444 983 1530 ψιλός
1000 1446 1163 1533 ἄνθρωπος
1179 1445 1198 1514 6
1212 1453 1367 1535 γεννηθεὶς
1378 1447 1438 1533 Ἰη-

289 1559 370 1631 σοῦς,
393 1547 463 1618 οόδδ
479 1547 549 1632 μετά
563 1547 596 1614 τό
615 1547 788 1636 τριακοστόν
804 1552 880 1629 έτος,
902 1547 974 1632 μετά
987 1547 1020 1616 τό
1036 1553 1134 1618 ίλθεῖν
1152 1553 1192 1628 είς
1207 1549 1298 1619 αὐτόν
1311 1551 1346 1618 τό
1361 1549 1440 1629 είδος

289 1662 343 1737 τῆς
363 1658 549 1740 περιστεράς,
580 1650 646 1730 υίδς
664 1654 715 1718 καὶ
737 1649 866 1738 Χριστός
883 1654 1027 1734 ἐκαλεῖτο,
1056 1651 1127 1720 άλλά
1146 1651 1239 1730 εάθός
1255 1657 1288 1722 έν
1305 1664 1369 1732 τοῖς
1385 1662 1439 1722 τοῦ

290 1755 401 1842 πατρός
418 1753 508 1821 αάτοῦ
524 1758 586 1820 δεῖν
600 1751 690 1820 αὐτόν
703 1751 779 1820 εἶναι
792 1756 951 1822 ἐδίδασκεν.
1000 1754 1085 1822 Ι’Ότι
1096 1757 1129 1822 δὲ
1144 1753 1161 1823 6
1174 1755 1288 1840 Ἰωσὴφ
1302 1754 1370 1841 σόχδ
1382 1785 1438 1823 πα-

289 1856 344 1943 τὴρ
364 1855 456 1924 αὐτοῦ
472 1849 525 1940 ἦν,
555 1853 626 1920 άλλά
645 1859 677 1922 έν
692 1855 771 1935 τάξει
787 1856 914 1945 πατρός,
944 1856 1033 1924 άκουε
1053 1863 1106 1924 τοῦ
1124 1856 1216 1926 αάτοῦ
1235 1857 1439 1946 εὐαγγελιστοῦ

290 1962 438 2047 λέγοντος,
459 1967 514 2025 τοῦ
530 1957 702 2045 γράψαντος
718 1957 777 2026 άπό
793 1959 955 2048 προςάπου
972 1965 1097 2046 Μαρίας
1109 1959 1170 2042 ότι,
1189 1958 1264 2047 Ἐηιδ
1280 1965 1333 2028 καί
1350 1959 1370 2029 6
1384 1989 1438 2028 ιτα·

289 2063 344 2150 τήρ
361 2083 416 2129 σου
434 2060 615 2145 ὀδυνώμενοι
632 2062 788 2145 έζητοῦμέν
805 2082 845 2128 σε.
892 2062 988 2128 Πάλιν
1007 2067 1073 2138 τεοῖς
1086 2062 1194 2149 γράφει
1210 2065 1319 2148 λέγων,
1335 2057 1393 2131 Ἠν
1407 2066 1439 2132 δέ

290 2164 410 2250 Ἰησοῦς
430 2162 589 2251 ἀρχόμενος
610 2159 683 2229 εἶναι
705 2189 746 2240 ις
765 2167 837 2230 ἐτοῖν
852 2164 1023 2252 τριάκοντα,
1054 2163 1097 2232 νίν
1113 2163 1193 2246 υἱός,
1224 2163 1265 2244 τίς
1281 2169 1437 2250 ἐνομίζετο,

289 2265 413 2352 Ἰωσήφ.
453 2263 503 2332 Ἐν
517 2266 550 2332 δὲ
562 2273 603 2356 τῷ
618 2269 718 2348 εἰπεῖν,
738 2263 791 2344 Ὡς
804 2269 960 2352 ίνομίζετο,
981 2271 1087 2347 ίδειξεν
1099 2265 1190 2336 αότδν
1204 2266 1245 2352 μή
1258 2264 1335 2338 εἶναι
1345 2267 1440 2336 αότοῦ

290 2369 373 2453 υίδν,
394 2367 465 2437 άλλά
484 2373 663 2454 νομίζεσθαι.

158 2582 225 2650 Κεφ.
242 2574 271 2632 λ’.
370 2573 531 2658 Ἐπιλείψει
552 2577 584 2640 δί
605 2599 657 2658 μοι
677 2572 696 2640 6
715 2573 820 2661 γρόνος
840 2577 1025 2665 διηγουμένῳ
1041 2577 1083 2652 είς
1099 2575 1281 2662 παράστασιν
1297 2583 1353 2660 τῆς
1370 2575 1436 2658 άλη-

289 2681 391 2758 θείας,
418 2681 471 2744 καί
492 2680 535 2754 τίς
555 2679 670 2764 έλιγγον
689 2685 741 2760 τῆς
762 2676 1021 2763 ματαιοφροσόνης
1039 2675 1178 2762 Ἐβίοονος
1199 2680 1249 2744 καί
1269 2686 1325 2744 τοῦ
1345 2677 1437 2746 αάτοῦ

289 2782 569 2866 παραπεποιημένου
595 2778 838 2865 ιματαιόφρονος
854 2784 1067 2848 διδασκαλείου.
1113 2779 1240 2848 ἳίίόθεν
1255 2778 1313 2866 γάρ
1333 2779 1372 2847 οδ
1386 2803 1437 2848 σα·

290 2885 345 2966 φλς
365 2883 404 2950 δν
424 2888 469 2967 είη
491 2881 537 2949 δτι
559 2879 596 2948 αδ
611 2881 706 2966 πατὴρ
725 2875 761 2965 ἦν
777 2879 906 2966 Ἰωσὴφ,
935 2880 995 2948 άλλ’
1010 2885 1042 2950 έν
1057 2881 1133 2962 τάξει
1147 2881 1259 2970 πατρός
1273 2885 1437 2966 ένομίζετος

287 2983 366 3052 Ἰδοό
381 2984 455 3072 γάρ,
483 2985 592 3068 φησίν,
620 2981 640 3068 6
660 2986 810 3070 παρθένος
824 2987 856 3051 έν
869 2989 972 3071 γαστρί
987 2987 1059 3066 έζει,
1087 2987 1137 3052 καί
1154 2989 1259 3064 τέξεται
1273 2984 1356 3065 νίόν,
1385 2987 1440 3052 καλ

170 3119 222 3166 ηις.
234 3107 278 3152 οτι.
293 3086 348 3156 οόκ
366 3085 461 3170 εἶπεν,
487 3085 566 3153 Ἰδοδ
581 3083 603 3170 6
617 3085 700 3173 γυνή.
744 3089 805 3152 Καί
819 3086 908 3154 πάλιν
921 3090 953 3154 έν
968 3089 1056 3176 έεέριμ
1069 3087 1150 3177 τόπρι
1166 3089 1254 3175 λέγει,
1285 3089 1346 3153 Καί
1362 3091 1439 3167 vegs·

289 3217 338 3258 ται
352 3189 374 3275 6
387 3189 524 3274 δάμαλις,
545 3190 597 3255 καί
612 3191 745 3276 έροῢσιν,
771 3186 817 3254 Οό
831 3191 954 3257 τέτοκεν.
995 3186 1114 3274 Ἐπειδὴ
1129 3189 1185 3276 γάρ
1202 3215 1277 3267 τινες
1290 3197 1352 3257 τῶν
1367 3197 1442 3256 Mu·

289 3297 408 3377 νιχαίαν
429 3294 480 3359 καί
502 3298 738 3378 Μαρκιανιστοῖν
758 3293 892 3378 λέγουσιν
911 3290 1002 3359 αδτόν
1023 3290 1064 3376 μὴ
1087 3293 1232 3376 τετέχθαι,
1261 3291 1311 3359 διά
1335 3300 1439 3374 τοῦτο,
1516 3311 1517 3344 6

295 3399 419 3474 Τέξεται,
434 3396 486 3460 καί
501 3397 629 3482 ἐροῦσιν,
646 3391 692 3460 06
704 3395 833 3462 τέτοκεν·
855 3394 956 3478 ἐπειδὴ
970 3392 1008 3461 σά
1022 3393 1170 3479 τέτοκενιό
1185 3399 1291 3482 Μαρία
1303 3399 1337 3462 έττ
1348 3398 1440 3480 σπέρ·
1516 3423 1517 3472 6

291 3524 382 3582 ματος
398 3495 513 3582 άνδρός.
558 3499 620 3562 Καί
635 3489 718 3564 οὗτοι
734 3499 870 3580 μανέντες
885 3497 1002 3582 λέγουσι
1015 3500 1136 3580 ψευδῶς
1154 3500 1187 3563 ίκ
1202 3497 1368 3583 σπέρματος
1385 3496 1441 3564 άν-

290 3599 360 3685 δρός
374 3596 467 3682 αὐτὴν
479 3599 685 3686 γεγεννηκέναι
714 3601 892 3684 Γεγέννηκεν
905 3591 959 3665 σόν
971 3597 992 3683 6
1011 3598 1156 3684 Βδάμαλις
1166 3604 1198 3667 έν
1209 3598 1345 3690 ἀληθείᾳ,
1359 3599 1443 3667 θεόν

289 3701 453 3789 άνθρυπον
466 3704 498 3767 έν
513 3699 645 3790 άληθείμ.
689 3702 751 3765 Καί
764 3699 809 3768 ότι
823 3702 877 3784 μίν
890 3701 1013 3786 δάμαλις
1027 3699 1048 3786 6
1061 3704 1211 3790 παρθένος
1222 3711 1360 3784 καλεῖται,
1383 3705 1443 3769 καί
1516 3733 1517 3790 η

290 3803 323 3870 τό
337 3803 444 3888 ταύτης
456 3808 599 3886 λείψανον
608 3802 794 3890 καθαρισμός
804 3796 843 3888 ἦν
854 3810 914 3870 τοῖν
924 3808 1155 3888 κεκοπωμένων,
1170 3803 1260 3874 όίκονε
1270 3813 1326 3871 τοῦ
1337 3803 1443 3890 νόμον
1516 3791 1517 3880 6

288 3908 437 3993 λέγοντος,
458 3905 543 3990 Λάβε
558 3933 608 3989 μοι
620 3905 744 3989 δάμαλιν
758 3904 887 3992 πυρράν·
909 3910 959 3973 ἵνα
974 3911 1053 3998 δελζη
1067 3905 1100 3974 τδ
1115 3909 1249 3975 έκλεκτδν
1262 3915 1368 3984 σκεῦος
1383 3915 1445 3993 τῆς
1516 3915 1517 3994 6

289 4013 427 4096 Μαρίας,
458 4007 508 4076 διά
527 4006 560 4075 τό
580 4009 734 4095 πυροειδὲς
753 4015 806 4092 τῆς
820 4015 874 4075 τοῦ
891 4017 1024 4096 σωτῆρος
1038 4009 1181 4095 θεότητος
1196 4012 1332 4097 χωρηθίν
1346 4012 1385 4076 έν
1404 4017 1447 4101 τῇ
1516 3995 1517 4066 ί

289 4115 440 4203 παρθένῳ.
484 4116 552 4197 Πῦρ
569 4109 624 4197 γάρ
643 4108 766 4191 όθεός,
789 4113 878 4195 φησί,
900 4116 1116 4180 καταναλίσκον.
1161 4117 1222 4180 Καί
1236 4110 1364 4198 φησινό
1387 4113 1442 4182 νό-

289 4239 360 4297 μος,
382 4212 517 4297 Δάμαλιν
528 4211 659 4300 πυρρόν,
681 4210 728 4295 ἐφ’
745 4205 764 4304 ᾗ
780 4212 867 4300 ζυγός
882 4211 938 4281 οόκ
952 4213 1133 4300 άναβίβηκεν
1147 4217 1199 4282 έπί
1212 4214 1265 4284 τόν
1278 4212 1445 4303 τράχηλον,

291 4471 311 4521 γ
311 4402 383 4523 αιθιρι
395 4404 495 4458 XXIX.
509 4433 544 4446 ·-
560 4407 583 4459 1.
599 4404 644 4460 καλ
660 4397 700 4460 ὅτι
714 4407 781 4458 habet
792 4407 843 4458 cod.
879 4407 1083 4528 ωάθιγὸκξΧΧ.
1106 4433 1138 4446 -
1171 4407 1194 4460 1.
1213 4405 1449 4476 ματαιορρεσθνης
1516 4379 1517 4382 ¹

912 4545 936 4598 2.
953 4539 1077 4612 Πῶτγδρ
1089 4537 1137 4597 είκ
1150 4531 1180 4598 δν
1194 4540 1275 4612 onte
1289 4542 1340 4596 ανδ·
1356 4545 1449 4600 vm
