2984 4996
380 241 513 295 tantun
530 242 593 294 utu.
603 243 624 294 1.
642 241 724 296 Tou.
738 245 780 294 lll.
795 242 893 296 flaua.
905 243 997 296 xant.
1198 233 1258 296 713

85 365 309 452 reperiemus.
353 362 397 429 lta
421 385 479 428 uon
497 363 554 429 iam
574 363 663 426 multa
681 361 847 449 Principia,
877 363 928 428 sed
948 369 1036 428 uuum
1059 363 1132 443 erit,
1164 385 1259 448 equo

89 478 217 532 cetera
233 466 413 553 dependent,
436 467 514 530 etad
531 467 616 530 unius
634 466 784 549 imperium
802 465 940 532 universa
957 468 1138 544 referentum
1161 467 1260 549 sicque

91 571 209 636 fallax
227 590 262 634 ao
280 572 379 634 lucosa
393 569 470 633 illius
485 571 579 632 oratio
593 569 742 646 concidet,
768 568 836 632 nibil
855 569 918 653 ipsa
931 567 1046 652 quidem
1062 567 1194 632 veritatis
1210 567 1261 630 ba-

94 674 205 750 bens,
236 693 271 736 ao
292 672 339 735 vel
360 672 437 736 omui
456 670 657 757 probabilitate
677 671 826 734 destituta.
872 667 967 736 Stulta
988 670 1091 756 quippe
1111 680 1171 734 tota
1189 670 1261 734 baec

97 787 158 841 est
185 776 293 861 opinio.
336 771 414 838 Nam
436 773 461 838 si
482 774 750 838 Adamussalutem
770 773 887 836 minime
910 783 956 836 est
974 773 1111 859 adeptus,
1144 772 1198 836 boo
1217 783 1262 838 est

97 879 181 964 ipsa
201 859 412 962 quodammodo
434 876 552 962 generis
573 895 686 953 massa,
718 896 772 940 neo
795 875 852 939 ulla
876 895 990 940 massae
1013 874 1098 938 buius
1120 874 1263 959 particula⁴

101 981 232 1046 serrari
248 980 363 1065 poterit.
407 977 533 1044 sienim
550 979 597 1063 qui
614 979 722 1065 primus
739 979 866 1042 omnium
881 979 1014 1044 conditus
1031 987 1092 1057 est,
1116 987 1146 1040 et
1161 997 1200 1040 cx
1216 977 1260 1039 in-

102 1093 200 1169 tegra
223 1081 314 1147 adbuc
337 1092 415 1145 terra
435 1083 593 1160 formatus,
624 1081 726 1145 salutis
743 1081 860 1146 minime
877 1092 924 1145 eat
940 1073 1100 1166 particeps,
1134 1097 1208 1163 quae
1224 1076 1259 1141 ub

105 1186 221 1251 eodem
243 1193 308 1248 orla
329 1193 397 1248 sunt
417 1205 473 1269 qno
496 1184 610 1248 tandem
633 1194 718 1268 pacto
739 1184 862 1248 salutem
884 1183 1075 1248 obtinebunt?

202 1285 398 1371 Quamobrem
414 1285 526 1350 duobus
541 1286 633 1350 modis
650 1307 748 1350 secum
767 1288 830 1372 ipsc
845 1297 968 1371 pugnat,
999 1285 1074 1370 quod
1097 1295 1127 1348 et
1143 1282 1258 1368 nuptias
1277 1298 1337 1366 Gap.
1355 1297 1399 1348 tlt.

106 1389 231 1456 auctori
245 1390 297 1452 deo
311 1387 477 1452 tribuendas
493 1399 590 1474 negat,
614 1409 721 1474 easque
736 1388 874 1474 flagitium
888 1400 918 1453 et
931 1387 1103 1453 adulterium
1118 1385 1259 1464 nominat,

107 1504 143 1558 et
158 1492 290 1578 seipsum
303 1491 489 1556 nibilominus
505 1512 522 1555 e
539 1491 657 1556 muliere
672 1503 842 1577 prognatum
860 1503 947 1576 atque
962 1511 1002 1555 ex
1019 1490 1097 1554 virili
1114 1500 1179 1553 satu
1194 1510 1260 1575 pro·

108 1607 248 1660 creatum
271 1593 383 1658 servari
405 1615 491 1679 posse
513 1594 641 1658 confidit.
687 1590 753 1676 Qua
771 1594 884 1678 quidem
899 1594 1011 1658 ratione
1028 1593 1153 1678 priorem
1169 1592 1259 1670 illam,

108 1719 204 1784 quam
224 1697 329 1781 nuptiis
347 1695 541 1782 imposuerat,
572 1697 775 1761 contumeliam
798 1697 928 1762 rescidit.
974 1693 1006 1762 si
1029 1695 1106 1760 enim
1129 1695 1177 1759 ille
1198 1695 1260 1779 ipse

112 1799 261 1886 originem
279 1799 396 1864 trahens
412 1819 429 1862 e
446 1799 553 1885 nuptiis
570 1800 692 1864 salutem
707 1799 911 1884 consequitur,
936 1820 994 1863 uon
1012 1797 1100 1884 igitur
1115 1797 1261 1860 detestan-

113 1903 173 1968 dae
199 1912 266 1967 suut
289 1902 421 1987 nuptiae,
454 1922 527 1986 quae
550 1923 602 1966 eos
627 1902 763 1986 gignant,
798 1902 901 1986 quibus
925 1903 1003 1966 salus
1030 1900 1181 1966 tribuenda
1210 1898 1260 1978 sit,

114 2025 325 2092 quamcumque
347 2004 461 2068 demum
485 2015 594 2090 partern
618 2003 736 2088 eligant.
782 2000 867 2086 Quod
890 2005 914 2066 si
939 2023 1009 2067 vcra
1032 2002 1071 2067 sit
1094 2001 1261 2064 corumdem

115 2107 278 2184 renuntia,
309 2117 340 2170 ut
354 2107 471 2171 illicitae
488 2107 547 2170 sint
564 2107 697 2192 nuptiae,
730 2116 810 2171 tauto
829 2107 920 2190 magis
939 2107 1081 2169 Adamum
1099 2103 1192 2190 ipsum
1211 2123 1263 2190 par

118 2219 168 2274 est
181 2209 280 2273 salutis
297 2219 457 2294 compotem
474 2208 554 2288 deri,
578 2210 625 2292 qui
642 2209 728 2273 nullis
745 2219 918 2295 propagatus
934 2207 1041 2294 nuptiis
1056 2207 1145 2290 patris
1162 2227 1197 2268 ao
1213 2205 1263 2268 lilii

117 2322 150 2377 et
165 2311 282 2397 spiritus
299 2311 391 2374 sancti
408 2331 494 2373 mauu
509 2321 554 2373 ost
568 2311 688 2391 effictus,
713 2312 950 2397 quemadmodum
967 2310 1109 2394 scripturn
1127 2319 1261 2387 testatur,
1351 2301 1354 2310 ⁴

120 2435 184 2479 enm
210 2413 250 2476 ita
273 2424 355 2498 pater
378 2413 464 2477 blium
487 2412 636 2497 alloquens
658 2414 865 2478 introducitur:
898 2418 1046 2475 Frontinus
1066 2416 1201 2474 donabam
1223 2413 1262 2472 od
1273 2427 1330 2471 oon.
1340 2427 1360 2482 1,
1370 2425 1403 2471 aa.

121 2521 282 2598 onagrum,
313 2528 342 2577 et
358 2518 564 2578 similitudinem
581 2527 715 2578 nostrum.
762 2512 820 2598 Qui
839 2536 927 2601 porro
946 2514 1084 2578 convenit
1102 2514 1259 2595 Adamum,

121 2639 205 2706 quam
220 2637 273 2703 pro
289 2617 442 2702 desperato
456 2617 563 2695 babes,
587 2618 711 2681 asaluta
726 2617 850 2682 alienum
867 2638 945 2696 esse,
970 2638 1034 2682 cum
1051 2618 1183 2682 dominus
1199 2619 1261 2712 ipse

121 2721 204 2788 lesus
221 2716 356 2785 Christus
378 2721 406 2783 in
426 2721 501 2784 bunc
520 2721 654 2784 mundum
671 2720 793 2785 venicus
810 2721 869 2784 vite
887 2721 943 2784 ianr
962 2720 1112 2784 defunctos
1131 2720 1260 2786 homiues
1274 2735 1396 2848 {2¹:2¹¹}st

122 2841 242 2910 corpore
255 2823 319 2908 ipso
333 2822 492 2902 suscitarit,
517 2823 556 2886 uti
573 2820 732 2901 Lazarum,
756 2844 790 2886 ao
806 2822 910 2886 viduae
926 2823 1025 2901 blium,
1049 2832 1077 2885 et
1092 2843 1262 2908 synagogae
1276 2873 1349 2918 unre-
1361 2871 1382 2916 5,

122 2925 258 3013 principis
280 2924 377 2988 liliam.
422 2921 500 2988 Nam
520 2925 544 2987 si
562 2924 588 2987 is
605 2939 782 3010 nequaquam
799 2924 942 2989 aldamum
956 2925 1039 2988 initio
1055 2924 1090 2989 de
1108 2935 1185 2989 terra
1204 2927 1262 2990 lor·

122 3036 246 3104 masset,
276 3047 329 3089 cur
350 3025 378 3089 in
397 3026 512 3090 bumum
529 3026 671 3111 despuens
693 3028 782 3093 lutum
800 3030 926 3106 laceret,
957 3029 1076 3114 eiusque
1095 3029 1142 3112 qui
1158 3047 1263 3092 caecus

127 3140 210 3194 uatus
229 3131 324 3193 luerat
339 3129 430 3192 oculis
446 3128 588 3207 illiueret,
612 3130 696 3213 eique
712 3130 805 3193 visum
820 3131 973 3194 redderctl
1017 3127 1084 3213 Quo
1102 3132 1179 3194 lactu
1193 3151 1263 3193 con·
1362 3118 1364 3125 ⁸

125 3231 242 3296 ditarem
258 3251 290 3295 se
304 3251 371 3296 esse
384 3253 448 3295 cunr
463 3242 544 3316 patre
559 3252 594 3294 ao
608 3232 709 3317 spirito
724 3243 825 3297 sancto
840 3233 992 3308 manifeste
1008 3231 1178 3312 declaravit,
1197 3253 1261 3297 oum

127 3344 232 3421 partem
249 3333 342 3413 illam,
365 3353 439 3417 quae
457 3353 544 3398 eaeoo
563 3345 630 3398 nato
648 3335 763 3414 deerat,
788 3336 926 3422 adsperso
947 3337 1024 3415 luto,
1048 3334 1178 3400 mutilato
1197 3357 1262 3400 cor·
1306 3347 1311 3358 ’

127 3435 202 3522 poris
222 3435 351 3500 membro
373 3436 509 3500 restituit.
554 3433 595 3501 Ut
616 3437 843 3502 enim-maneum
862 3437 938 3502 istud
955 3437 1113 3503 membrum
1133 3441 1262 3524 corrige·

128 3549 188 3619 ret,
218 3539 272 3602 bue
289 3538 385 3622 egisse
401 3539 528 3603 videtur.
572 3535 633 3603 lam
653 3561 724 3604 veru
742 3541 767 3604 si
784 3540 926 3604 Adonem
945 3541 1077 3606 domiuus
1095 3540 1159 3627 ipse
1177 3542 1264 3606 labri·

130 3641 216 3720 canit,
238 3661 273 3704 ac
288 3641 410 3726 primum
425 3641 495 3707 illud
512 3663 596 3706 suum
613 3663 684 3728 opus
703 3641 886 3708 nibilominus
902 3643 1091 3723 exterminat,
1115 3646 1182 3708 dum
1195 3645 1263 3710 reli-

131 3765 196 3830 quus
211 3743 326 3808 iuterim
345 3754 461 3824 servat,
484 3754 591 3830 quanta
606 3745 693 3825 baee,
718 3743 861 3825 Tadiano,
886 3745 1007 3811 stultitia
1024 3748 1090 3810 est'l
1132 3745 1263 3812 lurbacil·

130 3845 230 3912 litatem
248 3846 324 3910 enim
341 3846 468 3926 domino,
488 3846 670 3932 quantumin
687 3859 786 3926 tuest,
805 3848 935 3932 affingis,
959 3850 1086 3934 quicum
1105 3851 1261 3932 bominem,

132 3969 207 4033 quau
221 3959 290 4013 ante
306 3969 407 4014 omues
421 3950 590 4028 effinxerat,
614 3949 651 4014 ob
667 3950 780 4014 unicum
794 3951 894 4014 violati
911 3951 1037 4016 mandati
1052 3953 1161 4017 crimen
1176 3974 1192 4018 e
1206 3952 1263 4018 Pa·

134 4050 221 4116 radioo
236 4052 403 4135 depulsum,
427 4072 489 4116 uec,
499 4052 638 4117 mediocri
654 4053 906 4118 animadversione
924 4055 1112 4139 castigatum,
1136 4065 1167 4119 ut
1183 4067 1263 4121 aeta·

133 4209 192 4269 auus
208 4207 300 4257 Patcutt
319 4207 499 4257 totmdotlonm
519 4211 608 4259 emtus
628 4222 674 4260 non
705 4209 766 4258 relic
780 4213 922 4272 admoturos,
945 4211 1023 4260 litarat
1039 4211 1052 4261 ἔ
1068 4213 1089 4259 ct
1105 4213 1118 4262 ῑ
1136 4215 1158 4260 at
1172 4215 1195 4276 pt
1205 4213 1261 4262 tota-

134 4274 228 4324 dutitooa'
243 4277 269 4325 tn
285 4272 410 4340 εἰρημένον
427 4279 525 4325 mutare.
706 4279 761 4326 tant
782 4279 806 4327 tn
821 4280 912 4339 sodada
930 4280 964 4329 ao
983 4281 1047 4328 uerbi
1067 4281 1129 4340 duod
1145 4283 1263 4342 mcaoedtt

163 4339 260 4393 amon
276 4345 358 4394 tabent
372 4341 476 4412 βιίπιιν,
493 4341 534 4396 ua
548 4349 597 4395 cett.
628 4347 673 4396 lta·
707 4341 818 4413 βλιπειν,
842 4350 863 4396 ct
883 4348 1007 4413 tttaromr]
1029 4349 1144 4410 otaorpnt
1162 4351 1259 4399 tttcrat

134 4411 192 4474 ponti
205 4407 315 4477 βλέπειν,
339 4408 362 4465 al
397 4407 415 4477 nl
432 4409 473 4464 luc
489 4415 538 4462 osta.
576 4414 673 4463 Vmutc-
705 4416 812 4464 ooeobutt
827 4411 882 4480 lon,
900 4415 963 4477 cuod
977 4417 1086 4478 scrutur.

135 4491 179 4528 run
191 4479 294 4530 uidcllm
315 4477 337 4532 sl
353 4429 405 4547 tul,
429 4493 490 4542 w
505 4479 543 4532 dle
557 4481 674 4538 cadmo
