3036 4998
262 261 322 324 296
676 268 795 321 ειαοτι
813 267 978 322 nummu

261 386 340 477 αύτῷ
357 383 529 471 ἅνθρωπος,
543 386 593 450 ίνα
609 381 649 468 μή
664 383 737 475 εῦρῃ
751 382 899 470 πρόφασιν
914 381 1064 468 ύἘβίοτν.
1108 387 1151 450 El
1161 382 1217 471 γύρ
1234 381 1306 464 είιτε,
1327 389 1407 472 Γριί·

261 509 315 572 ψει
330 491 362 555 έν
375 485 454 576 αύτςῦ
469 485 642 571 ύνθροιπος,
663 484 736 570 είῃεν
749 489 836 552 εἰπεῖν
851 485 898 552 ὅτι
913 484 1077 571 ύνθροιπος
1087 483 1195 571 Ἰοισήφ
1209 489 1332 575 ἔσπειρε,
1355 491 1408 554 καί

262 595 295 660 έιι
314 593 478 676 σπέρματος
497 587 606 676 ῦνίρύς
623 589 766 675 ἐγεννήθη
785 587 918 674 Χριστός.
966 595 1013 677 Τςῦ
1032 589 1065 654 δέ
1081 585 1185 678 Ἡσαΐᾳ
1203 589 1262 676 πρύ
1281 593 1406 657 ἑπτακο-

262 699 333 762 σίοιν
348 699 616 778 πεντηκοντατριῦν
630 685 705 758 έτῦν
722 696 805 758 πλείω
820 689 841 774 ή
858 688 968 756 έλύσσοι
983 693 1074 776 ἔλεγε,
1106 691 1245 778 Γραίψον,
1275 695 1326 758 ίνα
1344 691 1407 760 οίπύ

263 805 317 863 τοῦ
338 801 443 880 καιροῦ
462 800 516 860 τοῦ
538 792 732 878 διαστήματος
747 792 832 883 ὀφθῇ
852 799 932 858 πᾶσα
946 790 968 875 ή
985 790 1127 876 ύλήθεια,
1155 793 1200 861 ὅτι
1215 791 1315 872 οῦδείς
1330 794 1407 879 ήῦύ-

263 925 333 966 νατο
348 898 406 984 πρύ
423 899 602 962 ἑπτακοσίων
620 901 884 981 πεντηκοντατριῦν
900 897 974 961 έτῦν
990 905 1107 982 σπεῖραι
1123 895 1173 962 τύν
1188 899 1326 981 μέλλοντα
1342 925 1406 984 γεν-

263 1009 379 1067 νᾶσθαι.
425 991 517 1085 θἈρα
535 990 589 1065 ούν
604 997 699 1082 μύτην
713 1000 783 1085 λέγει
799 1005 840 1086 τῷ
858 995 1014 1088 προφήτῃ,
1043 997 1182 1083 Γράψον,
1213 997 1303 1083 Οῦγλ,
1333 999 1406 1066 α’ίλοί

263 1108 312 1170 ίνα
326 1107 405 1191 δείξῃ
420 1100 452 1168 τύ
467 1099 629 1183 πνεύματί
644 1099 723 1188 ἅγιον
735 1097 767 1166 τύ
782 1101 813 1166 έν
827 1107 867 1189 τρῦ
880 1100 1021 1190 προφήτῃ
1037 1097 1108 1166 αύτεί
1124 1100 1310 1187 ένεργητιιιύν
1321 1103 1407 1188 γενύ·

264 1231 349 1290 μενον
374 1213 426 1288 τῆς
446 1203 618 1288 συλλήψεως
637 1210 690 1286 τῆς
710 1199 852 1288 ένσοίριιον
877 1208 1006 1289 Χριστοῦ
1027 1207 1191 1290 παρουσίας
1213 1205 1245 1270 έν
1265 1201 1405 1294 ύληθείφ.

265 1315 386 1390 Πνεῦμα
408 1305 464 1393 γὰρ
487 1306 570 1392 ἅγιον
591 1295 765 1371 ἐπελεύσεται
786 1306 836 1370 έπί
855 1305 903 1384 σέ,
933 1307 1026 1388 φησίν
1047 1302 1064 1370 ύ
1083 1304 1201 1392 ἄγγελος
1217 1306 1349 1394 Γαβριήλ
1367 1317 1406 1398 τῇ

262 1415 386 1499 Μαρίᾳ,
416 1409 467 1475 καὶ
488 1407 523 1473 τύ
545 1411 619 1492 έξής.
667 1406 704 1474 Τι’
724 1407 769 1487 δέ,
792 1411 919 1490 Γραφίίι
937 1404 1117 1494 ύνθρύπον,
1145 1411 1292 1476 τουτέστιν
1311 1409 1406 1477 τίιιύνι

262 1510 434 1600 οίνθροίπου.
469 1508 651 1597 ’Ἀνθρωπος
666 1511 698 1576 δέ
710 1507 837 1595 Χριστύς
848 1507 975 1592 Ἰησοῦς,
996 1515 1113 1594 μεσίτης
1127 1518 1203 1577 θεοῦ
1217 1513 1267 1577 καί
1281 1509 1406 1600 ύνθραί·

262 1641 338 1698 πον,
362 1611 463 1696 έπειθή
479 1611 595 1680 ίίνοιθεν
610 1605 685 1696 ἦλθε
697 1610 769 1688 θεὸς
786 1611 888 1698 λόγος,
910 1615 944 1678 έιι
959 1616 1083 1700 Μαρίας
1098 1614 1129 1678 δέ
1144 1611 1323 1699 ίίνθριοπος,
1347 1614 1406 1682 ούιι
1506 1629 1507 1654 ¹

143 1755 193 1800 pag.
207 1742 251 1787 ιιι.
265 1717 322 1784 dud
344 1718 509 1802 σπέρματος
531 1713 639 1801 οίνθρύς
658 1716 866 1802 γεγεννημένος.
912 1716 973 1779 Καὶ
991 1713 1041 1780 θιιί
1058 1722 1144 1782 τοῦτο
1162 1712 1255 1792 εύθύς
1273 1740 1370 1800 φησιν
1389 1715 1407 1783 ύ

263 1819 434 1906 προφήτης,
465 1819 525 1883 Καὶ
542 1821 657 1900 είςήλθε
671 1816 744 1904 τρύς
759 1816 814 1900 τήν
831 1825 995 1903 προφήτιν,
1025 1820 1074 1882 ίνα
1090 1821 1169 1908 δείξῃ
1185 1826 1334 1904 προφῆτιν
1350 1818 1407 1902 τήν

265 1927 402 2010 Μαρίαν,
423 1922 475 1987 ιιαί
489 1918 554 2004 οὐχί
566 1919 621 2004 τήν
635 1929 756 2007 γυναῖκα
766 1918 865 2004 Ἆγαζ,
888 1919 929 1995 ῦς
942 1943 1017 1995 τινες
1032 1926 1198 1986 πλανῶνται
1215 1918 1407 2001 4φύσιιοντες

264 2023 314 2092 διαί
328 2023 379 2092 τὸν
394 2022 519 2103 Ἐζεκίαν
536 2026 677 2110 είρήσθαι.
710 2021 787 2106 Ἤδη
804 2023 859 2109 γύρ
876 2019 1034 2101 ύἘζειιίας
1049 2023 1152 2088 §vom
1167 2025 1217 2106 ἔτη
1233 2020 1289 2106 είχε
1306 2049 1406 2110 γεγεν-

264 2129 394 2211 νημένος.
442 2133 490 2214 Τρί
503 2124 558 2212 γύρ
571 2125 663 2215 ίνύτςο
675 2127 730 2192 έτει
744 2133 797 2208 τῆς
812 2132 865 2192 τοῦ
882 2123 993 2212 πατρίς
1007 2122 1099 2192 αὐτοῦ
1112 2129 1257 2206 βασιλείας
1270 2124 1305 2192 τύ
1321 2131 1406 2212 βῆμα

263 2227 476 2317 προεφητεύετο
492 2228 547 2308 ὅτι,
568 2226 653 2310 Ἰδού,
675 2225 693 2312 ή
708 2229 856 2313 παρθένος
873 2230 905 2293 έν
921 2229 1022 2314 γαστρί
1035 2229 1106 2305 ἕξει·
1126 2229 1175 2292 τινί
1193 2226 1264 2310 μετὰ
1279 2228 1315 2296 τύ
1329 2228 1404 2297 ἄπο·

264 2341 369 2398 θανεῖν
389 2330 440 2396 τύν
455 2329 555 2415 Ἅχαζ,
588 2329 793 2413 βασιλεύσαντα
818 2332 1013 2415 δεκατέσσαρα
1037 2331 1088 2412 ἔτη
1109 2331 1161 2394 καί
1183 2330 1405 2414 τελευτήσαντα,
1506 2393 1507 2416 ,

264 2433 357 2510 εὐθύς
375 2455 466 2517 φησιν
483 2431 504 2517 ή
519 2433 634 2520 γραφή,
665 2435 725 2498 Καί
740 2436 921 2516 ἐβασίλευσεν
932 2430 1071 2515 Ἐζεκίας,
1101 2424 1205 2514 καλήν
1220 2435 1314 2500 είιιοσι
1330 2437 1408 2502 ἐτοῖν

149 2534 154 2545 ’
264 2541 295 2605 ἒν
314 2544 355 2627 τῷ
373 2535 535 2619 βασιλεύειν
553 2535 649 2601 αύτόν.
694 2543 764 2612 Πῦς
780 2528 834 2600 οὖν
855 2538 887 2601 έν
902 2542 938 2624 τῇ
954 2538 1085 2622 βασιλείῃ
1101 2542 1155 2600 τοῦ
1168 2534 1280 2620 πατρίς
1296 2535 1406 2616 αύτοῦ,

263 2643 517 2727 τεσσαρεςκαίὸειια
530 2641 579 2722 έτη
592 2635 685 2704 αύτοῦ
697 2635 926 2722 βασιλεύσαντος,
943 2639 1202 2724 προφητευομένου
1215 2645 1269 2704 τοῦ
1281 2641 1316 2704 ίιι
1328 2665 1406 2727 παρ-

263 2743 355 2808 θένου
375 2743 531 2827 γενομένου
551 2739 745 2824 Ἐμμανουήλ,
774 2738 899 2819 Ἐζεκίας
919 2739 1144 2827 γεννηθήσεται,
1175 2738 1193 2807 ύ
1213 2744 1308 2808 είκοσι
1328 2745 1407 2810 έτοῦν

262 2842 434 2928 βασιλεύσας
453 2840 524 2926 μεταί
543 2841 595 2908 τύν
612 2841 703 2910 αύτσῦ
721 2846 844 2930 πατέρας
874 2846 926 2910 καί
946 2840 1012 2926 ούχί
1031 2849 1141 2926 μᾶλλον
1157 2841 1319 2926 φανήσεται
1340 2856 1407 2923 τοῖς

263 2955 392 3022 συνετοῐς
405 2944 449 3011 ὅτι
462 2943 519 3028 ήδη
532 2943 644 3032 ύπήρχε
657 2948 806 3032 γεννηθείς
817 2944 865 3011 ὅτε
877 2943 896 3011 ύ
908 2944 1065 3031 προφήτης
1078 2945 1260 3032 προεφήτευε
1273 2945 1306 3013 τύ
1321 2952 1407 3033 ῥῆμα
1506 2955 1507 3030 ί

264 3053 312 3117 έπί
325 3057 377 3134 τής
389 3045 538 3130 τοῦ”Αχαζ
548 3046 659 3133 πατρύς
672 3055 724 3133 τῆς
732 3056 784 3114 τοῦ
793 3047 921 3127 Ἐζεκίου
935 3051 1095 3131 βασιλείαςς
1111 3046 1233 3131 μάλιστα
1244 3047 1316 3118 οῦδὲ
1330 3077 1408 3136 προ-
1506 3119 1507 3124 1

262 3151 387 3236 φήτιῦος
402 3148 494 3234 ούσης
508 3157 561 3232 τῆς
573 3145 720 3234 τοῦ”Λγαζ
731 3149 879 3236 γυναικός,
902 3148 942 3227 τίς
956 3154 1044 3216 παντί
1060 3177 1101 3239 τρι
1116 3149 1205 3232 ῦήλύν
1218 3153 1286 3217 έστε.
1331 3159 1406 3219 Μα-
1506 3157 1507 3172 ’

262 3382 297 3440 με
314 3361 405 3421 παῖσαι
423 3357 456 3418 αί
469 3358 563 3439 γενεαί
580 3364 633 3440 τῆς
648 3363 710 3442 γῆς.
753 3354 836 3442 Πρύς
853 3355 892 3440 ήν
911 3358 1024 3440 είςῆλθε
1042 3353 1186 3440 Γαβριήλ,
1216 3357 1268 3421 τεαί
1285 3353 1406 3442 εύηγγε-

261 3462 358 3525 λίσατο
380 3455 421 3533 τίς
441 3455 474 3524 τύ
491 3466 603 3542 πνεῦμα
618 3457 759 3525 ἐλεύσεται
777 3460 832 3524 οέν
847 3457 936 3550 αὐτῇ,
966 3456 999 3523 τύ
1016 3461 1046 3525 έν
1061 3454 1165 3524 Ἠσαία
1178 3465 1322 3542 λαλήσαν,
1352 3461 1407 3526 καί

260 3559 388 3647 γεννήσει
402 3559 478 3640 νίύν,
499 3559 550 3626 τείν
563 3560 665 3647 κύριον
677 3559 759 3644 ήμῶν
769 3559 884 3644 Ἰησοῦν
898 3558 1036 3647 Χριστύν,
1056 3559 1107 3627 aad
1119 3560 1286 3643 πνεύματος
1301 3559 1405 3648 ύγίον,

262 3665 311 3728 ιιαί
328 3661 383 3728 ούιι
400 3661 460 3729 οίιιῦ
478 3665 642 3751 σπέρματος
659 3661 780 3749 ύνῦρύς,
803 3661 843 3741 τίς
860 3655 943 3732 οὗτοι
959 3661 1153 3750 οίφραίνοντες
1170 3666 1222 3730 καί
1238 3663 1406 3748 σφαλλόμε-

261 3792 309 3832 νοι
328 3770 557 3850 βλασφημοῦσιν.

114 4083 180 4152 Κεφ.
201 4083 246 4158 ιβ’.
345 4070 525 4162 Ἑλήλεγτιται
545 4074 577 4140 δὲ
596 4079 650 4140 τοῦ
668 4070 883 4159 ματαιύφρονος
903 4074 954 4138 ιιαί
971 4070 1202 4157 ὁσαββοτισμύς
1218 4075 1269 4140 ιιαί
1286 4071 1306 4156 ή
1321 4099 1407 4158 περι-
1506 4065 1507 4088 ’

262 4173 352 4259 τομή,
379 4180 428 4243 καί
448 4181 478 4244 οί
492 4175 562 4244 καθ’
576 4173 689 4262 ήμέρον
704 4178 861 4260 βαπτισμοί
880 4171 930 4240 ῦπ’
947 4173 1039 4243 αύτοῦ
1060 4172 1240 4262 ιγινόμενοι.ι
1279 4175 1329 4242 Ἐν
1344 4177 1405 4265 γύρ

261 4278 397 4369 σαββύτρτ
415 4288 606 4364 φιλοτιμεῖται
628 4277 663 4344 τύ
680 4287 797 4345 πλείστα
814 4275 993 4365 θεραπεύειν
1009 4276 1131 4363 Ἰησοῦς.
1175 4282 1237 4346 Καὶ
1253 4277 1291 4347 ού
1308 4278 1407 4364 μόνον

294 4437 319 4490 3.
338 4425 387 4502 ἆρα
403 4441 453 4490 τοι.
470 4439 566 4503 amia.
601 4430 650 4504 ἄρα
665 4439 720 4490 editi
733 4440 793 4488 libri.
843 4453 872 4490 ιτ
886 4439 937 4489 τοῦ.
955 4440 1028 4490 γοῦν.

293 4503 316 4559 4.
331 4499 475 4572 φοίσαοιτες,
495 4509 556 4570 quod
568 4509 637 4571 νολςο
649 4510 721 4570 abest,
734 4508 810 4556 adieci
876 4505 901 4558 5.
917 4507 957 4558 sio
971 4508 1021 4560 τοῦ.
1036 4505 1132 4568 amaea.
1152 4509 1173 4556 τι
1193 4507 1249 4558 editi
1265 4505 1326 4556 ίίθή.
1364 4499 1407 4558 ἐπ’
