3008 4996
328 307 464 360 rinnau
482 309 545 362 nra.
557 311 578 362 t.
595 309 677 362 rom.
693 310 724 360 u.
741 309 964 362 utrumn.
1160 301 1221 364 203

86 437 176 512 ruptas
194 425 270 492 alian
291 425 355 490 rina
377 447 414 490 ao
432 427 601 492 salebrosas
617 449 664 492 me
685 429 853 509 conteram,
877 449 936 492 non
956 441 988 493 ot
1006 431 1063 494 iter
1084 449 1137 515 per
1156 430 1223 494 ittae

86 528 195 608 iaciam,
218 528 271 592 aed
289 538 320 593 ut
336 528 450 592 ominus
466 528 504 592 iia
522 539 746 593 commonstrem
768 531 816 614 qui
832 531 1007 614 asperitates
1025 531 1091 595 illas
1112 553 1222 615 cogno·

85 649 177 708 acere,
200 641 231 693 et
245 630 281 692 ad
297 640 408 693 arctam
426 630 502 694 iilam
520 642 731 714 angustamque
750 631 844 708 viam,
868 652 943 713 quae
960 635 994 694 ad
1011 643 1160 696 aeternam
1179 634 1223 696 vi·

85 741 134 794 tan
157 731 307 817 perducit,
330 731 490 815 confugere
513 730 677 809 vetuerint,
701 733 788 794 iatam
809 751 880 794 vero
904 751 938 794 ac
957 733 1114 816 spatiosam
1136 733 1222 797 aliam

84 832 253 917 relinquere,
276 852 350 916 qnae
364 833 455 917 apicis
469 833 632 917 intercepta
648 842 678 894 et
693 831 876 895 nitendioniia
891 831 1039 916 impedita,
1063 855 1156 897 coeno
1170 834 1223 897 nb·

85 1035 232 1117 pudicitiae
246 1056 281 1098 ac
299 1033 425 1098 libidinis
441 1034 659 1098 similitudinem
678 1035 770 1098 reiert
789 1055 882 1118 genus
897 1034 965 1098 iilud
981 1037 1127 1120 serpentia
1143 1047 1223 1104 atro-

83 1133 221 1200 cissimum
239 1136 286 1200 oui
305 1147 409 1216 portas
424 1141 549 1216 exportat
565 1141 676 1216 name
694 1155 800 1200 nomeu
820 1143 954 1199 vetustas
968 1135 1081 1200 indidit.
1127 1135 1222 1200 Huius

83 1236 149 1300 euim
166 1249 270 1302 natura
287 1236 401 1300 iiiorum
420 1235 567 1320 nequitiae
584 1257 670 1320 quam
688 1235 834 1300 simillimo
851 1247 912 1317 est3
937 1237 985 1320 qui
1002 1259 1067 1300 cum
1084 1238 1222 1302 mascuiia

84 1349 126 1400 aut
145 1339 261 1404 icmiuia
277 1337 483 1422 turpitudinem
501 1348 651 1423 patrantes
667 1358 768 1401 semen
785 1337 939 1402 infundere
958 1338 1126 1424 prohibent,
1150 1338 1222 1402 imi·

83 1447 188 1524 tamqne
212 1439 320 1504 creatis
341 1438 428 1502 rebus
450 1459 467 1503 a
492 1440 547 1503 deo
571 1439 822 1524 propagandorum
842 1437 900 1502 vim
918 1441 1027 1503 fetuum
1050 1441 1219 1523 extingunt.

83 1536 154 1604 Unde
173 1552 206 1606 et
223 1542 373 1626 apostolus
392 1540 433 1604 ita
452 1540 586 1626 scripsitr
617 1545 774 1602 Mercedem
797 1561 879 1620 quom
901 1545 1024 1621 oportuit
1044 1547 1152 1603 mord
1172 1546 1222 1602 ani
1230 1553 1297 1600 aare
1306 1555 1327 1612 1,
1338 1555 1372 1599 aa.

83 1645 220 1724 tampsii
242 1647 408 1724 recipientes
428 1651 486 1705 eto.
533 1639 585 1706 Sio
607 1643 684 1704 enim
707 1641 823 1704 ierant:
849 1651 947 1720 partus
967 1651 1116 1725 expertem
1139 1643 1218 1706 iiiam

83 1741 203 1826 viperam
220 1743 356 1808 titillante
376 1743 502 1807 libidinis
520 1743 670 1828 voluptate
687 1763 797 1806 marem
820 1743 905 1806 simut
926 1763 961 1804 ao
985 1744 1121 1807 feminam
1143 1744 1221 1808 inter

83 1863 110 1906 se
125 1845 325 1925 commisceri,
346 1865 453 1928 anper
471 1865 505 1908 oa
519 1845 677 1927 congredi3
701 1845 799 1907 hiante
814 1843 957 1926 siquidem
979 1845 1087 1908 femina
1109 1867 1219 1910 marem

83 2047 160 2128 dere,
185 2049 390 2130 exhaustoque
411 2049 487 2129 qnod
508 2067 547 2110 ex
563 2067 614 2110 cre
632 2046 760 2110 tesuttn
775 2065 891 2110 veneno
907 2050 996 2109 tetum
1014 2048 1103 2112 maria
1121 2069 1156 2111 ac
1178 2051 1220 2112 ie-

81 2147 165 2214 mime
180 2170 236 2236 par
250 2151 279 2212 iu
297 2159 382 2213 utero
397 2169 515 2231 gerere.
560 2143 593 2210 id
609 2148 656 2211 ubi
674 2148 821 2226 creverit,
845 2168 909 2211 cum
928 2149 1036 2212 nulium
1055 2171 1112 2234 quo
1128 2151 1158 2214 iu
1176 2152 1221 2215 iu·

81 2268 135 2312 cena
157 2261 292 2335 erumpat
315 2252 427 2314 exitum
450 2250 578 2334 reperit,
608 2259 771 2312 maternum
795 2250 871 2313 latua
896 2253 1091 2334 pertundere,
1121 2251 1220 2335 itaque

82 2369 136 2413 cnm
150 2351 302 2436 utriusque
319 2351 450 2436 parentia
469 2349 589 2414 interitu
607 2351 701 2414 nasei.
745 2348 818 2414 inde
832 2363 935 2432 portas
951 2364 1092 2432 arpen-tem
1110 2373 1220 2436 cogno·

81 2451 184 2518 minari.
231 2452 289 2518 Eat
313 2472 386 2516 vero
411 2471 480 2537 prae
506 2453 632 2517 caeteris
659 2452 723 2516 dira
745 2452 930 2535 serpentibus
956 2473 991 2515 ac
1016 2452 1217 2532 formidabitis,

81 2573 147 2636 qnae
167 2557 247 2620 intra
272 2575 341 2620 aeae
364 2575 474 2616 marem
493 2565 614 2632 enecat,
637 2565 724 2637 atquc
748 2573 799 2616 ore
820 2555 884 2637 ipso
906 2555 1072 2618 foeditatem
1095 2555 1218 2640 excipit.

80 2650 149 2720 Huic
163 2679 252 2744 porro
271 2656 387 2740 gemina
402 2655 506 2719 incana
520 2655 569 2718 iila
585 2654 716 2718 haeresis
734 2666 791 2734 cat,
815 2655 898 2718 cuius
917 2675 971 2718 noa
987 2657 1082 2741 capite
1099 2677 1135 2719 ac
1153 2677 1220 2720 cor·

81 2775 160 2838 porc,
182 2757 307 2842 eiusque
326 2758 388 2820 ietn
409 2757 487 2820 omni
507 2757 586 2820 ritae
609 2755 714 2852 bacuio
730 2756 864 2820 contritis
881 2755 917 2819 ad
932 2756 1004 2819 aiias
1022 2768 1217 2835 transeamus,

80 2855 223 2941 implorata
249 2859 377 2924 numinis
398 2879 470 2945 ope,
494 2857 543 2921 cui
564 2858 659 2922 hoctor
680 2867 711 2922 et
729 2856 881 2943 imperium
899 2857 929 2921 in
949 2858 1067 2921 saecuta
1086 2859 1219 2922 saecuto·

80 2979 153 3039 rom,
176 2963 286 3026 Amen.

299 3505 525 3583 OONTRA
551 3506 995 3600 nummisma,

274 3651 355 3722 quae
393 3633 445 3701 ent
478 3625 625 3702 haeresia
653 3627 752 3721 vlt,
787 3629 842 3704 vet
870 3627 1016 3703 XXVII.

153 3773 324 3840 Secundum
343 3776 396 3840 hoa
416 3777 490 3841 aiios
504 3777 620 3860 qnidam
639 3774 805 3864 Carpocraa
822 3778 938 3857 extitit,
962 3776 1012 3861 qui
1028 3797 1067 3840 ex
1085 3775 1216 3838 mendaci
1236 3778 1293 3847 cap.
1308 3782 1327 3831 1.

80 3869 190 3958 ingenio
213 3898 270 3942 auo
292 3879 438 3963 propriam
456 3879 598 3962 quandam
619 3901 654 3944 ac
675 3880 816 3944 nefariam
836 3891 946 3944 sectam
965 3876 1164 3962 excogitavit,
1188 3889 1219 3941 et

80 3978 206 4044 omnibus
234 4000 348 4042 morum
376 3981 430 4044 init
454 3980 599 4066 pravitate
624 3983 764 4045 deterior.
808 3981 892 4044 Haec
917 3979 994 4044 enim
1020 3979 1152 4044 haeresis
1179 3999 1219 4042 ex

79 4079 199 4144 onoinm
219 4081 370 4146 erroribus
389 4083 527 4160 effloruit,
552 4079 699 4160 Simonis,
723 4081 852 4168 inquam,
877 4093 907 4147 et
921 4079 1088 4160 Menandri,
1113 4078 1219 4145 Satur-

79 4179 123 4242 niti
137 4203 172 4246 ao
185 4181 336 4248 Basilidae
352 4194 382 4246 et
398 4181 528 4262 Nicotai,
552 4185 683 4267 adeoque
697 4181 887 4269 Carpocratis
905 4185 1008 4268 ipsius,
1032 4193 1092 4246 tum
1108 4181 1219 4247 Valen-

79 4277 143 4361 tini,
164 4305 182 4347 a
202 4306 261 4368 quo
284 4296 443 4370 propagata
461 4285 509 4349 iiia
533 4306 685 4371 perperam
705 4285 781 4348 dicta
801 4287 948 4370 cognitio,
971 4304 1046 4369 quae
1060 4282 1219 4349 Gnostico-

77 4445 155 4514 tuom
170 4456 210 4504 cd.
221 4457 314 4518 prino,
337 4456 399 4504 cade
413 4459 524 4507 Petuntur
541 4460 565 4507 in
582 4471 626 4508 nto
693 4455 717 4506 5.
735 4451 848 4523 ἅρρωγόν
865 4458 916 4506 cod.
927 4457 1023 4518 atedtp.
1038 4461 1059 4506 et
1072 4458 1217 4518 editprinc..

76 4518 124 4568 edit
140 4523 234 4583 estant
249 4521 403 4588 προςθῶμεν.
658 4539 702 4588 pro
716 4538 785 4575 more.
