3018 4994
97 1241 351 1317 INDIGULUS
379 1241 683 1334 nudassent,
718 1241 841 1336 Quas
868 1243 915 1318 IN
943 1242 1070 1319 dotto
1092 1243 1156 1317 III.
1183 1243 1250 1317 LI-

130 1379 217 1452 BRI
234 1379 264 1452 Ι.
292 1377 640 1471 constituturus,
668 1378 882 1474 sunnone
909 1379 1102 1456 NUIIIIRO
1120 1380 1218 1456 XIII.

186 1579 211 1644 I.
245 1580 399 1646 Marcosii.
444 1581 564 1647 Marcus
587 1583 701 1666 qnidam
724 1583 823 1647 extitit
845 1579 999 1647 Colorbusi
1023 1583 1248 1669 condiscipulus.

100 1682 130 1748 Is
147 1685 207 1748 duo
222 1686 355 1750 similiter
372 1686 511 1771 principia
527 1685 690 1748 constituit.
737 1683 920 1749 Mortuorum
937 1687 1182 1750 resurrectionem
1200 1707 1250 1750 ue·

99 1787 201 1872 gabat.
248 1785 389 1851 Utebatur
407 1787 573 1872 praestigiis
593 1788 750 1865 eiusmodi,
784 1798 815 1852 nt
833 1787 921 1851 certis
941 1788 1116 1852 carminibus
1133 1789 1251 1875 poculo·

98 1912 164 1953 rum
184 1889 326 1973 liquorom
343 1891 372 1954 io
391 1892 556 1956 caeruleum
577 1911 809 1975 purpureumque
827 1891 953 1954 colorem
971 1902 1115 1971 verterem
1148 1890 1251 1976 quibus

99 1993 194 2056 sacris
221 1991 353 2056 infelices
376 1993 562 2056 mulierculas
585 1992 699 2056 initiare
721 1994 845 2056 solebat.
890 1991 970 2056 idem
993 1995 1029 2056 ad
1052 1991 1174 2060 XXIV.
1193 1995 1251 2058 ele·

101 2105 201 2158 mente
223 2094 341 2179 perinde
364 2116 397 2158 ac
421 2081 596 2158 Valentinus
619 2096 757 2159 universa
779 2117 922 2159 revocure
945 2095 1056 2159 nititur.

187 2194 228 2260 II.
265 2192 443 2260 Colorlnusii.
480 2197 536 2260 Ilio
553 2199 670 2262 easdem
687 2200 748 2263 lere
764 2199 917 2279 opiniones
933 2199 1084 2284 amplexus
1100 2209 1157 2262 est.
1192 2195 1250 2263 Sed

101 2300 240 2364 nonnulla
263 2311 359 2362 laureo
380 2312 448 2362 suot
467 2299 496 2362 io
516 2300 619 2384 quibus
638 2300 673 2364 ab
691 2302 755 2365 aliis
774 2300 943 2364 haeresibus
962 2300 1123 2386 discrepat,
1155 2299 1252 2365 Marci

101 2423 135 2466 ac
151 2399 302 2465 Valentini
317 2403 509 2486 potissimum.
551 2398 700 2487 Siquidem
718 2404 941 2488 propagationes
957 2403 1091 2467 Acunum
1108 2414 1136 2466 et
1152 2399 1252 2488 Ogdo-

102 2505 174 2569 adas
197 2504 254 2567 alio
277 2505 361 2568 modo
384 2504 511 2568 tradidit.

189 2603 245 2668 III.
279 2605 533 2670 Ilaeraoleooitae.
580 2605 675 2670 Etiam
698 2607 746 2672 isti
770 2607 982 2671 commentitias
1002 2603 1160 2691 Ogdoadas
1183 2607 1252 2672 reti·

102 2719 242 2772 nuecnnt.
288 2707 321 2771 In
341 2709 443 2793 quibus
462 2709 642 2794 explicandis
665 2731 680 2771 a
698 2707 793 2774 Marci
817 2720 846 2773 el
865 2707 1025 2774 Ptolemaei
1049 2731 1084 2773 ao
1102 2709 1252 2775 Valentini

102 2822 326 2895 ceterorumque
350 2810 486 2895 opinions
509 2811 716 2875 discesserunt.
762 2809 840 2876 Suos
866 2833 953 2897 porro
976 2812 1029 2876 suu
1055 2811 1148 2898 ipsum
1174 2813 1252 2876 vitoe

103 2915 234 2993 exitum,
259 2913 377 2998 perinde
397 2933 431 2975 ac
447 2909 567 2976 Marcus
586 2913 728 2992 instituit,
753 2913 836 2990 oleo,
859 2914 1046 3000 opobalsamo
1069 2926 1098 2977 et
1117 2935 1191 2998 aqua
1209 2915 1253 2978 lu·

102 3029 213 3082 stratos
229 3017 257 3078 in
273 3016 393 3079 salutern
410 3025 557 3093 asserunt,
582 3036 696 3099 unaque
713 3037 801 3080 voces
816 3018 953 3100 quasdam
971 3015 1130 3080 Ilelrraicas
1146 3017 1174 3079 iu
1192 3017 1253 3080 eius

104 3121 150 3203 qui
175 3117 311 3203 expiatur
332 3128 419 3202 caput
440 3117 636 3180 insusurrant.

190 3217 244 3283 IV.
275 3215 413 3305 Oplnitoe.
450 3217 487 3280 lli
504 3229 669 3304 serpentum
684 3230 863 3284 venerantur
876 3242 911 3284 ac
925 3221 1111 3307 praedioaot;
1131 3241 1253 3306 eumque

105 3343 170 3387 esse
188 3319 336 3386 Christum
355 3333 503 3385 asserunt.
549 3316 596 3385 Ob
612 3319 639 3383 id
657 3341 756 3385 rerum
774 3323 802 3385 io
819 3323 892 3387 cista
906 3336 1071 3409 serpentem
1087 3335 1252 3388 asservant.

189 3421 230 3486 V.
264 3421 380 3488 Caiuni.
428 3421 566 3486 Veterem
585 3423 678 3508 legem
694 3434 724 3487 et
741 3445 805 3488 eum
821 3425 868 3509 qui
885 3425 961 3489 illius
977 3427 1049 3511 legis
1066 3437 1196 3512 tempore
1212 3426 1253 3490 Io·

104 3537 187 3590 cutus
202 3535 248 3588 est
263 3525 426 3610 repudiant.
459 3523 718 3591 Resurrectionem
734 3527 830 3590 caruis
846 3527 1004 3612 abnegant.
1036 3525 1160 3592 Caimnu
1175 3551 1254 3592 com·

104 3628 258 3707 mendan13
292 3649 377 3712 quem
401 3629 621 3713 praestantioris
646 3629 793 3693 cuiusdam
820 3628 935 3694 uirtutis
960 3632 1049 3695 inisse
1073 3633 1251 3716 praedicant.

106 3725 163 3794 Sed
182 3741 212 3792 et
230 3727 330 3794 Iudam
348 3730 453 3795 divinis
472 3731 630 3794 honoribus
651 3731 794 3810 afficiunt,
819 3753 873 3796 nec
892 3754 949 3796 ooo
967 3744 997 3796 et
1015 3730 1111 3814 Core,
1137 3732 1251 3798 Datluan

104 3843 133 3895 et
155 3831 270 3896 Abiron
292 3854 326 3895 ac
350 3831 529 3897 Sodomitas.

188 3931 244 3999 VI.
279 3934 423 4000 Sethiaui.
464 3933 939 4001 IIiSetluumluudibnscll'eruul.
976 3935 1253 4024 Quemasuprema

105 4047 225 4120 percule
241 4049 422 4124 procreatum
437 4047 547 4120 putant,
572 4059 635 4100 cum
654 4059 716 4102 eam
734 4040 898 4125 poeniteret
913 4041 988 4123 quod
1006 4038 1130 4105 Caicum
1148 4043 1253 4107 edidis-

105 4150 160 4202 set.
208 4137 275 4223 Quo
299 4140 392 4202 eiecto
415 4139 566 4224 Abeloque
589 4141 745 4204 interfecto
768 4163 833 4206 curn
854 4163 967 4205 summo
990 4153 1072 4228 patre
1094 4165 1252 4228 congressa

138 4292 163 4345 o.
182 4287 280 4360 ἔφιντό
295 4291 396 4359 ἑρπετὸν
410 4294 460 4343 eod.
473 4296 545 4346 Votis.
575 4298 665 4358 Vulpu·
729 4295 753 4347 d·
771 4291 822 4356 οἷς,
841 4298 903 4359 quod
920 4299 987 4346 tobel
1003 4300 1073 4348 elium
1091 4301 1188 4349 locantes
1202 4301 1252 4350 Do·

107 4365 309 4482 mammarum
326 4367 401 4412 luctatu·
417 4364 487 4412 auum
502 4365 600 4414 loannes
613 4365 661 4412 Do·
694 4366 930 4482 medehamstede?
944 4367 1066 4483 getpupun
1094 4368 1166 4485 Vutpp
1184 4357 1253 4486 siem

745 4467 751 4482 .
793 4447 810 4481 ll
833 4446 896 4482 lmen
914 4447 945 4482 “ll
1004 4448 1101 4485 davum.
1156 4450 1224 4485 mel!

138 4498 163 4553 7.
171 4467 234 4558 'sale
251 4491 368 4565 πρότερον
385 4499 435 4549 cod.
452 4499 523 4549 Valle.
692 4501 790 4550 locanes
802 4503 912 4550 Damaso.
937 4502 1000 4550 Eda't.
1010 4505 1086 4562 petuo.
1098 4508 1120 4554 el
1131 4505 1182 4555 cod.
1191 4505 1252 4554 flle-

692 4568 739 4631 de'p.
757 4583 805 4620 noo
820 4569 902 4619 debean
918 4570 979 4619 illud
994 4565 1032 4623 td.
