3010 5000
346 240 482 292 aauaau
499 241 561 292 ura.
576 243 594 292 t.
613 241 692 294 rou.
706 243 749 294 m.
768 201 866 294 nuda.
879 241 1000 293 xxxiv.
1188 231 1245 294 471

99 359 201 422 tiatum
219 359 372 422 affirmant.
418 357 529 422 Verum
547 360 712 424 desummo
731 359 781 423 iilo
798 360 846 444 qui
863 359 956 423 videri
975 381 1034 424 aon
1049 371 1145 446 potest
1160 357 1251 426 Patre

99 481 135 523 ac
152 459 303 524 conditore
319 461 446 525 amnium
462 461 531 525 illud
546 463 638 546 ipsum
654 461 804 547 usurpari,
828 465 916 525 Nmno
930 465 1033 525 ca'deba't
1044 467 1139 538 deum,
1166 463 1250 526 facila
1260 477 1399 537 motando.

99 583 202 626 omnes
223 563 400 646 intelligant.
447 561 526 627 Idem
550 585 622 628 vero
646 586 702 628 uon
726 565 760 626 ad
780 565 933 627 condatum
953 565 1032 629 illum
1051 566 1087 628 ab
1105 565 1171 629 istis
1189 563 1250 650 uy-

99 665 196 741 tbum,
220 666 271 728 sed
289 665 323 729 ad
343 686 440 730 rarum
458 665 585 730 omnium
603 666 734 752 opificem
751 666 927 744 convenire,
952 687 1075 751 eumque
1092 687 1147 730 nec
1165 687 1250 752 aspe-

98 767 231 832 ctabilem
249 787 316 830 osse
330 769 427 846 deum,
446 789 464 832 a
481 767 565 832 nobis
582 779 683 853 postea
699 769 954 832 demonstrabitur.
988 769 1108 833 Addunt
1118 769 1146 832 id
1163 769 1249 833 etiam

97 869 281 954 significasse
300 867 470 948 Danielem,
494 891 558 934 cum
578 871 614 934 ab
636 871 741 954 angelo
759 870 959 955 parabolarum
977 871 1248 956 interpretationem

96 971 179 1034 velut
192 970 314 1056 ignarus
331 972 469 1056 postulat.
508 973 655 1058 Angelum
672 993 744 1036 cero
761 993 893 1056 magnum
908 969 998 1058 Bptbi
1013 975 1183 1058 mysterium
1200 995 1249 1037 ce·

95 1073 159 1138 lare
177 1073 340 1158 cupientem
357 1074 397 1138 ita
415 1075 619 1160 respondisse:
645 1079 719 1137 Vade
731 1079 851 1137 Bana‘el:
881 1079 947 1156 qaia
963 1079 1058 1137 clanei
1070 1087 1139 1138 snat
1151 1081 1249 1156 sagna-
1261 1092 1387 1148 bennae.

97 1180 175 1256 tr'que
189 1198 346 1252 sermones,
380 1199 523 1260 padusque
538 1181 726 1258 intellegentes
742 1180 920 1256 intellegant,
951 1190 980 1240 et
996 1179 1057 1240 atti
1072 1179 1245 1240 dealbentur.
1293 1151 1316 1189 θ’
1330 1145 1362 1190 ¹⁰⁰

96 1274 140 1342 Se
163 1278 240 1342 euim
263 1277 345 1342 albos
367 1278 433 1342 illos
456 1289 487 1342 et
507 1279 703 1364 intelligentes
726 1300 792 1344 esse
814 1279 988 1364 gloriantur.

181 1483 424 1568 apocrypharum
448 1493 600 1569 praeterea
623 1493 652 1547 et
673 1481 899 1548 adulterinarum
921 1484 1145 1568 scripturaram,
1177 1497 1399 1569 quascapxtx.

93 1585 212 1670 ipsimet
236 1586 393 1650 commenti
421 1596 507 1663 sunt,
539 1586 677 1650 inlicitam
703 1587 913 1651 multitudinem
938 1586 1112 1665 obtrudunt,
1145 1587 1248 1671 quibus

93 1686 239 1773 imperitis
268 1709 302 1750 aa
325 1707 530 1770 germanarum
555 1689 762 1771 scripturarum
789 1688 900 1772 ignaris
922 1698 1070 1773 stuporem
1096 1689 1246 1753 obiiciant.

95 1787 176 1872 Quin
192 1790 261 1854 illud
279 1790 423 1854 scelerate
439 1789 592 1854 confictum
609 1792 760 1875 proferunt
777 1792 807 1853 in
824 1789 966 1870 medium,
992 1786 1153 1870 Christum,
1176 1812 1249 1877 puer

94 1915 160 1956 euna
180 1904 259 1956 esset
274 1892 431 1977 literaeque
449 1892 591 1970 disceret,
616 1893 743 1972 iubenti,
768 1904 799 1955 ut
817 1893 943 1971 assolet,
968 1894 1166 1978 praeceptori,
1192 1892 1248 1958 Dic

93 1996 195 2080 alpha,
227 1993 310 2078 alpha
328 1994 526 2080 respondisse.
572 1993 701 2058 Rursum
723 2006 755 2058 ut
772 1993 846 2059 Rata
862 1995 973 2058 diceret
990 1995 1178 2079 praecipienti
1200 2017 1248 2060 re·

92 2097 248 2183 spondisse
267 2096 431 2176 dominum,
455 2094 502 2160 'l'u
520 2097 587 2159 mibi
606 2097 727 2181 primum
747 2097 812 2181 quid
830 2096 868 2160 sit
885 2097 968 2181 alpba
984 2097 1088 2175 dicito,
1113 2109 1172 2162 tum
1191 2117 1247 2180 ego

93 2200 163 2283 quid
182 2200 221 2262 sit
236 2198 303 2262 beta
319 2197 513 2282 respondebo.
560 2197 645 2282 Quod
669 2199 710 2262 illi
729 2199 772 2262 sio
789 2199 1033 2279 interpretantur,
1066 2199 1150 2283 qtrasi
1166 2200 1246 2264 solus

94 2302 172 2386 quod
190 2311 254 2364 erat
270 2302 399 2384 ignotum
417 2301 611 2383 intelligeret,
641 2301 727 2385 idque
745 2301 798 2365 sub
817 2299 918 2364 literae
936 2299 1020 2384 alpha
1036 2300 1134 2386 specie
1151 2301 1247 2365 decla-

94 2423 163 2468 rare
182 2401 281 2466 vellet.
320 2401 470 2468 Nonnulla
488 2424 603 2486 quoque
621 2424 694 2487 quae
709 2403 738 2466 in
755 2402 905 2486 evangelio
922 2403 1058 2486 leguntur
1073 2404 1108 2466 ad
1124 2404 1246 2468 eandam

96 2507 222 2570 lormam
237 2505 393 2591 applicant.
439 2503 530 2568 Velut
545 2507 619 2588 quod
636 2506 719 2568 matri
736 2525 806 2569 suae
824 2504 973 2568 duodecim
990 2515 1075 2568 uatus
1091 2525 1183 2570 anuos
1200 2527 1247 2570 re-

93 2607 230 2692 spondit:
260 2609 436 2670 Nesciebatis
453 2611 529 2688 quod
542 2614 571 2669 in
589 2612 624 2669 aiis
639 2629 710 2688 qnae
723 2611 815 2689 patrib
832 2611 966 2669 naat'sant
981 2619 1090 2688 oportet
1106 2629 1149 2670 me
1165 2616 1384 2684 assentiente.

94 2709 193 2794 Quam
216 2711 293 2774 enim
313 2709 499 2786 nesciebant,
529 2709 678 2792 inquiunt,
708 2707 826 2774 Patrem
849 2709 906 2772 illis
925 2709 1087 2773 nuntiabat.
1134 2707 1340 2792 Quam-mma.

93 2813 196 2878 obrem
213 2823 244 2876 ut
257 2813 388 2896 ignotum
405 2811 544 2876 hactenus
559 2808 677 2876 Patrem
696 2813 913 2896 praedicarent,
938 2811 1089 2875 duodecim
1104 2812 1139 2875 ad
1154 2812 1245 2878 tribus
1265 2785 1296 2840 η’
1310 2784 1342 2829 Π·

93 2915 212 2978 misisse
237 2915 317 2977 illum
340 2913 497 2998 discipulos
519 2925 665 2978 asserunt.
717 2911 831 2978 Deinde
860 2935 924 2976 cum
955 2912 1046 2992 alius,
1079 2919 1247 2995 Praeceptor

94 3019 184 3079 boae!
213 3015 355 3093 dixisset,
388 3036 452 3078 cum
478 3016 525 3099 qui
553 3037 623 3078 rere
648 3016 741 3082 bonus
766 3026 810 3080 est
835 3015 919 3078 deum
947 3015 1056 3080 diserte
1078 3019 1246 3080 aunlessum

94 3119 199 3182 luisse.
246 3122 320 3196 Quali
335 3141 392 3188 ma.
424 3117 533 3202 inquit,
564 3121 634 3180 dabas
650 3119 773 3180 bonum?
818 3122 893 3180 Unus
909 3129 952 3178 est
969 3119 1073 3192 donus,
1097 3124 1182 3182 Pater
1198 3125 1250 3201 qne'

93 3226 122 3282 in
149 3224 237 3282 eoele's
266 3232 319 3282 est.
372 3217 530 3284 Coelorum
554 3241 642 3304 porro
666 3221 782 3284 nomine
805 3220 927 3282 Aeonas
951 3221 1036 3283 modo
1061 3220 1246 3305 accipiendos

93 3343 172 3386 esse.
221 3320 306 3405 Quod
327 3333 421 3386 autem
443 3322 697 3408 percontantibus,
729 3328 762 3384 In
782 3343 836 3402 pua
850 3334 989 3402 potestate
1004 3325 1056 3384 boc
1069 3325 1170 3402 sacis?
1199 3344 1245 3386 re·
1258 3344 1383 3398 uentae.

93 3425 211 3509 spondit
226 3425 308 3502 nibil,
333 3426 385 3488 sed
403 3424 485 3488 aliam
502 3424 566 3488 eius
583 3425 782 3508 quaestionem
798 3423 960 3509 proposuit,
984 3423 1160 3487 declaratum
1177 3425 1246 3488 illud

93 3547 128 3590 eo
142 3524 262 3590 silentio
278 3537 380 3611 putant
392 3548 533 3590 summum
547 3524 667 3590 Patrem
681 3527 766 3590 nullis
782 3547 868 3611 posse
884 3525 983 3588 verbis
999 3525 1152 3611 explicari.
1186 3524 1246 3590 Ve-

93 3629 134 3692 lut
152 3629 240 3692 etiam
260 3630 298 3691 ita
318 3649 382 3692 cum
400 3629 514 3692 locutus
531 3639 592 3691 est:
617 3633 706 3710 Saepo
721 3651 774 3709 aga
789 3633 948 3691 destiterant
963 3649 1047 3689 anam
1061 3651 1099 3690 ea
1113 3631 1171 3692 itta
1185 3651 1246 3691 ser·

94 3733 221 3794 manibus
236 3735 345 3805 audr're,
370 3753 420 3794 nee
434 3733 710 3812 pua'da'oeret·labm'‚
735 3741 847 3816 aperte,
872 3729 1016 3815 inquiunt,
1041 3753 1128 3794 unum
1147 3741 1246 3796 osten·

95 3833 135 3895 dit
150 3853 219 3897 esse
237 3833 339 3912 deum,
371 3853 456 3918 quem
474 3834 592 3897 minime
610 3833 650 3896 illi
666 3843 857 3918 cognoscent.
902 3832 950 3895 at
967 3832 1039 3896 baec
1056 3854 1121 3897 oum
1139 3832 1246 3900 llieru·

93 3989 147 4037 tam.
158 3990 177 4040 l.
194 4001 219 4049 a.
232 3985 270 4038 12.
287 3981 390 4049 can-lb
685 3989 763 4038 dentr'o
779 3987 903 4038 delendum
919 4002 967 4038 esee
983 3989 1092 4038 armana.

126 4052 150 4105 l.
165 4056 211 4107 τοῦ
230 4055 282 4106 aad
298 4057 373 4106 tenet.
721 4055 747 4106 7.
763 4069 838 4122 φασιν
854 4049 957 4108 εἶναιτὸ
974 4057 1064 4106 correct
1076 4069 1117 4118 epo
1130 4061 1198 4119 amun
1210 4071 1247 4108 re-

127 4122 151 4171 b.
167 4118 231 4187 πρὸς
249 4115 340 4182 adroic
356 4125 451 4173 content
467 4125 586 4174 Petooira.
685 4126 754 4186 posui
770 4138 814 4184 pra
832 4137 859 4173 ea
876 4125 939 4186 quad
954 4125 1007 4174 tart
1022 4129 1097 4174 tenem
1113 4139 1178 4190 φασι
1193 4127 1245 4178 δεῖν

126 4187 150 4240 6.
169 4187 207 4258 μή
221 4193 656 4254 partientaabestobomatbustibris.
688 4187 731 4245 διὰ
753 4193 806 4242 τοῦ.
848 4192 915 4252 Quod
932 4194 1016 4241 uitium
1038 4190 1246 4256 (omtpatastmom,

98 4259 143 4306 Vel.
156 4261 285 4322 lntetpm:
309 4257 472 4308 inenarrabile
489 4257 566 4324 patrie
580 4257 605 4308 in
623 4275 653 4307 eo
686 4261 721 4308 uli
737 4257 840 4324 uidetur)
860 4262 948 4320 partim
969 4262 1132 4310 mundalium
1149 4261 1246 4311 Latinus

97 4324 163 4390 qaod
186 4342 237 4375 noa
263 4324 354 4376 dixerit
375 4343 426 4376 nou
444 4325 580 4376 ostendisse
598 4343 653 4375 eum
685 4329 814 4388 tolerares,
832 4329 872 4389 qai
887 4330 967 4378 uertit:
985 4325 1035 4376 Sed
1051 4326 1115 4376 etin
1133 4343 1163 4376 eo
1179 4327 1245 4394 quod

97 4391 305 4460 interpretentur,
333 4397 373 4444 ubi
396 4397 496 4444 atterum
519 4396 579 4444 illud
602 4410 652 4442 uon
687 4392 1245 4452 dixerit---meuiiestuntiediouutesse

98 4467 149 4512 cate
160 4477 211 4514 coe.
221 4460 359 4513 ostendisse
369 4477 423 4514 cum
435 4465 521 4514 Grebia
534 4465 653 4514 etl'eoar·
686 4477 731 4528 per
747 4459 797 4512 boe
814 4462 897 4512 Unum
914 4467 964 4512 cett.
