3010 5000
336 323 470 374 ennean
488 323 550 373 ura.
564 324 583 372 r.
601 323 682 375 ron.
696 323 737 373 nr.
756 322 855 374 nean.
867 322 991 374 xxxvi.
1177 313 1238 376 489

88 441 222 528 quiddam
239 461 325 527 quam
340 439 507 527 superiores
523 461 625 506 omnes
639 441 668 505 ln
684 441 820 527 opinione
836 463 888 506 sua
906 441 1012 527 posuit.
1060 440 1176 508 Etenim
1191 443 1238 528 qni

88 568 129 610 ex
151 567 251 611 eorum
277 565 367 629 grege
390 544 521 608 moriluri
545 555 629 622 sunt,
664 545 846 608 occasionem
866 555 968 608 neotus
990 566 1006 608 a
1025 543 1148 624 Marco,
1181 569 1238 610 non

88 649 192 713 eodem
208 659 305 710 tamen
323 669 380 732 quo
393 647 448 710 iste
464 645 549 709 modo
566 647 698 724 redimit,
723 647 774 710 sed
791 647 875 711 aliam
892 647 1032 730 quandam
1052 648 1193 712 eiusmodi
1208 649 1238 712 in

87 751 212 814 salutern
237 749 401 813 vindicandi
426 749 569 812 rationem
596 748 745 812 observat.
790 747 866 813 Sunt
891 748 969 812 enim
994 769 1033 813 ex
1058 750 1128 834 ipsis
1153 751 1239 834 oliqni

88 855 138 938 qui
158 853 253 915 oleum
273 871 348 935 uqna
368 862 557 936 temperatum
577 851 663 936 eapiti
683 851 834 915 morientis
852 863 1028 936 aspergunt,
1061 864 1238 937 unguentum

87 956 157 1034 alii,
190 953 265 1040 qnod
289 951 514 1037 Opobalsamum
539 963 663 1030 vocent,
699 963 728 1014 et
748 973 862 1038 aquam.
910 949 1099 1018 lnroonllone
1125 955 1238 1038 quidem

86 1059 191 1122 eedem
216 1069 337 1121 utuntur
356 1077 441 1142 qnam
464 1067 493 1119 el
514 1053 648 1119 Maroum
671 1054 835 1118 adhibuisse
857 1056 1025 1135 docuimus,
1059 1057 1240 1141 paucissimis

87 1159 239 1224 vocabulis
256 1159 410 1223 adiunctis.
458 1156 503 1221 Ea
518 1179 606 1246 porro
621 1167 667 1219 esl
681 1156 859 1221 huiusmodie
883 1161 984 1232 Mesola,
1011 1163 1116 1240 llplnr,
1141 1163 1239 1240 Egrm·

87 1283 243 1343 mernpene,
274 1265 468 1334 Meneduldin‚
499 1263 650 1334 Nossome,
681 1265 773 1335 Doce,
799 1264 980 1342 Aepdurom,
1005 1265 1150 1342 Epeenun,
1174 1266 1239 1324 Iesu

85 1368 230 1426 Nomen.
277 1361 361 1446 Quae
378 1362 491 1446 quidem
511 1383 547 1426 eo
563 1359 686 1426 oonsilio
703 1361 825 1442 leniunt,
850 1362 943 1447 utqui
961 1362 1015 1426 sub
1033 1364 1144 1427 exitum
1162 1362 1238 1426 r'itue

87 1465 196 1530 talibus
213 1465 495 1551 compreenlionibns
511 1463 647 1528 instructi
664 1464 772 1528 luerint
786 1487 850 1528 eum
867 1486 942 1548 aqna
959 1475 988 1527 et
1004 1465 1082 1543 oleo,
1106 1465 1169 1528 sive
1185 1487 1238 1528 un-

86 1579 211 1652 guento,
235 1567 394 1632 commistis
411 1587 428 1630 a
442 1566 642 1652 superioribus
658 1563 873 1652 principatibus
891 1587 925 1631 oo
941 1565 1140 1632 Potestatibus
1155 1574 1239 1632 eoir-

86 1671 150 1734 eeri
166 1670 316 1755 viderique
332 1679 490 1754 nequeant,
511 1678 597 1754 atque
614 1679 646 1731 nt
659 1668 783 1732 interior
797 1669 924 1754 ipsorum
941 1669 1026 1733 homo
1042 1690 1157 1732 sursum
1172 1691 1239 1754 pos·

86 1773 127 1838 sit
147 1795 165 1836 a
185 1773 301 1836 nemine
318 1781 492 1856 eonspeotus
517 1770 655 1834 evadere.
702 1768 815 1856 Quippe
838 1771 1008 1856 corporibus
1031 1771 1096 1835 istis
1118 1783 1240 1836 eeusent

87 1897 155 1940 eum
178 1875 289 1959 reliquu
314 1874 392 1938 omni
416 1883 549 1936 erealura
573 1871 683 1936 relictis
707 1873 859 1937 evolantes
884 1874 950 1936 lrino
974 1874 1102 1958 ipsorum
1127 1874 1239 1938 animus

86 1976 250 2055 conditori,
281 1977 328 2061 qoi
345 1977 374 2039 in
392 1977 506 2038 delectu
523 1985 675 2053 versatur,
705 1975 863 2053 assistere,
887 1975 1050 2060 ibidemque
1069 1977 1141 2061 apud
1159 1975 1239 2038 illum

86 2080 275 2143 commorari.
322 2075 382 2143 Sed
401 2076 572 2142 interiorem
592 2077 755 2155 bominem,
787 2077 834 2160 qni
857 2079 953 2140 enimn
976 2078 1037 2163 ipsa
1058 2098 1239 2164 corporeque

84 2180 180 2266 magis
195 2180 315 2245 intimus
330 2191 392 2258 est,
417 2181 503 2243 altius
519 2178 636 2258 elierriq
659 2200 744 2262 quern
762 2199 800 2244 ex
820 2180 962 2266 superiori
981 2177 1146 2244 Pleromate
1162 2179 1238 2243 deri·

86 2296 187 2350 satum
210 2283 391 2348 existiment.

174 2485 312 2554 Ceterum
335 2509 408 2572 quos
432 2488 467 2549 ad
491 2505 556 2549 eum
578 2487 693 2550 modum
712 2485 873 2566 illuserint,
906 2486 945 2550 ita
966 2487 1110 2551 eohortnti
1128 2489 1235 2552 solent.
1259 2499 1317 2566 cop.
1332 2499 1375 2550 111.

86 2590 164 2668 Ubi,
194 2591 345 2675 inquiunt,
376 2591 410 2652 ad
431 2585 617 2674 Prinoipntns
638 2598 669 2651 et
689 2585 855 2652 Potestates
878 2599 943 2675 post
965 2588 1073 2653 obitum
1097 2591 1236 2665 erolaris,

87 2703 235 2757 memento
254 2694 325 2757 haee
341 2693 381 2756 uti
399 2690 488 2754 rerba
506 2691 655 2775 proleras:
679 2693 834 2772 Egofilr‘nr
847 2713 864 2753 n
879 2695 978 2766 Putre,
1003 2703 1032 2752 et
1045 2715 1077 2754 eo
1092 2696 1178 2755 Putre
1192 2697 1243 2774 qni

86 2808 154 2858 onte
169 2817 262 2858 ornnes
276 2799 384 2868 eeian't,
408 2815 443 2854 oe
452 2797 601 2874 praesenti
613 2805 735 2874 ternpore
741 2797 827 2874 filius
845 2799 909 2856 ueni
925 2807 957 2856 nt
970 2799 1061 2856 omnia
1078 2808 1133 2858 tarn
1147 2799 1239 2857 odino

87 2920 171 2979 quam
185 2902 299 2978 prr'nnto
319 2917 478 2969 eemrerern,
510 2917 561 2956 nee
580 2901 690 2958 ornnr'no
709 2908 798 2958 tumen
814 2899 923 2971 nlr'ena,
955 2901 1007 2959 red
1025 2901 1064 2959 od
1081 2901 1239 2959 Aedemotl

83 3003 275 3081 pernitentiis,
309 3019 381 3080 quoe
401 3020 463 3059 eum
477 3000 588 3081 semino
609 3003 664 3072 ait,
697 3000 755 3060 ridi
768 3003 822 3059 r'stn
832 3000 999 3082 sadm'enur't.
1047 3003 1134 3079 Origo
1150 3021 1239 3080 porro

87 3124 148 3165 rnen
172 3113 216 3163 eat
234 3103 270 3164 ab
292 3124 324 3163 eo
340 3105 424 3162 dueta
446 3105 497 3181 pue'
507 3111 573 3162 onte
587 3123 681 3162 omnes
694 3104 805 3174 enritr'l,
837 3123 923 3182 eoque
940 3123 1053 3163 rursum
1071 3105 1143 3162 unde
1160 3112 1239 3162 ortus

85 3225 149 3266 sum
165 3207 324 3284 regndt‘or.
372 3199 456 3285 Quae
475 3223 539 3265 eum
556 3202 681 3280 dixerit,
716 3200 1087 3266 subindeel’oteslatlbus
1106 3213 1237 3287 ereptum

87 3307 122 3368 ad
140 3305 321 3368 conditorem
338 3305 460 3388 citraque
477 3305 634 3390 stipulores
651 3304 781 3389 adusque
798 3306 918 3388 primam
939 3302 1107 3389 Ogdoadem
1126 3304 1236 3368 efferri.

87 3405 239 3492 Siquidem
263 3417 330 3491 post
353 3417 516 3470 creatorem
541 3407 627 3470 etium
649 3407 697 3470 isti
720 3406 978 3482 inferioremesse
1001 3407 1102 3470 volunt
1122 3406 1240 3471 Hebdo-

87 3512 220 3587 madem,
249 3510 399 3594 ipsumque
423 3509 452 3572 in
475 3506 650 3592 Septenaria
673 3518 806 3572 notarum
829 3529 913 3587 esse,
946 3510 996 3572 sed
1019 3510 1048 3571 in
1071 3510 1187 3572 deleotn
1210 3519 1238 3571 et

87 3611 256 3695 ignorantia
270 3612 471 3676 eonslilutum.
511 3608 615 3674 lnbent
629 3612 719 3694 igitur
732 3631 810 3690 eum,
831 3613 879 3696 qui
894 3633 934 3675 ex
952 3611 1005 3674 lrao
1020 3611 1079 3674 vitu
1095 3612 1240 3675 discesse-

87 3714 144 3793 rit,
169 3723 332 3776 ereatorem
349 3711 471 3798 eiusque
485 3714 608 3776 eomites
625 3715 700 3776 buno
717 3714 744 3776 in
761 3715 875 3778 modum
892 3713 1016 3798 alloqui:
1043 3719 1098 3776 Vos
1111 3736 1163 3794 ego
1179 3736 1239 3775 snm

84 3821 240 3898 prenbenm
258 3822 349 3896 magu
365 3838 446 3896 quom
457 3818 569 3899 semime
584 3819 635 3878 e'lln
649 3838 720 3897 quoe
736 3839 783 3878 vos
797 3821 931 3878 condedit.
977 3820 1014 3878 Si
1025 3821 1147 3878 rudr'eem
1161 3837 1239 3877 orrum

88 3930 183 3980 oestro
199 3929 288 3980 muter
303 3923 434 3998 ignoret,
459 3939 512 3997 ego
529 3924 597 3980 noui
609 3941 652 3980 ene
666 3923 771 3999 aprum,
797 3931 825 3980 el
841 3923 913 3980 rende
928 3925 980 3980 sain
997 3923 1075 3993 sere,
1099 3931 1183 3999 utque
1198 3923 1240 3980 r'n·

88 4032 250 4101 comptum
273 4025 443 4102 Sapientiam
467 4025 582 4094 moneo,
613 4041 685 4101 quoe
705 4027 779 4083 abeat
800 4027 828 4084 e'n
849 4025 935 4082 Putre
953 4025 1111 4102 Mutrrique
1132 4032 1241 4082 vesone

88 4135 179 4185 neuter
195 4134 254 4197 eet,
287 4119 346 4184 eriri
364 4145 436 4204 qnae
451 4134 566 4185 matrem
585 4125 757 4196 nonhabet,
790 4145 824 4186 ne
842 4146 878 4186 ne
894 4129 1039 4204 coniugem
1056 4127 1164 4206 quidem
1183 4145 1241 4184 rnu-

89 4237 177 4300 trem,
200 4229 252 4288 red
264 4228 398 4309 esemona
414 4227 598 4308 nnlnsemr'nn
615 4248 663 4288 nos
674 4230 829 4307 poduxit,
854 4231 954 4288 enutris
968 4231 1070 4305 ignmn
1088 4247 1172 4298 erere,
1197 4247 1240 4286 se-

88 4350 215 4409 preesse
229 4332 317 4390 solum
331 4331 503 4389 eudemone.
543 4334 588 4390 At
599 4350 652 4408 ego
666 4341 782 4390 mutrern
795 4333 856 4390 eins
870 4331 990 4409 appello.
1031 4323 1145 4410 Quibus
1161 4327 1241 4390 andl-

89 4485 126 4532 Ac
143 4479 250 4537 branae.
271 4481 378 4540 Pseudo,
397 4483 450 4530 lesu
467 4480 580 4532 Nazario.
719 4481 778 4532 Cae.
794 4483 838 4531 lll.
855 4509 889 4520 -
907 4482 928 4532 l.
948 4484 976 4532 ln
992 4484 1057 4532 libris
1073 4487 1138 4532 extol
1154 4480 1240 4546 φησὶν.

165 4551 273 4600 nnmoo
287 4545 331 4602 adr
347 4546 475 4614 ἐσώτερον.
718 4553 742 4603 ¹t.
760 4546 857 4604 Τούτου
873 4553 957 4601 oonieo.
972 4552 1090 4600 Petuntur.
