3006 4990
282 275 342 338 168
701 282 821 334 ειιιεει
841 283 1008 334 εειειιιιιιι

280 401 538 484 κατεξηραμμίνην
553 401 586 464 έν
601 397 680 488 άγρβ
696 396 817 481 πληθόν
833 397 927 476 ξάλων
940 423 972 464 τε
987 401 1037 464 καί
1053 401 1216 485 φρυγάνων
1229 403 1270 476 είς
1284 398 1431 464 κατάκειαι

282 523 329 568 σιν
348 503 571 586 έτοιμαζομίνην
588 497 747 580 δτιοδείξω,
777 499 826 565 διά
844 500 877 566 τό
896 508 931 590 τῇ
948 498 1023 590 αὕτη
1041 503 1147 586 αίρέσει
1163 509 1218 567 τοῦ
1233 505 1359 568 έλεεινοῦ
1376 510 1432 568 Νι·

281 601 408 683 κολάου,
440 603 535 688 δι’ςπερ
557 600 594 668 δι’
612 605 816 688 έγκευιρισμοῦ
837 600 859 684 ἢ
878 602 987 688 τμιόρας
1001 601 1104 688 άγρίας
1124 602 1265 690 ἢλέκρας
1278 607 1309 681 ἐξ
1325 605 1433 688 ἑτέρων

281 704 424 789 σωμάτων
440 707 521 789 έτερα
535 703 664 787 στόματα,
685 709 954 789 παραφθείρεσθαι.
993 703 1080 770 Οίίτω
1095 703 1154 771 άπδ
1170 707 1276 791 μέρους
1290 707 1345 770 είσλ
1361 727 1432 770 συν-

279 809 427 890 ηνωμένοι
442 810 473 872 οί
484 805 633 892 λεγόμενοι
649 808 680 884 ίξ
695 803 788 871 αάτοῦ
803 809 854 872 καί
870 811 929 872 τῶν
944 805 1003 892 πρό
1022 805 1128 886 αάτοῦ,
1156 812 1292 890 Σίμωνος
1307 808 1340 872 δέ
1353 833 1433 890 φημι

281 912 333 975 καί
347 916 406 975 τάν
421 905 531 988 άλλων,
551 907 691 992 λαβόντες
703 905 757 984 τάς
769 907 934 993 προφάσεις
950 911 1114 975 Γνωστιιιοί
1130 907 1319 992 καλούμενοι,
1342 908 1432 974 κατά·

279 1031 402 1097 γνωστοι
423 1010 453 1075 δὲ
474 1007 508 1075 τό
529 1014 590 1074 πάν
605 1008 655 1074 διά
672 1006 725 1090 τὴν
743 1010 775 1074 ίν
791 1019 856 1085 τοῖς
871 1008 1023 1096 πράγμασι
1038 1015 1090 1093 τῆς
1107 1009 1280 1094 άιιιιθάρτον
1296 1013 1433 1096 ἐργασίας

279 1111 379 1178 αὐτῶν
394 1115 560 1195 μοχθηρίαν
575 1112 626 1176 καί
643 1112 856 1196 αἰσχρουργίαν.
898 1108 951 1188 Ὡς
965 1106 1086 1194 α’ληθοίς
1099 1110 1154 1198 γάρ
1170 1115 1219 1178 καί
1234 1119 1340 1178 τοῦτον
1355 1109 1433 1198 πρός

278 1211 376 1299 ὀλίγον
391 1210 673 1299 έγκρατευσάμενον,
695 1209 757 1276 εἶτα
775 1208 942 1278 ἀποστάντα
957 1221 1011 1297 τῆς
1028 1216 1209 1300 ἐγκρατείας,
1230 1217 1318 1298 δίκην
1333 1213 1431 1300 ι’ίδρω·

279 1341 337 1390 πος
349 1322 403 1380 τοῦ
416 1316 539 1400 ἑρπετοῦ
550 1314 734 1396 καλουμένου
747 1315 777 1390 έξ
790 1309 907 1380 όδάτων
919 1317 961 1390 είς
972 1323 1027 1400 γῆν
1039 1312 1216 1393 άνελθόντος
1228 1319 1279 1382 καί
1292 1319 1334 1392 είς
1346 1315 1431 1402 ὕδωρ

281 1409 374 1493 αὖθις
387 1413 641 1502 άναστρίηιαντυς,
664 1412 785 1505 καλάμῳ
802 1421 843 1503 τῷ
858 1419 890 1482 έν
904 1418 976 1502 χειρί
990 1419 1109 1483 δοθέντι
1129 1423 1259 1504 Χριστοῦ
1275 1422 1433 1494 παίσαντες

278 1521 330 1584 καί
351 1516 502 1596 ὀλέσαντες
523 1519 572 1584 έπλ
597 1515 651 1594 τάς
671 1519 737 1600 ἑξῆς
758 1517 882 1604 αἱρέσεις
902 1521 1077 1602 βαδίσωμεν.
1184 1555 1188 1570 ·

178 1900 273 1956 μεμε
368 1867 506 1937 ΚΑΤΑ
533 1867 641 1936 ΤΩΝ
668 1865 1000 1939 ΛΕΓΟΜΕΝΩΝ
1025 1869 1357 1956 ΓΝΩΣΤΙΚΩΝ,

606 1987 705 2074 ἕκτη,
730 1980 752 2075 ἡ
778 1985 838 2056 καὶ
863 1979 995 2076 είκοστίγ
1022 1988 1111 2078 έκτη.

150 2159 215 2226 qua.
233 2155 265 2210 αι,
372 2128 466 2194 Πάλιν
478 2121 561 2195 οὗτοι
576 2131 607 2194 οἱ
618 2130 779 2194 Γνωστικολ
796 2127 949 2214 διαφόρως
963 2127 1022 2196 άπδ
1037 2129 1145 2196 τούτου
1161 2130 1305 2215 φυόμενοι
1321 2127 1432 2214 ἠπατη·

284 2234 368 2315 μίνοι
385 2231 558 2317 ἅνθρωποι,
581 2229 676 2315 άςπερ
692 2227 751 2296 άπδ
767 2235 886 2314 πικρίας
903 2233 1027 2316 καρποί,
1050 2229 1091 2308 τός
1105 2236 1193 2296 παντί
1209 2259 1249 2321 τῳ
1264 2231 1355 2316 δῆλόν
1374 2236 1432 2298 έστι

283 2335 334 2401 καί
351 2331 490 2420 φωρατόν
505 2331 580 2418 τιρδς
595 2331 721 2415 δοκιμήν
738 2329 892 2414 άληθείας,
914 2331 950 2398 οιί
966 2332 1058 2415 μόνον
1073 2336 1185 2416 είττοιμι
1200 2343 1332 2413 πιστοῖς,
1361 2331 1432 2398 άλλιί

282 2436 355 2519 τάχα
376 2437 425 2501 καί
446 2432 595 2513 άπίστοις,
624 2436 657 2499 έν
676 2439 717 2521 τῷ
739 2436 840 2522 κόσμῳ
859 2433 1043 2518 ἐβλάστησαν.
1091 2433 1130 2502 Τό
1149 2433 1205 2521 γάρ
1224 2433 1338 2520 μήτραν
1361 2437 1432 2500 ικοιλ

283 2537 455 2622 αἰσχρότητα
472 2538 577 2621 λέγειν,
606 2538 658 2600 καί
673 2533 709 2600 τά
727 2533 812 2614 άλλα,
841 2541 905 2612 πως
921 2533 986 2618 οόχί
1004 2539 1199 2623 καταγέλαστα
1216 2541 1325 2619 φανείη
1343 2544 1433 2602 πᾶσιν

281 2743 313 2806 δέ
328 2738 467 2825 συμφορά
482 2742 532 2804 καί
548 2744 682 2824 μεγίστη,
710 2735 751 2814 τίς
765 2741 872 2821 εἰπεῖν,
900 2743 1096 2824 ταλαιπωρία,
1121 2738 1192 2815 νοός
1206 2742 1238 2806 έν
1253 2739 1432 2826 καταγνάσει

281 2845 332 2909 καί
355 2845 385 2908 έν
406 2843 502 2930 πλάνη
525 2843 706 2906 έπισείεσθαι
725 2836 798 2922 η’μῖν
819 2845 876 2906 τοῖν
892 2843 1030 2926 αἱρέσεων
1047 2839 1193 2927 άρχηγοός
1210 2844 1261 2906 καί
1277 2843 1431 2908 έπανίστα-

282 2955 357 3010 σθαι
375 2941 469 3026 άςιιερ
487 2941 644 3006 κνωδάλων
662 2947 793 3024 πλῆθος,
824 2939 955 3026 όχλήσεις
969 2969 1000 3008 τε
1016 2944 1067 3008 καί
1086 2947 1261 3024 δυςοδμίας,
1289 2942 1433 3026 κνισμοός

281 3071 312 3110 τε
333 3046 384 3110 καί
404 3041 576 3130 έπεντριβάς
594 3041 664 3126 ἡμῖν
684 3045 877 3124 ἐμποιοῦντας
897 3043 948 3109 διά
968 3051 1021 3126 τῆς
1041 3051 1095 3109 τοῦ
1116 3048 1289 3128 μυθοποιοῦ
1310 3043 1431 3126 πλάνης.

285 3139 378 3212 Οὗτοι
399 3147 431 3211 δέ
454 3149 485 3210 οί
501 3142 597 3231 τοάτῳ
617 3151 659 3234 τῷ
678 3146 816 3232 Νικολάῳ
837 3149 1073 3232 συνεζευγμένοι,
1100 3147 1189 3211 πάλιν
1209 3143 1261 3210 εἶπ’
1277 3143 1372 3212 αδτοῦ
1392 3143 1433 3222 οἷς
1493 3167 1494 3174 ’

282 3245 340 3314 άπδ
357 3251 460 3333 ουρίου
475 3244 537 3312 ωὀὕ
550 3244 650 3327 ὄφεως
661 3244 830 3332 σκορπίοιιῖ
845 3248 875 3324 έξ
889 3245 1021 3313 άσπίδων
1037 3249 1255 3334 γεγεννημέναι,
1276 3245 1342 3312 τινά
1358 3244 1433 3330 ἡμῖν
1493 3237 1494 3248 ¹

282 3352 509 3435 παρειςφέρουσι
530 3352 714 3430 κενοφωνίας
736 3344 865 3430 όνόματα
887 3351 936 3413 καί
958 3354 1078 3431 βίβλους
1102 3348 1275 3426 πλάττουσι,
1306 3353 1433 3433 Νωρίαν
1493 3343 1494 3394 7

283 3450 348 3516 τινά
361 3455 463 3534 βίβλον
475 3457 639 3530 καλοῦντες,
657 3452 708 3514 καί
722 3453 751 3527 ἐξ
764 3447 911 3526 άπονυίως
921 3447 1089 3534 Ἑλληνικῆς
1104 3453 1333 3532 δεισιδαιμονίας
1345 3471 1429 3532 μετοι-
1493 3489 1494 3518 ι

282 3559 436 3628 ποωῦντες
455 3551 508 3636 τὴν
524 3549 593 3638 παρ’
612 3549 715 3626 αὐτοῖς
731 3549 919 3634 εοῑςἜλλησι
934 3551 1062 3634 μυθάδη
1079 3556 1238 3640 ῥαψῳδίαν
1252 3553 1303 3616 καί
1319 3577 1431 3632 φαντα-
1493 3519 1494 3562 ί

281 3658 348 3719 σίαν
367 3651 445 3720 οὕτω
467 3652 501 3719 τδ
523 3659 636 3736 ψεῦδος
658 3659 695 3742 τῇ
716 3651 841 3742 άληθείρι
862 3655 1092 3740 παραπλόκουσι.
1140 3653 1256 3736 Ταύτην
1278 3655 1334 3740 γάρ
1356 3675 1433 3734 φασι
1493 3663 1494 3684 ¹

281 3754 335 3837 τήν
355 3758 479 3843 Νωρίαν
499 3753 573 3821 ιίναι
591 3761 645 3821 τοῦ
665 3759 734 3820 Νῶε
750 3765 883 3840 γυναῖκα.
927 3761 1060 3822 Καλοῦσι
1077 3756 1109 3820 δέ
1127 3759 1266 3841 Νωρίαν,
1295 3754 1379 3830 ὅπως
1396 3752 1432 3820 τά

284 3853 478 3940 ’Ἑλληνικῶς
498 3853 578 3943 παρά
598 3866 660 3934 τοῖς
668 3853 787 3940 Ἕλλησι
806 3859 1027 3947 βαφῳδηθέυια
1048 3855 1131 3922 αότολ
1147 3859 1342 3942 βαρβαρικοῖς
1361 3853 1433 3922 όνό-

281 3980 351 4040 μασι
365 3957 609 4042 μιταποιήσαντες
624 3967 687 4035 τοῖς
702 3957 899 4042 ἤπαιημίνοις
912 3957 981 4043 παρ’
996 3956 1095 4025 αδταῖν
1107 3962 1274 4040 φαντασίαν
1285 3957 1431 4043 ίργιίσοτν·
1493 4017 1494 4020 ,

281 4087 344 4140 ται,
364 4065 415 4128 ίνα
432 4061 470 4144 δὴ
485 4058 554 4127 καθ’
569 4064 721 4147 έρμηνείαν
735 4061 878 4143 ποιήσωσι
894 4060 928 4127 τό
943 4068 997 4143 τῆς
1015 4059 1161 4147 8Πύρρας
1176 4058 1282 4142 ίνομο,
1305 4062 1432 4144 Νωρίαν

279 4168 366 4227 τοῦτο
381 4161 582 4247 ὀνομάζοντες,
603 4161 704 4246 ἐπειδὴ
719 4162 776 4249 γάρ
793 4161 899 4249 Νουρά
916 4167 948 4228 έν
963 4170 997 4252 τῇ
1011 4159 1145 4248 Ἐβραΐδι
1157 4167 1216 4249 πῦρ
1233 4158 1271 4226 οδ
1285 4157 1360 4228 κατά
1376 4159 1433 4243 την
1493 4199 1494 4242 3

315 4351 372 4400 Cu.
387 4353 407 4400 1.
425 4381 458 4390 —
470 4353 503 4404 Ἰ.
521 4354 631 4414 Suspicor
653 4347 708 4404 κατ’
733 4349 834 4420 αίσχρό-
870 4354 942 4434 λἀίίε.
958 4356 1057 4434 νιτιμίι,
1074 4369 1121 4406 non
1136 4358 1169 4405 ειί
1185 4355 1210 4404 ιἰι
1226 4353 1277 4406 cod.
1293 4351 1393 4414 My.
1410 4357 1431 4400 εί

283 4433 526 4549 τηίοέἙλληιιιισίς,
543 4489 605 4548 ςυοδ
621 4489 730 4539 Ριίσνίιιε
743 4502 773 4538 τε
787 4490 837 4558 σρδ.
871 4421 928 4539 ²⁶¹3]
938 4435 1043 4552 ρόιυββᾰς
1059 4489 1110 4538 ωδ.
1126 4490 1198 4538 vatic.
