2984 4996
331 289 574 346 resumuntur.
591 291 670 344 Tott.
687 291 728 342 ΙΙΙ.
747 290 844 342 ΗΑΕΒ.
857 290 948 342 var.
1150 281 1210 342 715
1297 333 1303 340 .

66 428 128 480 tem
152 408 232 479 suam
253 422 392 498 perpetuo
415 411 521 476 sudore
543 432 578 476 ao
595 409 696 476 labore
714 397 906 496 maosigeret,
938 420 1024 494 etque
1043 431 1059 474 e
1077 408 1211 476 Paradisi

65 517 189 603 regione
214 516 350 600 degeret,
380 535 437 599 quo
458 534 499 578 ex
524 512 617 578 lelieis
641 511 777 578 domicilii
798 513 1001 578 recordatione
1022 513 1212 578 uehementer

68 642 137 684 eum
157 616 334 706 poeniteret,
366 615 442 680 bunc
458 615 575 700 iuquam
593 637 712 680 servare
730 615 848 680 minime
865 615 1009 701 potuerit,
1042 625 1091 680 aut
1112 627 1144 680 ut
1160 637 1211 700 po-

70 723 159 788 tuerit
173 718 401 786 misericordiam
424 718 452 782 ei
473 719 579 783 unllam
598 717 770 784 adbibuerit.
817 717 894 802 Quid
918 717 995 783 enim
1015 738 1135 784 caussae
1158 718 1212 782 luit

70 847 123 890 eur
141 819 275 890 Christus
292 822 328 886 ad
345 821 456 886 ioleros
474 843 566 906 osque
584 822 791 899 descenderet,
824 832 874 886 aut
890 821 986 886 triduo
1000 821 1129 907 sepultus
1146 831 1211 908 post
1332 839 1338 853 ’

68 927 234 1012 passionem
252 925 437 1009 resurgeret?
479 922 539 1008 Qui
558 945 645 1010 porro
663 924 738 988 istud
755 921 905 1005 impleturi
941 928 977 987 Ut
992 929 1108 987 mortuis
1127 928 1209 986 m'ur's-
1222 939 1268 983 nst
1282 937 1315 993 ro,
1328 937 1361 982 ιι.

69 1031 311 1112 perdominetur?
353 1023 412 1108 Qui
425 1036 493 1091 suot
507 1028 568 1091 viui
583 1026 624 1090 illi
638 1027 812 1111 mortuique,
833 1027 888 1092 nisi
904 1028 952 1112 qui
967 1038 1023 1092 ιιιιιι
1036 1028 1113 1091 inira
1126 1047 1211 1110 quam
1295 1111 1299 1116 Ι

71 1151 158 1218 sopra
173 1140 278 1194 terram
295 1149 349 1214 ope
366 1129 443 1193 illius
456 1128 645 1214 indigebant?
683 1127 812 1195 Possunt
825 1151 896 1195 uero
908 1151 983 1214 quoe
997 1149 1038 1194 ex
1050 1151 1146 1194 massa
1162 1130 1211 1195 illo

68 1235 204 1319 decerpta
222 1242 369 1297 surtesse
386 1242 505 1311 saneta,
536 1232 593 1296 nisi
608 1231 781 1318 massaipsa
798 1233 837 1296 sit
854 1243 971 1313 sancta,
1003 1234 1123 1318 utapud
1141 1253 1210 1317 apo-

68 1336 175 1400 stolum
191 1335 332 1420 legimus?
374 1331 433 1417 Qui
452 1335 488 1398 de
505 1332 569 1399 Eva
587 1334 727 1419 loqueos,
750 1338 928 1410 salvabitur,
952 1334 1056 1420 inquit,
1075 1357 1130 1416 per
1142 1337 1210 1397 libe·
1223 1339 1362 1397 omnen.

68 1461 167 1501 rorum
182 1442 404 1520 generationem,
428 1442 457 1500 si
475 1442 504 1500 in
517 1441 582 1518 fide
602 1460 636 1499 oe
657 1443 765 1500 tusone
783 1443 998 1520 permanserint.

151 1538 306 1606 lunumera
323 1551 391 1604 sont
406 1560 479 1624 quoe
497 1540 531 1604 de
547 1540 648 1605 eodem
665 1552 835 1630 argumento
850 1540 989 1628 disputari
1007 1550 1144 1627 possunt,
1169 1561 1209 1606 en
1227 1549 1287 1620 cip.
1302 1552 1344 1602 lv.

67 1643 171 1728 quibos
189 1641 319 1729 prudenti
339 1641 456 1706 cuilibet
473 1653 620 1729 comperta
634 1663 700 1708 esse
716 1655 812 1729 potest
826 1642 945 1708 'I'atiani
962 1643 1210 1729 'l'otiaoorumque

66 1746 224 1810 temeraria
243 1745 459 1830 blasphemandi
482 1745 597 1810 lieentia
622 1746 766 1830 animique
788 1747 925 1811 caecitas.
971 1745 1017 1812 De
1043 1747 1145 1832 quibus
1169 1747 1211 1810 ita

67 1846 198 1912 breviter
215 1848 421 1926 disseruimus,
444 1848 605 1914 utiliorum
623 1849 703 1916 velut
719 1849 841 1914 culicum
860 1850 957 1914 noxiis
973 1849 1136 1928 morsibus,
1159 1849 1210 1912 ad·

67 1949 157 2014 bibita
177 1950 214 2014 iis
234 1949 282 2034 qui
301 1949 351 2014 icti
375 1953 489 2015 luerunt
511 1951 617 2016 domini
639 1951 787 2030 doctriua,
817 1962 960 2036 umquam
983 1951 1040 2016 olei
1062 1951 1209 2016 cuiusdam
1255 1935 1260 1940 ’

68 2053 141 2117 illitu
158 2049 327 2118 medicinam
347 2053 519 2132 fecerimus,
543 2053 620 2118 illius
636 2054 761 2119 ueritete
779 2075 813 2118 eo
830 2056 958 2140 potentia
976 2053 1042 2119 ireti
1059 2077 1106 2139 qur
1099 2054 1207 2132 'dixit,

68 2158 131 2216 Non
149 2177 207 2218 oenc
224 2177 278 2216 uror
276 2159 493 2238 'udoumqore
504 2161 761 2238 pemerootdomus
777 2161 878 2220 lsrael.
925 2155 1009 2223 Unde
1028 2167 1058 2220 et
1073 2157 1103 2220 io
1123 2177 1263 2241 para-s
1220 2171 1263 2268 1ιιι
1263 2171 1305 2217 ou.

68 2256 134 2321 bola
147 2255 236 2320 dixit.
258 2262 347 2320 Homo
363 2263 474 2340 puidam
488 2261 678 2322 deseemdr'tub
691 2263 895 2322 Hierusalem
881 2283 910 2322 m
923 2263 1050 2335 Ierr'ebo,
1076 2280 1160 2344 quem
1175 2225 1267 2322 iuiiie
1268 2276 1316 2331 to,
1326 2275 1360 2318 ro.

69 2358 196 2424 latrones
211 2360 347 2424 incidisse
364 2361 515 2441 narrabat,
545 2371 622 2426 utet
638 2383 722 2426 ovem
742 2373 772 2426 et
785 2361 930 2426 bominem
947 2385 995 2448 qur
988 2362 1049 2425 ab
1066 2360 1209 2426 Hierusa-

69 2460 153 2524 lem
145 2483 175 2524 ιιι
192 2459 304 2526 leriobo
321 2463 513 2528 descenderat
527 2463 631 2528 illum'
623 2485 716 2550 rpsuro
735 2465 853 2529 doceret
871 2485 938 2530 esse
960 2487 1009 2550 qur
1000 2463 1059 2528 ob
1077 2463 1209 2548 ampliori

72 2561 205 2648 dignitate
223 2565 385 2644 ceciderat,
409 2575 438 2630 et
456 2566 493 2629 ab
510 2587 569 2631 uno
584 2566 711 2651 pastoris
726 2567 772 2630 sui
790 2568 925 2631 mandato
940 2567 1071 2632 divolsus
1090 2587 1208 2630 errave·

72 2675 124 2730 rat.
169 2663 217 2730 Es
240 2689 297 2750 quo
319 2678 450 2732 sanctum
469 2668 612 2734 Adamum
634 2679 784 2754 parentem
805 2681 934 2762 nostrum
956 2670 1034 2734 iuter
1054 2670 1139 2736 vivos
1157 2689 1210 2731 uu-

72 2787 228 2848 meremus,
261 2779 378 2856 propter
393 2789 478 2855 quem
494 2782 525 2836 et
542 2793 596 2846 uos
614 2793 715 2836 omues
735 2771 798 2836 eius
816 2783 950 2858 posteros
968 2768 1105 2837 Christus
1122 2771 1210 2834 adve-

74 2869 124 2948 nit,
149 2869 232 2935 otiis
249 2872 297 2956 qui
312 2871 404 2957 ipsum
422 2874 490 2937 olim
506 2885 722 2958 cognoverant,
746 2895 800 2940 neo
816 2897 833 2938 a
848 2875 1000 2940 divinitate
1013 2875 1076 2939 eius
1092 2873 1209 2938 aberra·

72 2983 181 3051 rorant,
206 2985 235 3036 et
250 2973 286 3037 ob
302 2975 438 3038 nonnulla
453 2975 555 3040 delicta
570 2998 622 3040 sua
638 2977 711 3062 apud
725 2978 834 3042 interos
852 2978 1066 3057 detinebantur,
1090 2975 1209 3040 iniuria·

69 3091 127 3135 rum
144 3073 318 3138 oblivionem
337 3077 528 3157 concederet,
552 3099 673 3164 eamque
690 3088 720 3143 et
736 3079 830 3143 adhue
845 3080 1028 3144 venientibus
1041 3100 1095 3165 per
1108 3077 1209 3165 poeni·

72 3175 186 3240 tentiam
205 3187 237 3241 et
252 3179 324 3264 opud
343 3179 454 3244 iuleros
469 3181 640 3266 degentibus
655 3203 707 3268 per
721 3181 948 3248 misericordiam
965 3204 1001 3247 ac
1017 3182 1140 3248 salutem
1156 3179 1208 3243 tri·

69 3272 178 3342 boeret.

147 3379 203 3445 Est
216 3383 346 3468 prolecto
363 3386 438 3468 quod
452 3386 623 3472 intelligenti
640 3387 742 3451 mirum
761 3388 911 3468 videatur,
941 3388 968 3453 id
988 3390 1065 3473 quod
1084 3408 1100 3452 e
1118 3387 1206 3452 libro·
1224 3401 1283 3470 cap.
1298 3401 1327 3452 v.

70 3499 126 3546 rum
148 3485 343 3550 monumentis
361 3487 530 3569 didicimus,
564 3489 708 3554 dominum
732 3499 862 3554 nostrum
885 3489 982 3555 lesum
1004 3487 1154 3556 Christum
1177 3491 1208 3553 in

73 3579 210 3669 Golgatba
231 3609 297 3668 esse
316 3590 503 3670 crucifixum,
534 3591 669 3656 nimirum
685 3591 715 3656 in
734 3613 770 3656 eo
788 3591 968 3678 potissimum
986 3594 1067 3674 loeo,
1099 3593 1129 3656 iu
1150 3615 1208 3678 quo

71 3682 167 3751 ddami
190 3710 295 3776 eorpus
318 3692 439 3774 iaceret.
485 3693 542 3756 Hic
560 3695 637 3758 enim
659 3716 676 3758 e
694 3695 829 3781 paradiso
848 3695 1012 3781 digrediens
1034 3697 1081 3761 diu
1099 3716 1139 3760 ex
1158 3695 1208 3758 ad·

74 3805 152 3852 verso
174 3789 251 3856 illius
271 3793 422 3858 habitavit.
467 3793 581 3860 Deinde
599 3797 686 3882 longo
705 3808 805 3883 postea
825 3809 955 3883 tempore
978 3799 1006 3862 io
1024 3797 1103 3862 illum
1123 3818 1207 3881 quern

71 3885 124 3979 dixi
138 3890 409 3981 Hierosolymorum
425 3897 520 3962 locum
535 3900 676 3979 secessit,
701 3899 748 3963 ubi
764 3911 794 3964 et
808 3901 868 3964 rita
883 3902 999 3966 lunotus
1015 3900 1044 3965 in
1063 3899 1209 3984 Golgotba

70 3993 190 4075 sepultus
210 4007 264 4062 est.
310 3996 376 4082 Qua
396 4020 436 4063 ex
455 4022 487 4064 re
505 4002 608 4066 merito
625 4002 706 4066 loeus
725 4002 788 4088 ipse
806 4023 910 4067 nomen
929 4003 1057 4090 accepit,
1088 4012 1121 4065 ut
1139 3998 1208 4066 Cal·

70 4095 160 4162 variae
178 4099 395 4186 interpretondo
412 4102 568 4167 diceretur.
615 4101 707 4168 Cuius
726 4105 925 4190 appellationis
943 4107 1021 4170 nullo
1038 4105 1068 4168 iu
1087 4125 1123 4169 eo
1142 4104 1206 4167 loco

71 4193 217 4266 similitudo
235 4203 376 4268 cernitur.
421 4202 499 4270 Nam
514 4227 569 4271 nee
584 4206 615 4271 iu
631 4207 707 4272 clivo
722 4207 819 4292 aliquo
835 4208 909 4274 situs
925 4220 983 4290 est,
1006 4220 1037 4273 ut
1053 4217 1208 4294 propterea

72 4455 142 4518 douo
157 4459 266 4512 Puteolos
284 4465 365 4526 tootte,
385 4469 411 4513 ut
426 4466 496 4525 rotet,
516 4479 585 4516 suum
601 4481 672 4529 quom
689 4467 713 4518 tn
729 4470 834 4530 moretm
849 4467 970 4530 proposuit
985 4469 1139 4518 coniecturam
1154 4481 1207 4518 mu-

73 4526 153 4576 tuetur:
170 4524 217 4582 dmi
233 4529 288 4584 τινα
304 4528 334 4584 δὲ
351 4529 432 4585 αἰτίαν
449 4539 498 4584 cett.
