3010 5000
252 193 313 257 540
671 199 792 253 οιαστι
809 197 979 252 nummu

252 318 293 397 ἀς
314 322 389 407 λέγει
411 315 430 384 ό
451 316 628 396 ἀπόστολος·
658 317 729 396 ἀςτε
747 309 802 384 οῦν
819 314 837 382 ό
855 313 1069 400 ἀνθιστάμενος
1089 323 1126 408 τῇ
1140 314 1267 408 Ἐξοασίη
1280 319 1354 406 τητνῦ

250 431 326 492 θεοῦ
342 429 466 512 διαταγῇ
484 419 670 506 ἀνθέστηκεν.
717 423 756 486 Οί
773 418 827 506 γάρ
839 417 1001 504 ’Ἄρχοντες
1018 417 1073 486 οῦκ
1090 423 1147 486 είσν
1162 420 1235 486 κατά
1252 426 1295 486 τοῦ
1310 415 1359 500 ἀγα
1436 439 1437 442 ’

251 534 329 607 θσῦ,
356 523 415 590 ἀλλ’
431 522 505 608 όπέρ
522 532 576 590 τοῦ
592 522 726 610 ἀγαθοῦ,
756 525 807 588 καί
823 520 880 586 οῦκ
896 523 950 586 είσι
966 519 1041 587 κατά
1057 529 1109 604 τῆς
1126 520 1273 606 ἀληθείας,
1300 513 1358 583 1ἀλλ’

252 626 324 710 όιτέρ
347 635 400 712 τῆς
420 625 570 709 ἀληθείας.
615 628 713 702 Θέλεις
728 626 777 703 δέ,
806 625 895 708 φησί,
925 621 978 706 τὴν
993 621 1143 702 Ἐξονσίαν
1161 624 1204 707 μὴ
1220 629 1362 708 φοβείσθαις

217 743 222 766 ¹
251 727 285 795 τό
309 727 452 814 λάγαθόν
471 732 564 807 ποίει,
594 730 644 794 καί
666 729 739 806 ἕξεις
755 729 877 792 ἔπαινον
898 729 928 803 έξ
947 723 1047 809 αὐτῆς.
1093 727 1139 793 Οά
1154 728 1212 814 γάρ
1230 731 1285 808 εἰκῆ
1300 728 1365 805 φανεῖ

252 829 306 915 την
323 828 479 918 μάχαιραν·
508 829 649 907 διάκονος
665 829 720 917 γόρ
738 832 815 896 ἐστιν
836 831 877 904 είς
893 825 965 894 αότδ
982 836 1069 895 τοῦτο
1087 833 1119 896 έκ
1137 839 1215 898 θεοῦ
1231 827 1367 912 τεταγμένος

252 941 294 1022 τῷ
315 931 348 1000 τό
365 933 458 1002 κακόν
473 931 637 1017 πράττοντι.
683 935 742 997 Καὶ
758 928 831 1020 όρηίς
853 928 894 1008 οῦς
909 927 929 1012 ἦ
945 927 1081 1007 Ἐξοασία
1098 931 1172 1016 αῦτη
1187 929 1208 1016 ἡ
1222 923 1368 1012 κοσμικίχέτ

252 1044 328 1102 θεοῦ
344 1039 493 1114 τέτακται,
520 1037 571 1100 καί
588 1039 731 1120 μαχαίρας
749 1036 833 1117 έλαβε
849 1031 902 1116 τὴν
914 1029 1082 1111 Ἐξουσίανς
1111 1033 1167 1100 οάκ
1186 1032 1330 1116 ἀλλαχόθεν
1346 1026 1369 1090 δέ

252 1147 363 1217 ποθεν,
387 1135 450 1210 ἀλλ’
464 1139 497 1204 έκ
510 1144 602 1216 θεοῦ,
632 1140 673 1213 τίς
690 1138 846 1219 έττδίκησιν.
891 1136 953 1200 Καί
970 1133 1006 1201 οῦ
1020 1135 1175 1219 δννάμεθα
1192 1139 1278 1222 λέγειν
1291 1129 1333 1198 διό
1347 1125 1368 1192 τό

253 1237 329 1307 εἶναι
339 1238 449 1325 Ἀρχάς
462 1242 513 1305 καί
523 1237 675 1316 Ἐξοασίας
689 1241 719 1304 έν
731 1236 833 1326 κόσμῳ
847 1235 899 1302 τόν
913 1240 1031 1320 βασιλέα
1046 1236 1159 1304 τοῦτον
1175 1238 1217 1322 μη
1230 1235 1296 1304 εἶναι
1307 1237 1369 1316 βασι-

253 1343 319 1422 λέα,
352 1339 421 1406 ἀλλά
437 1338 511 1408 εἶναι
526 1339 578 1416 τάς
592 1338 702 1426 Ἀρχάς
716 1343 768 1406 καί
785 1337 837 1415 τός
852 1336 1003 1418 Ἐξοασίας
1018 1342 1051 1406 έν
1064 1339 1181 1430 κόσμῳ,
1211 1337 1280 1406 είναι
1293 1337 1320 1402 δέ
1332 1333 1369 1399 καί

252 1443 305 1510 τόν
322 1443 434 1510 τούτων
450 1444 576 1527 βασιλέα.
618 1439 670 1518 Ὡς
686 1435 741 1508 οῦν
758 1443 808 1508 έπί
823 1449 878 1527 γῆς
897 1439 1027 1527 ἀροῦμεν,
1056 1444 1200 1511 δέδεικται
1219 1439 1305 1527 έγάρ,
1328 1431 1368 1500 νίν

254 1550 385 1622 έναντίας
400 1544 453 1622 τάς
470 1542 559 1630 ἀρχάς
573 1552 615 1633 τῷ
629 1549 755 1626 βασιλεῖ,
785 1541 842 1608 ἀλλ’
857 1541 1092 1629 ἀντιτεταγμένας
1107 1547 1149 1621 είς
1163 1549 1300 1626 διοίκησιν
1313 1562 1366 1604 παν·

253 1647 305 1725 τός
316 1657 371 1714 τοῦ
384 1653 541 1731 βασιλείαν,
557 1649 608 1712 καί
623 1649 665 1722 είς
678 1643 811 1724 εῦταξίαν
826 1652 890 1730 γῆς,
906 1649 981 1712 ένθα
995 1645 1086 1728 φόνον
1098 1648 1150 1714 καί
1164 1647 1260 1731 μόχαι,
1279 1639 1368 1729 ἀγινννέ

254 1777 284 1817 τε
299 1753 350 1816 καί
366 1754 558 1828 διδασκαλίαι,
581 1746 713 1832 εόνομίαι
725 1775 754 1814 τε
768 1751 818 1814 καί
834 1753 1024 1834 παρανομίαι,
1045 1753 1096 1815 καί
1108 1749 1216 1818 τοῦτον
1228 1747 1302 1834 χάριν
1312 1743 1366 1808 εἰσίν

254 1856 391 1933 έξονσέαι,
413 1855 463 1918 ἵνα
478 1853 520 1928 είς
535 1848 675 1918 εῦτακτον
690 1849 824 1929 σύνταξιν
839 1859 891 1934 τῆς
904 1858 959 1918 τοῦ
974 1849 1083 1928 παντός
1095 1851 1209 1936 κόσμον
1226 1843 1365 1930 διοικήσενς

253 1953 289 2021 τά
309 1953 404 2020 πόντα
425 1957 459 2020 έκ
480 1959 555 2020 θεοῦ
576 1961 673 2030 καλῶς
693 1961 863 2044 καταταγθγῦ
884 1955 936 2018 καί
956 1956 1161 2046 οίκονομηθη,
1190 1953 1263 2020 οῦτοι
1285 1951 1326 2016 καὶ
1341 1947 1363 2010 έν

256 2055 389 2145 αῦρανγί,
418 2055 541 2139 μάλιστα
555 2056 587 2122 δέ
603 2057 755 2140 ἐξαιρέτως
771 2059 844 2135 ἐκεῖ,
875 2057 950 2122 ένθα
967 2054 1003 2122 οό
1019 2055 1152 2138 φθόνος,
1182 2055 1218 2123 οῦ
1233 2062 1316 2138 ζῆλος,
1338 2041 1363 2111 λέ

133 2186 183 2231 σιτ·
196 2174 242 2219 ²³⁵·
255 2161 441 2244 παρανομία,
466 2155 521 2224 οῦκ
538 2157 719 2240 ἐναντιότης,
741 2156 777 2224 οῦ
793 2156 903 2237 στάσις,
925 2156 979 2242 οῦχ
991 2158 1090 2244 ὅρκος,
1113 2157 1167 2242 οόχ
1181 2154 1295 2244 ἀρπαγό,
1312 2147 1362 2216 νέέέ

255 2288 280 2326 τι
303 2262 401 2346 ἕτερον
421 2267 480 2326 τῶν
500 2257 657 2339 τοιούτοιν,
684 2258 832 2337 Ἐξαυσίαν
849 2263 1016 2346 τεταγμέναι
1034 2263 1090 2326 εέσί
1108 2259 1145 2326 δι’
1163 2260 1246 2344 ἀλίην
1258 2275 1360 2341 πραχμν·

253 2367 340 2430 τείαν.
386 2368 483 2427 Ποῖαν
503 2365 536 2429 δέ
557 2388 649 2446 φημι,
680 2360 737 2428 ἀλλ’
758 2361 779 2446 ἢ
797 2363 846 2428 διαί
862 2361 914 2428 τόν
930 2361 1049 2446 ῥυθμόν
1064 2370 1117 2430 τοῦ
1136 2362 1244 2446 ὕμνον,
1270 2349 1361 2432 δαίτόν

255 2463 316 2531 ἀναν
330 2462 477 2550 ἀκήρατον
492 2468 677 2549 δοξολογίαν,
708 2461 745 2529 δι’
762 2463 800 2548 ἣν
816 2461 960 2548 ἠθέλησεν
974 2462 991 2532 ό
1007 2463 1146 2546 όφθονος
1162 2463 1241 2548 ἡμῶν
1255 2455 1315 2534 θεός
1325 2453 1360 2520 w?

254 2564 390 2654 βασιλεῦς
405 2570 582 2651 χαρίσασθαι
596 2565 708 2656 έκάστηι
724 2574 783 2632 τοῖν
800 2563 850 2632 ἀπ’
870 2564 963 2634 αῦτοῦ
979 2570 1192 2652 γεγεννημένων
1206 2565 1285 2644 δόξαν
1297 2581 1362 2644 πμνσ
1425 2594 1427 2663 ρ

255 2666 402 2750 ἥκουσαν,
429 2671 479 2734 ίνα
500 2676 553 2751 τῆς
568 2665 659 2735 αῦτοῦ
673 2673 820 2753 βασιλείας
840 2667 872 2734 τό
889 2667 1017 2755 φαιδρόν
1037 2671 1089 2736 καί
1106 2667 1315 2750 4ἀκατόίητσινν
1326 2655 1362 2724 ῐέέ
1426 2674 1429 2809 γ

254 2773 416 2854 έτπληκτον
430 2767 475 2836 ἀεί
489 2768 649 2853 δοξάζηται.
694 2777 808 2853 Σαφῶς
821 2775 920 2837 τοίνυν
933 2774 1039 2837 ἐκεῖνον
1053 2770 1255 2854 πεπλάνηνται,
1272 2763 1317 2847 τόν
1327 2755 1362 2844 χέ-
1427 2826 1428 2857 η

256 2899 303 2958 ριν
322 2880 376 2938 τοῦ
396 2879 473 2939 θεοῦ
493 2869 695 2957 ἀγνοήσαντες.

1429 2927 1431 3005 ρ

223 3189 238 3244 ’.
343 3181 422 3244 Φασὶ
437 3178 469 3244 δέ
483 3171 577 3258 οῦτοι,
599 3177 641 3256 τίς
655 3181 705 3244 καί
721 3177 782 3246 ἀνω
798 3205 850 3262 μοι
863 3177 1091 3264 προδεδήλωται,
1111 3178 1163 3247 τόν
1176 3164 1365 3262 διάβοίονείνα
1430 3112 1433 3222 ί

255 3279 321 3346 νίόν
334 3289 388 3363 τῆς
400 3280 529 3364 έβδόμης
542 3283 685 3360 ἐξουσίας,
702 3282 829 3348 τουτέστι
841 3289 894 3348 τοῦ
906 3285 1056 3364 Σαβαοίθ·
1073 3280 1148 3348 είναι
1161 3283 1192 3348 δέ
1205 3267 1366 3368 smmi&
1432 3282 1433 3311 ³

255 3389 315 3448 τῶν
328 3380 494 3461 Ἰουδαίων,
521 3381 573 3448 τόν
587 3384 620 3450 δέ
634 3383 771 3466 διάβολον
786 3381 917 3470 πονηρόν
933 3381 1026 3450 αῦτοῦ
1040 3383 1120 3464 αίόν,
1149 3383 1218 3450 ὄντα
1234 3381 1263 3446 δέ
1277 3375 1367 3446 ένέῐῖλλ

259 3491 336 3569 ιγῆς
350 3487 559 3551 ἐναντιοῦσθαι
573 3493 613 3574 τῷ
629 3489 694 3574 ίδίςο
708 3490 803 3570 πατρί.
848 3488 908 3552 Καὶ
923 3484 975 3552 τόν
989 3486 1082 3553 αῦτοῦ
1094 3487 1204 3572 πατέρα
1217 3481 1282 3568 μήτε
1294 3477 1366 3542 σννέ·
1434 3520 1435 3530 1

256 3613 307 3654 τον
321 3584 410 3666 είναι,
439 3586 512 3670 μήτε
526 3587 612 3653 πόλιν
630 3584 705 3654 εἶναι
719 3587 771 3654 τόν
784 3586 989 3670 ἀκατάληπτον
1003 3588 1090 3667 θεόν,
1120 3588 1156 3654 ῦν
1171 3588 1276 3670 πατέρα
1291 3575 1366 3664 γσῦέέι
1433 3647 1434 3653 ,

255 3687 326 3754 ἀλλά
347 3687 500 3774 ἀριστερᾶς
520 3686 595 3756 είναι
617 3693 758 3767 έξονσίας.
791 3690 916 3777 Ἕτερον
937 3691 968 3756 δέ
990 3691 1078 3758 πόλιν
1099 3697 1200 3774 μῦθον
1219 3674 1369 3772 aymo!

254 3799 399 3870 τοιοῦτον,
421 3790 483 3871 ότι,
508 3793 639 3873 ’φασίη
662 3789 680 3857 ό
699 3791 835 3875 διάβολος
853 3792 950 3860 έλθιδν
967 3793 1044 3879 πρός
1063 3790 1117 3875 τὴν
1134 3789 1219 3861 adan
1308 3777 1317 3804 ¹

255 3891 330 3983 αὐτῇ
351 3891 392 3970 τίς
412 3892 486 3978 ἀνὴρ
508 3896 640 3978 γυναικί,
671 3897 722 3960 καί
739 3896 889 3980 ἐγέννησεν
910 3897 940 3973 έξ
957 3894 1050 3962 αῦτοῦ
1066 3893 1118 3961 τόν
1139 3785 1368 4006 tcum

247 3992 350 4078 ’Ἅβελ
396 3995 451 4062 Διό
469 3998 611 4079 ἐπανέστη
633 3994 652 4060 ό
673 3994 716 4072 είς
736 4004 777 4086 τῷ
793 3998 837 4063 ἑνί
856 3994 905 4063 διό
920 4004 1005 4081 ζῆλον
1018 3997 1054 4064 δν
1069 3992 1148 4080 είχατ

290 4219 348 4270 θεν.
368 4221 407 4270 W.
430 4249 464 4260 -
492 4225 512 4272 1.
533 4216 586 4275 ἀλλ’
604 4217 666 4286 ῦπέρ
686 4221 734 4287 τῆς
751 4217 812 4287 ἀλη-
879 4220 904 4274 3.
921 4218 968 4288 γὰρ
986 4237 1016 4271 τα
1031 4221 1073 4270 α’
1372 4192 1380 4237 ⁵

256 4286 336 4350 θείας,
348 4292 410 4350 quod
423 4304 467 4340 ποτε
482 4290 548 4339 habet
560 4292 689 4353 τιλμιτοσ,
703 4293 813 4341 Petamus
880 4285 904 4342 4.
922 4283 1032 4342 α’κατάλτ

255 4369 284 4405 ατ
302 4357 353 4404 cod·
369 4358 442 4405 λἀλίσ.
459 4359 581 4417 supplevit.
849 4361 920 4408 λὀλία.
955 4352 1020 4410 όκατ

290 4420 314 4470 2.
331 4419 407 4473 καλὸν
424 4425 475 4474 ανδ.
489 4425 563 4474 Vatia.
847 4427 942 4488 λλλτδίγ.
975 4418 1020 4476 ἀνι
