2994 5024
378 335 512 388 tantan
528 337 590 388 ΗΒ.
604 337 624 388 Ι.
642 335 723 388 ΤΟΜ.
736 335 781 386 tu.
797 335 895 387 flattu.
907 335 988 387 XLII.
1194 323 1255 387 607

108 456 183 520 toris
203 455 308 522 orutio.
353 453 405 522 Sin
423 455 501 520 enim
518 455 656 540 loquitar.
701 460 849 518 Generon'o
865 458 933 518 door
949 459 1061 535 obruor
1078 460 1357 564 pamerr‘t,et1l.sn³cp.

108 563 221 639 ra‘ganrn
241 581 295 620 non
316 560 430 621 dubitur
446 563 482 620 οἱ.
529 555 644 641 Quibus
660 559 768 624 indicat
784 558 991 642 generationes
1009 557 1073 620 illas
1090 579 1163 642 quoe
1180 558 1254 621 banc
1266 548 1407 644 hippum,

109 669 331 724 antecesserant
352 682 369 723 a
391 661 446 723 deo
468 659 597 746 prodigia
619 661 742 725 coalitus
764 681 830 724 esse
855 669 1040 724 consecutas.
1086 656 1254 725 Cuiusmodi
1268 658 1406 771 {affl-{2³2

108 763 280 848 praestitum
295 771 342 826 est
353 761 390 825 ab
403 759 480 841 tttia,
505 784 569 826 cum
581 763 657 848 ignis
671 783 687 826 ο
701 763 783 826 οοοΙο
797 761 894 848 lapsus
907 762 1050 828 sacrificia
1062 763 1252 848 consumpsit.
1268 758 1410 850 1,.‚1'0‚’12,'

108 863 234 950 Moyses
248 884 320 928 vero
337 883 415 928 marc
428 864 541 944 dividit,
565 885 704 951 percusso
723 866 806 930 silice
821 885 909 949 aquas
924 865 1013 944 elicit,
1038 876 1125 950 atque
1142 887 1159 930 ο
1174 867 1256 930 coelo

110 987 217 1031 manna
229 966 363 1031 demittit.
395 963 478 1032 Iesus
491 965 579 1032 Nune
593 968 668 1032 lilius
682 969 773 1032 salom
786 968 865 1032 sistit
878 987 913 1030 ac
927 967 1034 1032 lunam.
1067 965 1151 1032 Unde
1165 989 1256 1052 quan·

111 1069 220 1134 lomois
243 1090 316 1154 quae
339 1069 447 1155 scripta
468 1081 536 1134 sunt
556 1069 699 1155 impostor
717 1069 895 1148 dissimulet,
927 1068 998 1132 nihil
1016 1069 1132 1134 veritati
1148 1091 1255 1136 nocere

110 1172 236 1258 poterit,
259 1173 311 1236 sed
332 1171 370 1236 ab
391 1192 426 1235 ea
447 1193 482 1238 sc
502 1171 595 1258 magis
617 1172 766 1238 alienabit.

199 1373 300 1442 Scbol.
318 1374 439 1446 XXVI.
472 1375 532 1442 Pro
546 1398 582 1441 eo
597 1380 672 1463 quod
685 1387 732 1444 est
743 1383 908 1440 Proeton'tdc
923 1382 971 1442 der·
981 1382 1123 1454 ioddcrbnr,
1149 1377 1256 1443 rescri-
1269 1391 1362 1449 suant,
1376 1395 1408 1438 ts.

112 1491 228 1566 pseral,
251 1485 415 1542 stuetem'tr'o
436 1483 484 1542 ded
500 1485 678 1543 mononem.

198 1581 300 1648 llelut.
316 1579 438 1648 XXVI.
472 1579 549 1665 Quid
574 1584 716 1668 estquod
739 1584 774 1648 ad
798 1593 827 1648 te
851 1582 1041 1648 refellendum
1062 1604 1121 1647 non
1143 1583 1258 1647 valeatl

111 1697 165 1752 ant
178 1686 253 1750 unda
269 1706 327 1749 noo
341 1685 451 1750 assessi
467 1695 612 1750 contrata
627 1685 823 1750 testimonium
838 1687 944 1771 queatl
987 1683 1084 1750 Prima
1101 1685 1177 1748 enim
1192 1707 1256 1750 coro

111 1787 326 1873 posterioribus
344 1787 545 1866 consentiunt,
576 1788 767 1854 utscelorata
783 1788 832 1854 illa
850 1799 898 1852 tua
917 1789 1106 1854 convincatur
1125 1788 1256 1853 audacia.
1320 1790 1322 1795 ’

113 1888 192 1956 Cum
210 1891 287 1956 enim
302 1889 383 1968 dicit,
410 1895 518 1954 Teaets's
533 1893 697 1954 orditiones
712 1896 862 1965 aencorum,
887 1903 917 1952 et
925 1897 1087 1972 proeterr'ldr
1101 1896 1259 1953 maberu‘cor-

111 1998 190 2056 dioro
204 2006 232 2054 et
246 1997 378 2056 ludicrum
390 1997 444 2068 dei,
469 1994 549 2056 disce
563 1993 650 2057 sodes
666 2014 705 2057 ex
721 2015 777 2079 quo
791 2003 921 2078 tempore
936 1993 1007 2056 baec
1019 1993 1085 2058 illos
1099 1993 1259 2057 observan-

112 2107 162 2160 tes
177 2104 297 2180 arguat,
322 2095 551 2179 aequandorum
567 2097 715 2160 seniorum
732 2096 787 2160 isto
805 2094 920 2160 traditio
937 2096 1077 2180 coeperit.
1122 2094 1259 2160 Invenies

112 2199 248 2284 prolecto
264 2218 328 2261 earn
342 2217 416 2282 quae
431 2196 554 2263 Desidia
567 2199 736 2263 inscribitur
749 2208 813 2282 post
828 2198 951 2261 reditum
966 2218 982 2260 e
995 2195 1167 2283 babylonia,
1187 2198 1259 2262 Atri-

112 2300 258 2366 bucnero
273 2300 357 2384 paulo
374 2310 442 2364 ante
457 2297 665 2386 Babylonicum
681 2299 876 2386 captivitatem
891 2299 1003 2364 initium
1020 2299 1168 2365 habuisse.
1200 2300 1259 2364 As·

113 2423 340 2468 samonaeorum
357 2423 444 2486 porro
460 2403 643 2468 traditionem
659 2401 823 2468 Alexandri
839 2414 870 2466 et
884 2401 1024 2466 Antiochi
1041 2404 1173 2489 coepisse
1188 2413 1260 2468 tom·

114 2504 253 2593 poribus,
278 2503 362 2568 annis
376 2514 444 2569 ante
460 2500 609 2569 Christum
627 2501 725 2570 CXC.
768 2502 940 2588 Itaqueiam
956 2515 1015 2568 tnm
1030 2526 1083 2588 per
1098 2506 1192 2590 legem
1208 2525 1260 2569 vo·

116 2607 209 2688 catio,
232 2627 266 2670 ac
279 2625 331 2691 per
343 2605 499 2692 prophetas
511 2617 576 2671 erat
590 2607 686 2672 oblato
702 2605 912 2687 misericordia,
938 2618 968 2670 ut
982 2606 1163 2672 circulatoris
1177 2608 1261 2672 istius

112 2709 195 2777 ratio
218 2706 343 2773 londitns
365 2719 525 2786 evertatur.

205 2807 305 2876 Sobol.
323 2807 460 2876 XXVII.
503 2817 559 2874 Vae
582 2813 673 2885 nodet,
709 2816 837 2893 quonum
862 2813 1019 2894 oedffiootds
1040 2814 1170 2892 sepulcro
1194 2827 1374 2892 pro-tunm

110 2917 281 2996 plectarum,
306 2923 336 2974 at
350 2925 449 2994 putres
469 2920 559 2976 csend
576 2917 740 2976 occiderunt
758 2916 832 2976 illoc.

203 3013 303 3078 Relot.
319 3011 456 3080 XXVII.
488 3013 727 3100 Quandoquidem
745 3015 900 3102 propbetas
914 3037 1002 3081 curae
1019 3015 1075 3080 sibi
1089 3037 1156 3080 esse
1173 3015 1264 3100 signi-

116 3120 204 3195 ficat,
230 3127 376 3181 uteorum
393 3136 495 3180 necem
510 3118 746 3186 interlectoribus
762 3119 936 3204 exprobret,
960 3130 1080 3204 apparet
1092 3118 1210 3182 minimo
1227 3118 1264 3182 nb

115 3243 156 3286 co
172 3220 285 3284 alienos
301 3218 452 3297 extitisse,
476 3221 528 3282 sod
544 3241 665 3299 servos,
689 3222 736 3306 qui
754 3231 783 3284 et
798 3221 962 3285 advenienti
978 3221 1018 3284 illl
1033 3221 1110 3284 vium
1127 3221 1264 3305 quodom-

116 3322 206 3388 modo
224 3322 390 3398 munierint,
408 3331 438 3384 et
451 3342 529 3385 novo
544 3333 718 3386 testamento
733 3321 898 3387 testimonio
913 3345 966 3387 sno
979 3321 1130 3406 suffragati
1144 3323 1261 3386 luerint.

117 3421 208 3506 Quod
224 3421 347 3508 blopaes
364 3422 408 3485 his
424 3424 577 3508 praecipue
594 3425 691 3489 vorbis
711 3425 870 3510 praestitit:
904 3429 1068 3506 Prophetom
1084 3427 1160 3486 codd
1173 3429 1414 3501 cacodaemonis.

117 3529 194 3589 mur
206 3530 333 3588 donabus
347 3530 414 3587 deus
432 3548 448 3586 ο
457 3529 604 3608 frutribus
620 3533 720 3589 vesnia
736 3533 811 3589 cabul
827 3549 877 3588 me.
925 3525 985 3592 Sed
1004 3537 1033 3590 et
1051 3536 1118 3590 ante
1136 3523 1263 3612 Moysen

116 3627 223 3706 Iacob,
244 3628 308 3690 dum
324 3626 366 3690 ila
380 3626 523 3710 quuitur:
542 3633 570 3691 lt
582 3635 719 3710 germane,
731 3633 837 3711 filimi
850 3633 932 3703 ludo,
952 3633 1112 3691 ascendisti.
1147 3633 1264 3710 Ilcqut'e-
1277 3649 1404 3707 flentcs.

117 3753 203 3794 scens
218 3731 385 3792 cccudur‘ru'.
431 3735 495 3794 Non
513 3735 622 3813 deficiet
633 3737 764 3814 princeps
779 3755 816 3795 en
830 3737 902 3794 ludo
917 3743 971 3794 etc.
1017 3732 1065 3795 Αο
1078 3731 1162 3816 paolo
1180 3741 1263 3817 poste

118 3839 217 3897 Donec
231 3837 324 3894 neuim
339 3837 388 3895 eui
401 3839 522 3915 reposito
536 3846 617 3909 sunt,
642 3839 741 3916 etipse
755 3840 911 3916 enpeolutio
922 3839 1064 3914 gentium,
1090 3845 1118 3894 et
1130 3838 1159 3894 r'n
1176 3838 1264 3913 ipsum

116 3948 220 4019 gendes
235 3937 397 4016 sperabunt.
445 3933 536 4000 Isaias
553 3957 641 4014 vero,
665 3941 753 4011 Ecce,
777 3937 886 4021 inquit,
912 3941 999 4016 Vrrgo
1014 3939 1167 4015 concipiet,
1194 3933 1264 3998 Ilie-
1277 3955 1371 4013 somn,
1385 3959 1417 4002 lt.

117 4039 230 4104 remiss
245 4037 332 4118 ilem,
356 4043 396 4102 Et
407 4043 486 4100 domo
501 4050 552 4111 est,
577 4050 607 4100 ct
616 4043 678 4119 quo
690 4051 838 4118 cognoscet
849 4043 950 4100 cllum?
991 4035 1156 4115 Michaeas,
1179 4041 1220 4098 Et
1235 4049 1350 4104 tutorem.
1359 4061 1383 4104 rt
1397 4061 1416 4105 s.

116 4143 262 4204 Bethleem
276 4151 344 4216 etc,
369 4151 400 4204 et
413 4141 498 4226 psulo
516 4150 591 4224 post,
614 4145 663 4202 llo
677 4152 703 4202 te
716 4145 787 4202 rnr'lli
797 4146 958 4222 medeatur
972 4144 1032 4203 duo
1045 4152 1098 4202 etc.
1145 4137 1187 4200 At
1200 4135 1266 4201 Ma·
1280 4093 1403 4169 armet.

117 4241 251 4322 lachim,
282 4247 384 4306 Statim
401 4249 431 4304 in
449 4246 577 4324 tenplum
594 4247 683 4305 oeanbt
698 4247 835 4306 donabus.
879 4239 957 4307 Nom
976 4243 1052 4326 quod
1069 4240 1105 4304 ad
1122 4237 1265 4304 Doridem
1279 4265 1392 4310 maresan.

118 4355 254 4434 spectat,
286 4343 358 4410 haec
378 4345 456 4410 illius
481 4355 526 4408 est
547 4343 721 4432 praedictio:
753 4349 837 4408 Ducit
855 4349 982 4408 domebus
1000 4349 1111 4407 domnico
1132 4364 1190 4404 meo
1207 4317 1362 4464 etc.p¹÷l1pi3

1316 4451 1324 4477 ,
1349 4451 1356 4464 .

153 4567 197 4623 82.
215 4561 298 4638 depos
314 4570 425 4622 Peloulus
437 4571 543 4634 nmmum
557 4569 651 4621 oddldlt
666 4569 694 4620 de
710 4571 761 4621 cod.
779 4571 896 4623 Vaticano.
