3036 4998
261 297 322 362 302
682 307 804 360 ειυοτι
821 307 986 360 emmena

261 431 304 492 Εί
321 428 371 509 ἐμέ
388 429 527 505 ἐδίωξαν,
554 426 603 492 καλ
621 421 699 508 ῦμῦς
715 422 887 503 διώξουσιν,
918 426 945 488 εί
960 423 1009 506 ἐμέ
1024 425 1178 507 ἐμίσησαν,
1200 425 1252 491 καλ
1267 420 1344 507 ῦμάς
1359 449 1398 506 μι-

262 529 414 614 σήσουσιν·
444 526 499 594 οῦκ
524 528 574 610 ἐμέ
595 529 687 612 λέγετε
707 526 811 612 κόριον
830 529 880 592 καλ
902 525 1091 605 διδάσκαλον;
1121 529 1173 592 καλ
1192 535 1290 602 καλῶς
1303 527 1398 611 λέγετε,

261 634 321 716 είμλ
335 631 404 717 γάρ·
426 634 454 696 εί
467 623 521 696 οῦν
536 627 588 696 τόν
605 629 817 711 οἰκοδεσπότην
832 626 1002 711 Βεελζεβοῦλ
1018 627 1164 709 ἐκάλεσαν,
1187 627 1271 718 πόσρι
1289 653 1320 714 γε
1335 635 1400 710 μάλ·

261 744 313 800 λον
330 732 399 808 τοῦς
420 730 587 808 οέιιειακοῦς
605 729 712 810 αάτοῦς
741 734 809 810 καὶ,
834 728 879 796 Οῦ
894 730 1017 796 δάναται
1039 735 1145 808 δοῦλος
1167 728 1242 796 είναι
1258 727 1332 813 ῦπέρ
1352 729 1400 794 τόν

261 835 365 921 κόριον
383 833 491 914 αῦτοῦ,
513 833 583 900 οῦδὲ
599 833 736 918 μαθητὴς
750 831 824 918 ῦπέρ
840 831 891 898 τόν
907 831 1083 900 διδάσκαλον
1098 832 1205 913 αδτοῦ,
1227 831 1289 916 ἤτω
1308 834 1339 898 δέ
1352 859 1399 898 κα·

261 939 448 1023 τηρτισμένος
465 935 539 1002 κατά
554 935 650 1002 πάντα
666 935 685 1002 ό
700 933 847 1020 μαθητὴς,
870 932 911 1011 ῶς
928 932 947 1000 ό
966 935 1150 1016 διδάσκαλος,
1171 938 1318 1002 τουτέστιν
1333 937 1398 1000 ἐτοι-

263 1069 318 1125 μος
337 1043 379 1117 είς
398 1036 527 1125 διωγμόν
541 1041 590 1104 καλ
607 1043 793 1125 κακολογίαν,
808 1041 859 1104 καλ
874 1045 934 1103 πάν
948 1035 1047 1105 ὁτιοῦν
1065 1037 1287 1125 ἐπιφερόμενον.
1308 1037 1400 1102 ’Ὅθεν

262 1147 315 1211 καὶ
333 1140 350 1209 δ
367 1141 450 1228 άγιος
467 1149 604 1220 Παῦλος,
634 1145 771 1224 Μιμηταί
789 1167 846 1223 μου
871 1145 1003 1226 γίνεσθε,
1034 1139 1139 1218 καθῶς
1161 1138 1244 1226 κάγῶ
1266 1145 1398 1226 Χριστοῦ.

263 1249 324 1312 Καὶ
340 1243 393 1328 οὐχ
409 1243 455 1310 δτι
475 1248 586 1320 ἐκεῖνος
600 1245 728 1327 ἐμιμεῖτο
744 1241 796 1308 τόν
813 1241 904 1309 αάτοῦ
920 1241 1064 1324 δεσπότην
1081 1241 1122 1320 ῶς
1138 1241 1194 1308 οῦκ
1214 1245 1282 1308 ἔδει.
1327 1239 1399 1306 Οῦδέ

261 1347 317 1436 γάρ
334 1351 426 1434 ἔλεγεν
440 1345 496 1426 ὅτι,
520 1344 596 1421 Θεός
611 1348 680 1428 είμι,
701 1344 738 1428 ἢ,
759 1343 843 1422 ’Τιδς
860 1353 934 1411 θεοῦ
951 1348 1023 1428 είμι,
1046 1343 1079 1428 ἢ,
1101 1344 1203 1432 Λόγος
1220 1351 1320 1410 ἐθεοῦ
1337 1346 1397 1425 ελμι.

263 1452 350 1536 Λέγει
365 1450 420 1535 γάρ
440 1447 501 1526 ὅτι,
530 1445 605 1533 Ἐγώ
625 1444 715 1530 είμιδ
737 1445 882 1530 ἐλάχιστος
896 1455 955 1514 τῶν
971 1445 1156 1529 ἀποστόλων,
1176 1450 1243 1527 καλ,
1271 1442 1398 1532 Ὡςκερεί

261 1581 302 1644 τρο
325 1550 485 1637 ἐκτρώματι
508 1548 600 1631 ῶφθη
621 1547 717 1632 κάμοί.

129 1683 196 1750 329,
215 1675 261 1732 λς’,
348 1658 390 1720 Εἰ
410 1654 441 1720 δέ
463 1649 499 1718 σῦ
514 1648 620 1735 Ἐβίων
634 1649 791 1734 λαμβάνεις
807 1650 840 1718 τδ
861 1651 950 1737 βητδν
966 1657 1051 1720 τοῦτο
1072 1654 1121 1718 ἐπὶ
1137 1651 1255 1735 μιμήσει
1273 1656 1399 1736 Χριστοῦ

263 1759 316 1826 καὶ
332 1753 390 1823 άπδ
406 1762 459 1838 τῆς
476 1760 649 1840 περιτομῆς,
672 1746 708 1835 ἧς
722 1759 851 1836 ματαίως
867 1764 1001 1840 φρονεῖς,
1023 1756 1118 1831 θέλεις
1137 1752 1212 1820 εέναι
1233 1752 1273 1831 ῶς
1288 1752 1306 1820 ό
1323 1751 1400 1819 διδά-

265 1868 386 1938 σκαλος,
409 1864 516 1941 μᾶλλον
531 1857 563 1922 δέ
579 1853 620 1932 ῶς
635 1853 654 1921 ό
672 1855 790 1941 κύριος,
818 1855 859 1939 μή
880 1860 912 1922 ἐν
934 1865 971 1946 τῇ
992 1865 1134 1948 περιτομῇ
1157 1854 1237 1946 αὐτῷ
1262 1854 1399 1939 1δμοιοῦ·

265 1961 302 2030 οῦ
316 1962 372 2049 γάρ
390 1983 420 2027 σε
435 1957 585 2042 ὠφελήσει.
631 1956 803 2043 Παράνεγιιε
816 1957 872 2044 γάρ
888 1956 906 2025 ό
920 1958 1023 2044 κῦριος
1041 1957 1091 2026 τόν
1105 1957 1212 2041 ταύτης
1225 1957 1342 2044 χρόνον,
1363 1954 1401 2032 ῦς

265 2065 314 2132 διδ
332 2069 447 2130 πολλῶν
461 2058 617 2147 μαρτύρων
631 2067 734 2139 σαφῶς
751 2062 942 2144 ἐπεδείξαμεν.
978 2054 1072 2128 Ἦλθε
1090 2063 1141 2128 καλ
1163 2061 1312 2148 ἐπλήρωσε
1331 2059 1400 2136 δοῦς

265 2167 319 2250 τήν
334 2170 441 2232 τελείαν
456 2159 616 2249 περιτομήν
636 2169 694 2228 τῶν
710 2159 802 2228 αὐτοῦ
819 2167 1002 2249 μυστηρίων,
1024 2161 1079 2230 οῦκ
1101 2166 1132 2229 ἐν
1147 2165 1191 2230 eve
1212 2167 1297 2248 μέλει
1311 2162 1398 2251 μόνμ,

266 2269 322 2338 άλλ’
340 2269 409 2336 όλον
426 2273 509 2350 σῶμα
525 2269 703 2351 σφραγίσας,
725 2266 774 2330 καλ
791 2264 951 2352 περιτεμῶν
966 2263 1025 2330 άπδ
1041 2263 1200 2350 άμαρτίας,
1226 2269 1276 2332 καλ
1297 2265 1350 2349 οῦγ
1367 2269 1400 2330 λυ

267 2375 355 2459 μέρος
371 2376 443 2436 λαοῦ
457 2368 572 2446 σῶζον,
593 2369 740 2434 τουτέστιν
755 2366 865 2453 άνδρας
880 2367 1004 2450 μόνους,
1027 2365 1098 2437 άλλά
1113 2369 1163 2434 καλ
1178 2369 1248 2434 ὅλον
1263 2367 1336 2434 λαδν
1351 2365 1400 2432 τδν

265 2483 325 2540 τῶν
340 2477 525 2558 Χριστιανῶν
548 2469 624 2536 κατά
638 2467 795 2552 α’λήθειαν,
818 2467 927 2556 άνδρας
941 2494 972 2534 τε
989 2472 1040 2535 καλ
1053 2479 1194 2555 γυναῖκας
1214 2467 1292 2554 δμοῦ
1310 2493 1400 2553 σφρα-

266 2582 366 2664 γίζων,
388 2575 437 2640 καλ
458 2575 499 2648 είς
515 2569 650 2657 ου’ρανῶν
666 2575 811 2655 βασιλείας
833 2576 1026 2659 κληρονομίαν
1040 2569 1200 2654 άφθόνως,
1222 2575 1272 2640 καλ
1289 2570 1344 2638 οῦκ
1361 2574 1400 2638 ἐλ·

266 2685 358 2753 λιτῶς
375 2679 417 2742 ἒνλ
430 2674 553 2760 τάγματι
571 2681 628 2740 τῶν
650 2671 764 2758 άνδρῶν
779 2673 871 2756 μόνον
887 2673 961 2740 κατά
982 2672 1138 2740 άσθένειαν
1159 2673 1213 2758 τὴν
1232 2677 1401 2760 Ξσφραγῖδα

266 2783 415 2866 παράγων,
437 2775 506 2842 άλλά
519 2784 579 2865 λαῷ
601 2774 727 2842 δλοτελεῖ
742 2773 791 2842 διά
808 2783 860 2858 τῆς
876 2781 1039 2862 σφραγῖδος
1060 2779 1111 2842 καλ
1125 2780 1248 2844 ἐντολῶν
1267 2779 1320 2844 ιιαλ
1335 2774 1402 2862 άγα·

266 2893 327 2966 θῆς
348 2883 533 2954 διδασκαλίας
556 2876 609 2961 τὴν
630 2882 778 2961 βασιλείαν
802 2886 860 2944 τῶν
885 2876 1020 2964 οῦρανῶν
1044 2877 1268 2947 άτιοκαλῦτττων.
1310 2881 1354 2944 Et
1371 2877 1402 2942 δέ

269 2984 311 3063 ῶς
326 2983 344 3051 δ
359 2983 464 3069 κῦριος
477 2980 576 3064 βούλει
592 2977 665 3046 είναι
681 2976 699 3046 δ
717 2976 838 3063 Ἐβίων,
860 2983 1005 3048 τουτέστιν
1022 2977 1063 3057 ῶς
1083 2978 1101 3048 o‘
1118 2981 1306 3061 διδάσκαλος,
1327 2976 1402 3046 πολῦ

267 3086 423 3172 ἠπάτησαι.
466 3082 523 3166 Μὴ
542 3085 573 3148 ἐν
594 3109 629 3171 τη
654 3089 793 3171 περιτομῇ
812 3079 986 3163 άπεικάζου,
1015 3081 1085 3150 άλλά
1099 3082 1220 3150 κάλεσον
1239 3081 1291 3150 τδν
1305 3082 1400 3162 Λάζα-
1501 3095 1502 3140 1

149 3229 199 3275 μη,
212 3215 323 3276 τειραν
345 3186 404 3254 άπδ
422 3189 578 3270 μνημείου,
607 3181 729 3266 ἐγάλλον
749 3183 853 3269 νεκρόν
876 3187 1002 3271 έγειρον,
1029 3185 1155 3272 λεπροδς
1176 3185 1357 3272 καθάρισον,
1386 3181 1406 3266 ῦ

265 3299 389 3373 τυφλοῖς
403 3291 517 3374 χάρισαι
533 3285 565 3353 τό
582 3287 709 3370 βλέπειν,
735 3285 987 3373 θῆτταραλυτιιιδν
1003 3291 1093 3368 reem,
1114 3291 1142 3354 εί
1154 3286 1239 3378 δῦνη.
1270 3286 1316 3354 (λδ
1330 3285 1403 3375 δῦνη

269 3396 316 3473 δὲ,
338 3393 382 3459 δτι
398 3393 535 3466 ἐναντίας
558 3388 693 3475 πράττεις
713 3385 831 3478 άπιστίρι
856 3389 1059 3474 κατεχόμενος,
1079 3392 1130 3458 καλ
1150 3393 1268 3473 δεσμοῖς
1286 3387 1405 3474 σαρκός,

269 3499 320 3562 καλ
341 3492 517 3574 δικαιῶμασι
534 3490 628 3574 νόμον
650 3488 841 3577 άπληρῶτοις.
884 3495 926 3557 Et
942 3493 974 3558 δέ
994 3499 1086 3558 ταῦτα
1104 3490 1259 3575 ἦδννήθης
1272 3501 1405 3576 ποιῆσαι,

269 3598 342 3682 ὅπερ
359 3593 395 3662 οῦ
411 3593 486 3683 δῦνη
507 3593 556 3659 διά
571 3592 625 3676 τὴν
643 3597 834 3660 κακοπιστίαν
850 3615 921 3673 σου,
943 3592 980 3660 οῦ
995 3596 1068 3680 λίγα
1088 3591 1159 3672 ῶςό
1177 3593 1312 3680 Χριστός.
1361 3591 1405 3660 Οδ

268 3699 324 3785 γάρ
341 3696 415 3786 δάνη
434 3693 650 3778 άπεικασθῆναι
664 3705 736 3784 θεῷ,
759 3695 896 3781 φθαρτδς
912 3694 954 3762 ῶν
969 3694 1131 3782 άνθρωπος
1144 3699 1196 3762 καλ
1211 3695 1406 3780 κίττατημένος.

268 3799 339 3867 Ἀλλ’
361 3799 428 3866 οῦτε
448 3795 482 3864 τῦ
503 3796 598 3881 δναμα
613 3803 742 3882 Χριστοῦ
758 3800 807 3862 ἐπὶ
823 3803 1009 3882 θεοσημείοις
1025 3797 1147 3866 δῦνασαι
1169 3801 1407 3882 ἐπικαλέσασθαι,

269 3903 326 3972 κάν
337 3928 368 3968 τε
382 3903 554 3990 ἐπικαλέση,
576 3897 631 3966 οῦκ
646 3899 815 3986 ἐνεργήσας.
858 3903 901 3966 Et
913 3902 945 3966 δὲ
962 3903 1011 3967 καλ
1025 3900 1101 3978 ὅλως
1117 3905 1265 3988 *ἐνεργεῖς
1276 3911 1406 3988 παραλυ·

269 4004 350 4074 τικδν
368 4001 543 4088 άναστῆσαι,
571 3999 644 4086 εἶχεν
665 4001 702 4068 άν
719 4001 768 4069 διά
789 4009 842 4068 τοῦ
857 4000 1002 4086 όνόματος
1025 4011 1076 4069 τοῦ
1092 4001 1187 4087 Ἰησοῦ
1211 4003 1339 4082 άνιτστάς
1358 4005 1409 4070 καλ
1500 4063 1501 4074 2

303 4194 327 4248 4.
346 4196 404 4250 θεοῦ
421 4198 471 4247 cod.
488 4197 559 4246 Vane.
587 4189 648 4254 θεάς
662 4197 744 4257 reliqui
758 4196 818 4244 libri.
853 4197 896 4252 δας
918 4198 1027 4246 αιτιοι
1050 4197 1215 4260 τοδίίλεδίμ
1237 4199 1410 4260 τετιλρππτ.

307 4263 534 4317 cee.xxx1V.-
556 4257 674 4328 1.δμσιοῦ
690 4265 820 4312 emendavit
854 4263 893 4312 δίο
910 4263 955 4324 fere
972 4267 1062 4325 ubique.

237 4379 240 4382 .
271 4337 421 4386 Ριίαυίιιιετ
435 4332 567 4382 τοδίαίίτ.
590 4333 651 4380 Num
664 4334 689 4380 ι“π
703 4332 820 4392 captiae.
886 4327 911 4380 θ.
930 4332 985 4380 ced.
1005 4333 1076 4382 λὀιία
1094 4333 1185 4396 pleneus
1207 4323 1227 4398 τ’]
1250 4329 1281 4384 ἐκ
1304 4335 1412 4400 γενετῆς

271 4403 317 4464 (κατ’
331 4404 400 4450 etium
412 4402 438 4450 ι’π
450 4399 501 4449 ενδ.
511 4397 619 4464 ἐθάδες.)
636 4401 746 4461 scriptum
759 4403 822 4448 ετίαι
853 4395 1025 4462 παραλυτικὸν.

271 4465 366 4536 ὁμοίου.
887 4463 911 4518 4.
931 4469 970 4517 δίε
992 4470 1045 4518 libri
1059 4471 1104 4520 κτα·
1120 4483 1204 4520 omnes.
1238 4471 1353 4534 Suspicor
1368 4487 1412 4522 ιιιι·

304 4535 329 4588 θ.
347 4533 488 4602 σφραγῖδα,
513 4540 533 4586 ιι
552 4537 624 4598 paulo
638 4536 702 4598 λκίια
718 4533 822 4603 σφραγί·
855 4539 901 4586 tem
917 4530 1037 4604 ἐνήργιις.
