3006 4990
305 289 440 344 rinnau
456 291 533 344 nnn.
550 290 718 344 nudamus
735 289 798 342 nra.
812 292 832 342 t.
846 289 928 344 root
942 291 973 342 tr.
1151 278 1209 342 121

162 407 211 476 ltt.
227 407 378 476 Valentini
388 431 543 496 corporum
553 409 798 474 resurrectionem
811 419 929 493 negant.
949 405 1044 474 Vetus
1054 417 1212 473 testamen-

97 525 144 578 tum
156 534 184 578 ac
199 511 352 599 prophetas
366 523 519 596 respuunt.
554 510 637 595 Quae
652 511 837 575 nihilominus
852 511 950 594 legunt
966 509 1033 596 ipsi,
1058 520 1087 574 et
1102 509 1129 574 si
1145 510 1214 594 quid

97 615 205 700 estquod
218 615 254 678 ud
268 614 382 677 illorum
396 612 531 677 haeresin
544 633 598 699 per
609 614 730 698 liguram
743 633 777 677 ae
792 622 905 697 tropum
921 611 1134 676 accommodari
1147 631 1214 697 pos-

97 718 140 796 sit,
160 716 184 780 id
200 713 364 780 admittunt.
410 710 471 780 Sed
488 725 585 780 certas
603 714 740 800 quasdam
760 713 872 778 fabulas
892 713 1081 794 addiderunt,
1111 722 1140 775 et
1161 714 1215 778 tri·

96 819 161 902 puta
175 817 304 882 Aeonum
328 815 478 900 utriusque
501 815 750 882 sexusvocabula
771 815 1030 894 commotisunt,
1055 835 1128 900 quos
1152 815 1216 900 qui·

96 921 147 982 dem
157 919 270 983 Aeonas
283 917 320 982 ale
336 917 538 982 ursiversorum
553 929 673 1002 parente
685 938 720 980 ae
732 916 882 980 conditore
896 917 1052 1000 productos
1066 926 1213 996 asserunt,

96 1042 155 1104 pros
171 1031 197 1084 et
213 1021 284 1084 deos
306 1027 336 1083 et
354 1019 475 1082 Aeonas
493 1017 613 1084 iaciunt.
657 1017 783 1082 Demum
801 1013 949 1082 Christum
971 1017 1088 1081 eouelo
1110 1037 1215 1102 eorpus
1353 1009 1355 1014 ’

95 1122 229 1200 extulisse,
246 1141 280 1184 ae
291 1141 344 1206 per
352 1117 478 1183 Mariam
489 1121 652 1184 traductum
662 1139 729 1184 esse
741 1119 823 1184 velut
832 1139 885 1203 per
896 1117 1024 1182 tubulum
1035 1118 1215 1183 existimant.

163 1220 232 1286 xtt.
253 1219 447 1301 Secundiaui,
466 1242 624 1306 eorumque
639 1220 712 1308 socii
725 1219 891 1307 Epiphanes
905 1231 991 1304 atque
1003 1217 1145 1299 Isidorus,
1166 1241 1216 1284 ea·

95 1325 146 1388 lem
157 1324 229 1388 inter
242 1344 275 1387 se
289 1323 371 1408 paria
385 1331 592 1407 componentes
607 1345 672 1387 oum
682 1319 847 1386 Valentinis
863 1319 1060 1401 oouseutiunt,
1078 1321 1217 1385 nonnulla

95 1436 175 1489 tamer
188 1425 221 1489 ab
237 1425 275 1488 iis
289 1425 406 1488 diversa
420 1434 542 1510 ponunt,
566 1434 596 1487 et
611 1424 647 1486 ad
664 1424 778 1487 loedam
792 1421 913 1508 insuper
924 1420 1071 1501 libidinem
1085 1443 1155 1488 suos
1171 1423 1217 1486 in·

19 1529 20 1608 3
95 1527 209 1592 stituunt.
254 1523 346 1588 lidem
369 1537 398 1589 et
418 1524 650 1589 incarnationem
672 1535 790 1608 negant.

162 1624 248 1692 Xlll.
278 1624 441 1691 Ptolemaei
458 1624 607 1690 Valentini
629 1624 761 1711 discipuli
785 1626 917 1705 luerunt,
942 1623 1111 1708 quibuscum
1129 1621 1219 1688 Flora
1327 1621 1332 1626 ’

96 1728 271 1814 coniungitur.
315 1725 376 1792 Par
395 1728 528 1812 idemque
552 1729 656 1812 dogma
675 1728 711 1791 de
732 1726 984 1810 coniugationibus
1000 1725 1058 1788 illis
1076 1748 1139 1789 cum
1157 1724 1218 1790 Va-

96 1829 186 1894 lentino
197 1851 231 1895 ae
242 1825 436 1895 Secundienis
451 1830 615 1908 adstruunt,
635 1829 685 1892 sed
700 1829 730 1891 iu
746 1826 914 1911 quibusdam
930 1838 1026 1892 tamen
1040 1827 1216 1913 discrepant.

164 1929 245 1996 llaec
268 1942 314 1996 eat
331 1929 453 1995 secundi
470 1931 540 1994 tomi
561 1930 646 2017 primi
664 1929 819 1994 voluminis
835 1949 946 1994 summa
965 1950 1039 2014 quae
1054 1925 1134 1992 Xlll
1151 1927 1219 1992 luae·

97 2051 164 2098 reses
183 2035 395 2118 complectitur.

123 2201 155 2253 ll.
169 2205 202 2254 ltu
215 2218 245 2253 ee
260 2205 401 2264 daucepltut.
437 2204 511 2265 Vutpo
527 2193 618 2254 αὐτῶν.
697 2199 738 2251 23.
755 2198 800 2254 καὶ
821 2202 889 2251 codd.
907 2201 980 2249 Votis
1005 2199 1101 2263 ltluedip.
1124 2203 1146 2249 et
1166 2198 1220 2250 edit

122 2269 156 2322 22
170 2267 252 2337 σάρκα
267 2271 320 2323 cod.
337 2273 409 2322 t’utte.
425 2275 446 2320 et
461 2271 603 2333 anonpnnt.
666 2271 747 2320 Petcc.
781 2265 830 2334 γὰρ
847 2270 900 2318 edit
913 2271 989 2331 prino.
