3010 5000
251 325 312 386 526
673 336 795 387 οιαστι
812 336 981 388 εειειιιιιιι

252 450 365 536 άίρανῆ
387 453 439 516 καλ
457 455 640 533 κενοφωνίας
658 454 767 533 ἔμπλεα
788 449 824 516 τά
841 457 962 517 τοιαῦτα
979 449 1165 538 κηράγματα,
1193 448 1236 527 οίς
1252 455 1342 518 παντί
1362 477 1400 540 τη

251 551 342 634 ῦῦγλάυ
364 555 449 619 ἔστιν.
497 550 541 618 Οῦ
562 552 618 640 γάρ
637 553 692 620 δύο
710 552 867 639 ίίνθρωποι
885 554 1090 638 ἐκλάσθησαν,
1119 551 1190 620 IIII
1207 550 1249 630 είς
1265 551 1284 619 ά
1300 551 1402 635 Ἀδάμ,

250 657 301 720 καλ
317 658 350 720 ἐκ
367 663 420 721 τοῦ
434 653 524 738 Ἀῦάμ
539 655 558 721 ὅ
572 681 603 720 τε
619 656 699 722 Κάϊν
713 655 859 739 κάλ”Αβελ
873 659 924 722 καλ
941 659 1027 740 Σήθ·
1050 659 1101 722 καλ
1117 653 1215 723 οάκίτι
1231 657 1265 721 ἐκ
1280 656 1338 721 ὀάο
1355 653 1401 720 άτ·

250 760 399 840 θροίπων,
428 755 485 822 ἄλλ’
507 761 537 835 ἐξ
559 756 639 837 ἕνάς,
668 761 724 834 ἕως
744 765 797 823 τοῦ
815 766 1036 842 κατακλυσμοῦ,
1065 767 1125 824 τοῖν
1143 765 1237 845 γενῦν
1256 757 1335 824 ὅλων
1352 764 1403 822 τοῦ

249 857 341 941 Ἀδάμ
360 859 486 942 ἐχόντων
502 858 554 936 τάς
570 862 682 926 ἑαυτῶν
699 862 851 936 συστάσεις
867 864 899 926 ἒν
915 868 957 950 τῷ
972 864 1087 951 κόσμῳ·
1119 859 1179 927 άπά
1198 860 1231 926 δὲ
1245 867 1303 925 τοῦ
1316 885 1402 924 κατα-

250 970 382 1044 κλυσμοῦ
396 965 428 1028 ἐκ
442 969 497 1027 τοῦ
514 969 583 1027 Νῶε
597 961 686 1028 πάλιν
699 970 752 1027 τοῦ
766 962 832 1038 ἕνάς
846 961 1026 1049 άνθράπου,
1048 965 1099 1028 καλ
1113 960 1170 1028 οῦκ
1188 965 1220 1028 ἐκ
1237 959 1403 1046 ῦιαφάρωτ,

252 1061 323 1130 άλλά
343 1062 403 1130 άπά
426 1063 492 1140 ἕνάς
512 1071 565 1130 τοῦ
584 1071 668 1144 Νιῦε,
698 1071 752 1130 τοῦ
768 1063 843 1130 κατά
859 1063 1000 1147 διαδοχὴν
1018 1067 1050 1130 ἐκ
1066 1066 1233 1150 σπέρματος
1249 1071 1305 1129 τοῦ
1322 1061 1403 1146 Σὴθ,

250 1174 310 1232 πάν
331 1169 415 1252 γένος
436 1173 496 1232 τοῖν
513 1165 702 1251 άνθριάπων,
731 1165 787 1232 οῦκ
809 1170 851 1244 είς
867 1165 923 1233 ῦάο
946 1165 1193 1253 ιδιαιρούμενον,
1224 1163 1298 1230 IIII
1315 1167 1404 1242 είςὲν

252 1271 344 1354 γένος.
387 1265 451 1348 Ἀφ’
469 1261 561 1353 οὗπερ
575 1271 627 1333 καλ
644 1274 714 1333 Νοῦε
729 1271 780 1334 καί
793 1267 814 1352 ἦ
829 1267 921 1336 αὐτοῦ
937 1267 1027 1356 γυνη,
1050 1271 1102 1334 καλ
1115 1267 1186 1351 Σιξμ
1200 1270 1252 1334 καὶ
1269 1267 1341 1352 XII
1356 1271 1404 1332 καί

248 1369 369 1453 ’ίάφεθ,
392 1375 423 1438 οί
437 1374 544 1437 τοάτοα
558 1375 676 1450 παῖδες,
699 1373 749 1437 καί
764 1380 841 1456 τρεῖς
857 1381 995 1458 γυναῖκες
1008 1378 1068 1438 νῦν
1083 1368 1177 1436 αῦτοῦ
1191 1373 1322 1436 παίδων·
1344 1367 1403 1435 άπῦ

250 1481 304 1539 τοῦ
320 1472 393 1556 Σήθ
414 1471 446 1540 τά
469 1475 553 1560 γένος
572 1471 732 1558 κατάγουσι
755 1471 876 1554 πάντες,
907 1476 957 1540 καλ
981 1471 1046 1557 οιίχί
1069 1471 1129 1539 Iud
1152 1471 1208 1538 ῦῦο
1231 1469 1404 1561 άνθράπων

251 1582 309 1641 τοῖν
329 1573 370 1659 μή
394 1577 558 1662 γενομένων
578 1573 653 1641 κατά
674 1575 728 1659 την
748 1578 861 1642 τούτων
882 1581 1079 1660 μυθοποιίαν,

339 1784 467 1863 Βίβλους
484 1781 517 1845 δέ
533 1807 613 1856 τινας
629 1779 847 1866 συγγράφοντες
863 1783 894 1858 ἐξ
909 1777 1055 1864 ὀνόματος
1072 1777 1203 1866 μεγάλων
1217 1776 1347 1864 άνῦροῖν,
1375 1780 1406 1855 ἐξ

140 1951 144 1958 .
254 1879 398 1964 α’νόματος
415 1883 466 1965 μὲν
482 1880 554 1964 Σιίθ
568 1881 642 1947 ἑπτά
658 1883 789 1968 λέγοντες
807 1880 881 1948 εἶναι
896 1887 1032 1966 βίβλους,
1060 1880 1148 1958 άλλας
1165 1883 1199 1946 δὲ
1214 1885 1334 1964 βίβλους
1347 1881 1405 1944 &A

254 2010 309 2067 ρας
327 1980 499 2070 Ἀλλογενείς
521 1983 599 2050 σι’ίτω
622 1992 768 2052 καλοῦσιν.
804 1983 911 2068 ’Ἁλλην
933 1986 965 2050 δὲ
982 1988 1011 2062 ἐξ
1029 1982 1175 2067 ὀνόματος
1190 1979 1340 2069 Ἀβραάμ,
1367 1981 1406 2064 ἣν

255 2088 306 2150 καλ
323 2083 529 2166 Ἀποκάλυψιν
548 2086 713 2169 φάσκουσιν
729 2085 819 2166 εἶναι,
848 2087 946 2168 πάσης
963 2091 1067 2162 κακίας
1085 2089 1228 2170 ἔμπλεων·
1259 2087 1358 2170 ἐτέρας
1374 2085 1405 2148 II

256 2190 285 2266 ἐξ
300 2185 446 2271 ὄνάματος
461 2196 515 2254 τοῦ
531 2191 702 2270 Μωῦσίως,
729 2192 779 2254 καὶ
797 2187 885 2267 άλλας
900 2188 1001 2256 άλλων.
1046 2192 1103 2265 Εἰς
1120 2191 1236 2274 μωρίαν
1250 2187 1283 2254 ῦλ
1297 2183 1405 2268 πολλὴν

253 2289 305 2354 τάν
326 2297 399 2356 νοῦν
417 2293 530 2356 ἑαυτῶν
548 2287 721 2376 κατάγοντες
739 2291 866 2376 γυναῖκά
887 2317 953 2356 τινα
965 2289 1089 2377 Ὡραίαν
1104 2293 1238 2377 λέγουσιν
1256 2285 1333 2354 εἶναι
1352 2293 1405 2352 τοῦ

255 2390 335 2474 Σήθ.
368 2390 449 2477 Ὅρα
463 2394 496 2458 δέ
513 2419 577 2475 μοι,
614 2389 780 2478 ιοίγαιτητλ,
809 2391 863 2476 τὴν
877 2391 992 2459 τούτων
1008 2392 1125 2475 ι’ίνοιαν,
1153 2396 1204 2458 ίνα
1219 2391 1295 2458 κατά
1310 2390 1404 2458 πάντα

254 2493 367 2578 τρόπον
382 2501 534 2582 καταγνῷς
547 2501 601 2578 τῆς
615 2492 714 2561 αῦτιῦν
729 2498 964 2581 δραματουργίας
978 2498 1029 2561 καλ
1045 2493 1210 2578 μνθοίῦονς
1224 2519 1404 2580 ματαιοφρο-

255 2594 346 2680 σάνης
366 2598 416 2662 καλ
433 2595 613 2661 ίπιπλάστου
628 2601 807 2682 ληρολογίας.
852 2599 923 2662 Εἰσί
939 2599 993 2681 μὲν
1009 2596 1064 2684 γάρ
1081 2595 1161 2664 άλλαι
1177 2597 1255 2674 τινὲς
1272 2598 1402 2680 αίρίσεις,

255 2702 362 2775 αίτιυες
378 2697 514 2782 Δάναμίν
530 2725 595 2765 τινα
611 2695 684 2764 εἶναι
698 2701 832 2785 λέγουσιν
846 2698 884 2782 ἣν
900 2707 1041 2766 καλοῦσιν
1056 2696 1257 2783 ὀνομαστικῶς
1272 2695 1402 2783 Ὡραίαν,

253 2799 306 2883 τήν
322 2799 390 2886 παρ’
410 2800 506 2878 ἄλλοις
529 2805 629 2866 τοίνυν
645 2803 838 2885 νομιζομένην
852 2801 1002 2885 Δάναμιν,
1031 2799 1155 2887 Ὡραίαν
1174 2827 1205 2866 τε
1221 2801 1405 2884 καλουμίνην

255 2901 332 2969 οίίτω
349 2913 475 2988 γυναῖκα
491 2910 544 2968 τοῦ
563 2901 636 2986 Σὴθ
650 2905 792 2990 λέγουσιν.
826 2903 924 2970 Ὅθεν
942 2902 1098 2986 δυνάμεθά
1116 2928 1148 2970 τε
1164 2901 1334 2982 άποὸεῑξαι,
1363 2897 1405 2976 τίς

255 3007 313 3070 ίστε
334 3002 496 3090 άγαπητολ,
525 3007 578 3070 καλ
598 3004 686 3086 φάσει
704 3005 869 3091 άνθρωπον
887 3004 939 3073 τάν
960 3005 1048 3089 Σὴθ,
1078 3008 1130 3071 καὶ
1151 3001 1218 3088 οιίγλ
1239 3003 1357 3071 άνωθίν
1375 3029 1403 3066 τι

134 3133 184 3182 νισι
196 3121 241 3164 m.
255 3110 508 3193 παρηλλαγμένον,
531 3105 660 3188 άῦελριῦν
674 3109 706 3173 δὲ
719 3105 791 3174 ὅντα
803 3107 892 3190 φάσει
905 3115 958 3174 τοῦ
974 3107 1054 3173 Κάϊν
1066 3105 1213 3190 καῖ”Λβελ
1229 3109 1259 3184 ίξ
1272 3103 1339 3183 ἕνίς
1351 3131 1402 3170 κα-

254 3207 324 3294 τράς
343 3212 393 3275 καὶ
411 3218 481 3292 μιῦς
497 3209 614 3295 μητρός.
649 3207 748 3296 Ἔγνω
763 3209 834 3296 γάρ,
866 3212 972 3292 φησίν,
999 3207 1093 3292 Ἀδάμ
1110 3206 1197 3275 Εῦαν
1210 3207 1267 3292 τήν
1281 3215 1403 3294 γυναῖτιι

254 3310 361 3391 αῦτοῦ,
390 3314 441 3377 καὶ
463 3317 647 3394 συλλαβοῦσα
669 3315 746 3378 ἔτεκε
769 3310 822 3379 τάν
846 3312 934 3378 Κάϊν.
979 3315 1041 3376 Καί
1065 3313 1186 3378 ἐπίθετο
1209 3307 1291 3399 αὐτῷ
1313 3309 1403 3391 ὄνομα

257 3412 350 3492 Κάϊν,
378 3415 450 3498 ὅπερ
472 3413 657 3500 ἑρμηνεύεται
677 3419 793 3493 Κτίσις,
815 3417 921 3500 λέγων,
950 3411 1135 3497 Ἐκτησάμην
1150 3411 1218 3478 αίάν
1235 3409 1286 3478 διά
1303 3415 1403 3496 κυρίου

254 3523 338 3581 θεοῦ.
384 3519 444 3580 Καὶ
461 3515 550 3581 πάλιν
570 3516 621 3582 τάν
633 3516 734 3600 ’'AsssI·
759 3515 857 3602 Ἔγνω
873 3513 966 3598 Ἀὃάμ
983 3514 1070 3581 Εῦαν
1090 3514 1143 3596 τὴν
1161 3523 1288 3600 γυναῖκα
1306 3512 1402 3588 αῦτοῦ,

256 3620 306 3682 καὶ
324 3621 506 3698 συλλαβοῦσα
523 3620 618 3681 ἔτεκεν
635 3617 718 3696 υίιίν,
742 3621 791 3682 καὶ
809 3617 924 3683 ἐκάλεσε
939 3616 973 3683 τά
992 3617 1087 3700 ὄνομα
1104 3613 1305 3699 αὐτοῦ”Αβελ
1347 3615 1401 3678 Καὶ

256 3717 327 3801 μετά
345 3717 436 3783 πολλά
458 3717 528 3800 μετά
550 3715 582 3784 τά
601 3715 768 3785 άποθανεῖν
785 3716 948 3802 σῦκ’Ἁβελ·
980 3722 1040 3784 Καὶ
1055 3722 1130 3804 ἔγνω
1144 3716 1239 3800 Ἀδάμ
1255 3715 1340 3782 Εῦαν
1353 3713 1402 3796 τὴν

256 3829 382 3905 γυναῖκα
404 3819 512 3899 αιίτοῦ,
542 3822 591 3885 καί
614 3826 796 3903 συλλαβοῦσα
817 3823 913 3887 ἔτεκεν
935 3819 1016 3900 υίῦν,
1047 3823 1099 3886 καὶ
1121 3819 1237 3886 ἐκάλεσε
1257 3819 1291 3885 τά
1313 3817 1402 3898 ὄνομα

183 3926 184 3930 ’
257 3919 349 3987 αῦτοῦ
368 3921 454 4004 Σήθ,
485 3922 557 4008 ὅπερ
576 3922 762 4007 ἑρμηνεύεται
777 3921 965 4008 Ἀνταλλαγιγ
995 3920 1145 4006 Ἀνίστησε
1162 3921 1217 4008 γάρ
1235 3948 1285 4004 μοι
1302 3916 1402 3993 άθεάς

258 4027 372 4111 σπέρμα
386 4024 563 4108 άντὶ”Λβελ,
587 4025 621 4091 ὃν
636 4023 787 4090 α’πέκτεινε
802 4023 890 4090 Κάϊν.
938 4023 977 4091 Τά
993 4026 1039 4106 δὲ,
1059 4022 1244 4108 Ἐκτησάμην
1257 4021 1308 4090 διά
1319 4027 1400 4096 θεοῦ,

256 4129 322 4206 καὶ,
351 4126 501 4211 Ἀνὲστησί
523 4154 572 4210 μοι
594 4124 612 4192 ά
633 4124 721 4206 θεάς,
752 4129 803 4192 ἕνα
820 4125 893 4193 θεάν
907 4130 1052 4202 δείκνυσι,
1084 4125 1135 4192 τάν
1148 4124 1268 4192 πάντων
1280 4119 1400 4205 ποιητὴν

256 4231 307 4294 καλ
328 4228 418 4311 δότην
437 4237 496 4294 τῶν
516 4229 739 4315 γεγεννημένων.
782 4228 852 4294 Ὅτι
878 4229 911 4296 II
931 4223 1012 4296 οῦτοι
1035 4231 1119 4312 ἔσχον
1138 4237 1298 4315 γυναῖκας,
1329 4224 1348 4292 ὅ
1371 4247 1399 4288 τε

291 4417 350 4468 cn.
364 4419 406 4467 lv.
421 4445 455 4456 —
474 4417 495 4468 1.
512 4417 682 4484 διαιρούμενον
699 4423 749 4470 cod.
769 4425 813 4471 Va·
846 4413 982 4487 ἀγαπητοὶ.
1014 4423 1053 4472 δίο
1065 4421 1294 4483 μαυλοίιιίεαιιίαιπ
1306 4411 1399 4476 ῦςίστε

255 4487 293 4536 III.
328 4482 471 4550 αἱρούμενοι
486 4489 556 4548 ααλρο
572 4491 686 4550 smmum
702 4494 743 4537 ιιι.
845 4481 980 4554 ἀγαπητοὶ.
1009 4491 1073 4538 Idem
1087 4490 1170 4537 αι’λίακι
1184 4489 1397 4544 suminatam

293 4549 350 4600 Cn.
365 4551 395 4600 V.
411 4577 443 4591 ·-
462 4557 484 4604 I.
500 4555 682 4618 neponendum,
699 4557 724 4606 ια’
737 4555 816 4617 ιὀλίοτ,
848 4556 912 4606 Iuor.
928 4556 1063 4618 XXXVIII,
1081 4551 1106 4606 4.
1122 4567 1165 4618 ομι
1180 4554 1232 4606 cod.
1249 4553 1359 4604 wimi-
