2984 4996
266 277 328 340 664
689 282 811 338 samem
826 283 993 340 mnu

264 400 405 486 ττῦθενή
421 401 503 488 οίρχή.
546 403 590 468 El
603 405 704 470 τοίνυν
720 399 780 470 νίπδ
797 401 862 468 τότε
876 400 897 485 ή
910 401 986 490 γυνή
1000 401 1132 492 ῦιτετοίγη
1148 409 1180 474 ἐκ
1193 407 1411 494 προςειίγματος

266 514 343 574 θεοῦ
355 513 396 595 τῷ
410 503 506 590 τίνδρί,
527 509 578 572 καί
593 503 768 581 ἀκολούθως
782 502 801 571 ό
813 503 973 583 τίπόστολος
985 507 1208 576 καθτεττοτόσσει
1221 510 1344 596 ταύτην,
1360 509 1411 576 οίτ

268 609 427 685 ἀντιθέτως
450 617 489 698 τῷ
508 607 661 691 ποιήσαντι
681 605 732 672 τδν
751 605 914 692 ῦνθρωπον
934 611 984 674 καλ
999 609 1054 693 τήν
1069 620 1199 696 γυναῖκα
1214 621 1297 701 θεῷ,
1328 610 1411 688 αῦτιίς

264 711 389 780 κελεύων
404 715 551 778 δείκνυσιν
569 708 730 788 έξοίιταντος
747 710 792 776 ὅτι
808 717 861 776 τοῦ
879 708 971 776 αύτοῦ
984 721 1061 778 θεοῦ
1074 710 1199 799 ύττύρχει
1214 711 1235 780 δ
1253 713 1414 791 ύιτόστολος

266 816 435 898 νομοθέτης
449 820 543 892 θεοῦ,
566 805 602 879 ού
616 814 666 878 καλ
683 809 701 878 ό
715 813 808 894 νόμος
822 805 860 895 ἦν
873 815 924 878 ιιαλ
939 811 1052 896 ήπῦσα
1067 815 1177 881 παλαιοί
1193 816 1348 900 διαθήκη,
1370 821 1416 883 καὶ

267 925 319 986 τοῦ
341 914 433 984 αύτοῦ
454 911 475 998 v}
495 913 583 998 καινή
601 913 749 998 διαθήκη,
776 917 923 980 τουτέστιν
941 919 974 980 αί
991 916 1045 984 δύο
1063 921 1221 1000 διαθῆκαι,
1253 917 1359 1002 αἰπήν
1372 947 1415 1005 γε

173 1017 177 1026 ’
267 1029 356 1086 ναῑκα
371 1018 437 1085 τότε
453 1045 505 1084 και
521 1024 576 1083 νῦν
592 1016 837 1095 καθυπστύξασαι
850 1024 891 1106 τῷ
911 1015 1011 1104 σίνδρλ,
1042 1018 1079 1085 δι’
1096 1017 1201 1104 εὐσεβῆ
1216 1023 1269 1086 καὶ
1286 1020 1415 1109 α’ντίρρι-

267 1149 326 1190 πον
347 1119 488 1212 εύταξίαν.

353 1252 381 1302 ις
379 1223 458 1291 ’καλ
473 1221 519 1289 κδ’
535 1221 621 1306 Σηόλ.
655 1220 773 1307 Περλ’
754 1220 939 1300 αναστύσεως
960 1229 1080 1346 γειτρῦυ.
1123 1229 1259 1309 Γνωρίζω
1281 1223 1363 1291 δέ
1340 1235 1419 1309 υμῖν,

268 1325 407 1408 τίδελφοί,
430 1353 463 1391 το
455 1309 654 1412 εύαγγέλιου,
677 1322 971 1453 δεύηγγελισύμην
951 1335 1030 1408 υμῖν.
1075 1327 1168 1392 W
1150 1355 1210 1408 οτι,
1232 1331 1276 1392 El
1287 1329 1419 1415 Χριστός

269 1428 325 1498 σῦκ
342 1428 508 1515 ἐγήγερται,
530 1426 664 1511 μόταιυν,
684 1454 736 1494 τιατ
749 1425 785 1492 τοί
799 1430 875 1512 ἑξῆς.
922 1427 1026 1505 Οῦτως
1042 1428 1233 1514 κηρύσσομεν,
1256 1431 1367 1496 ταδ’
1325 1457 1420 1506 ουτος

269 1529 515 1609 ἐπιστεύσατε,”
497 1557 543 1598 οτι
562 1527 690 1614 Χριστός
711 1527 859 1610 ιίπέθαυε,
887 1533 938 1596 καλ
957 1530 1067 1615 ἐτάφη,
1095 1533 1146 1596 καί
1165 1531 1319 1618 ἐγήγερται
1340 1541 1420 1623 θῑτῇ

269 1640 349 1724 τρίτη
371 1630 476 1722 ήμίριγ.
509 1632 604 1698 Ὅταν
624 1633 657 1696 δὲ
678 1631 710 1697 τδ
730 1631 843 1715 θνητόν
858 1639 945 1698 τοῦτο
963 1632 1120 1716 ἐνδύσηται
1138 1633 1324 1712 ἀθανασίαν,
1358 1635 1421 1701 τότε

271 1737 422 1825 γενήσεται
444 1732 461 1802 ό
481 1735 568 1821 λόγος
589 1731 608 1800 ό
629 1737 841 1820 γεγραμμένος,
865 1735 1027 1819 Κατεπόθη
1051 1733 1113 1802 ⁶²6
1133 1734 1271 1812 θάνατος.

356 1837 391 1915 ις’
405 1840 457 1903 καλ
473 1835 518 1904 κδ’
528 1835 645 1924 Ἔλεγχ.
679 1842 815 1924 Γνωρίζω
833 1838 864 1903 δὲ
880 1834 966 1920 ύμῖν,
989 1835 1127 1919 ἀδελφοί,
1148 1837 1181 1904 τδ
1197 1837 1384 1925 εὐαγγέλιον,
1405 1842 1421 1906 δ

270 1939 498 2028 εῦηγγελτσιίμην
515 1938 594 2022 ύμῖν.
639 1941 681 2004 El
694 1938 912 2026 εὐηγγελίσατο,
934 1943 983 2007 καί
1002 1939 1075 2008 αῦτδ
1093 1940 1179 2006 πόλιν
1194 1947 1344 2028 γνωρίζει,
1367 1942 1422 2009 οτίτι

271 2045 396 2113 ύλλοθευ
412 2041 589 2130 εὐαγγέλιον,
611 2040 678 2108 οίίτε
693 2041 763 2126 ύλλη
778 2050 886 2129 γνῶσις
899 2042 972 2126 μετὰ
983 2043 1038 2127 τήν
1053 2048 1123 2127 μίαν
1137 2045 1189 2108 καί
1202 2041 1235 2109 τδ
1253 2049 1333 2110 ”iv
1349 2045 1421 2130 ῦιτερ

269 2154 304 2215 ἓν
324 2145 459 2234 τυγχάνει
486 2143 536 2210 διτί
559 2152 617 2211 τῶν
634 2144 781 2232 τεσσάρων
804 2143 974 2232 εὐαγγελίων
999 2149 1051 2212 καί
1071 2153 1132 2212 τῶν
1154 2143 1339 2213 ἀποστόλων·
1374 2153 1423 2214 ἵνα

272 2253 371 2339 ἐλέγξῃ
387 2247 438 2314 τόν
453 2251 624 2333 Μαρκίωνα
639 2246 690 2315 τόν
707 2247 778 2330 μετὰ
792 2255 919 2314 τοσαῦτα
933 2250 983 2330 ίτη
997 2247 1118 2332 ήιιοντα,
1140 2247 1211 2332 μετὰ
1226 2248 1356 2332 χρόνους
1371 2259 1423 2317 τοῦ

273 2353 455 2434 καλουμένου
470 2349 639 2434 Ἀνικήτου,
669 2358 724 2416 τοῦ
739 2347 888 2434 Ῥωμαίων
903 2349 1086 2431 ἐπισκόπου,
1115 2359 1169 2417 τοῦ
1187 2350 1261 2418 κατοί
1278 2353 1423 2436 διαδοχήν

273 2453 379 2522 ἐνάτου
396 2456 553 2541 γενομένου
571 2451 630 2520 οίπδ
649 2461 702 2536 τῆς
716 2461 775 2520 τῶν
789 2451 960 2520 α’ποστόλων
977 2456 1094 2540 Πέτρου
1106 2456 1156 2520 καί
1174 2453 1296 2520 Παύλου
1309 2455 1423 2522 τελειό-

274 2579 355 2633 σεως.
401 2555 456 2623 Διδ
475 2555 740 2639 ἐπασφαλιζόμενος
761 2553 779 2621 δ
795 2555 884 2632 αύτδς
900 2554 1065 2632 ἀπόστολος
1080 2559 1171 2643 ἔλεγε,
1202 2556 1268 2623 Κῦν
1282 2581 1311 2621 τε
1325 2555 1422 2640 ήμείς,

272 2659 294 2744 ἢ
310 2659 430 2746 ἄγγελος
443 2657 658 2746 ςύαγγελίσηται
677 2656 749 2742 ύμῖν
767 2657 835 2746 παρ’
851 2658 869 2726 ὃ
887 2659 1078 2743 παρελάβετε,
1108 2657 1244 2743 τίνοίθεμα
1260 2663 1353 2739 ἔστιν,
1385 2689 1422 2747 γι-

273 2761 396 2829 νοίσιιων
414 2761 558 2846 πνεύματι
574 2758 647 2851 τίγίῳ
664 2761 710 2828 ὅτι
727 2763 820 2844 μέλλει
836 2766 985 2848 Μαρκίων
998 2763 1050 2826 καλ
1065 2765 1096 2826 οί
1108 2759 1170 2828 κατ’
1186 2759 1278 2828 αῦτδν
1293 2765 1423 2847 διαστρί-

275 2891 343 2949 φειν
358 2865 413 2948 τήν
425 2862 497 2932 όδδυ
511 2863 565 2947 τήν
576 2871 674 2940 καλῶς
687 2865 895 2950 ἓδραιωμένην.
928 2861 1026 2928 ’Όθεν
1041 2861 1138 2930 ούιιέττ
1151 2861 1242 2944 εἶπεν,
1265 2863 1421 2951 Εύαγγελί·

274 2977 360 3052 ζομαι
374 2965 461 3051 ύμῖν,
484 2964 570 3046 α’λλδ,
593 2971 727 3053 Γυωρίζω
744 2963 816 3050 ῦμίυ
832 2963 866 3032 τό
876 2964 1065 3090 εύσγγέλτρν,
1087 2963 1142 3032 οῦκ
1159 2965 1227 3032 ἄλλο
1246 2965 1298 3046 δυ,
1318 2965 1421 3032 α’λίᾶῦ

273 3071 332 3196 τ”γδη
347 3067 611 3158 εῦηγγελισύμην
590 3079 676 3152 υμῖν,
697 3061 735 3134 ού
757 3095 810 3152 την
825 3065 992 3152 ῦπόμνησιν
1007 3066 1078 3152 ύμῖν
1094 3075 1245 3150 ποιοῦμαι.
1289 3075 1420 3194 Ιῦρρίζα

153 3203 203 3251 ηις.
216 3191 262 3238 σεε
277 3172 362 3258 ύμῖν,
396 3179 459 3238 Τίνι
481 3171 557 3260 λόγῳ
573 3168 840 3258 εῦηγγελισύμην’
820 3179 906 3254 υμῖν,
937 3175 963 3236 εί
978 3173 1122 3254 κατέχετε,
1152 3171 1237 3248 ἐκτός
1259 3175 1287 3237 εί
1303 3199 1343 3255 μη
1335 3172 1420 3254 είτή

268 3274 468 3343 ἐπιστεύσατε.
513 3279 555 3339 Et
577 3274 617 3357 μή
639 3272 694 3360 γοίρ
715 3274 861 3357 κατέχετε,
888 3270 933 3396 ρίς
954 3271 1121 3359 έκήρυξα’
1101 3283 1189 3357 υμῖν,
1219 3277 1311 3359 χωρίς
1332 3273 1420 3340 αύτοῦ

275 3383 340 3462 είιιῆ
360 3374 553 3445 ἐπιστεύσατε.
597 3373 839 3500 Εύηγγελισοίμην
859 3375 915 3462 γοίρ
933 3373 1018 3459 ύμῖν,
1040 3374 1108 3442 Ὅτι
1127 3375 1256 3462 Χριστός
1276 3373 1420 3444 δπέθιτνετ

276 3479 350 3568 ῦπέρ
367 3488 426 3546 τῦν
444 3478 595 3565 ῦμαρτιῦν
612 3476 697 3563 ήμων
712 3475 787 3545 καττί
804 3475 857 3554 τοίς
873 3477 1005 3564 γραφείς,
1034 3481 1084 3544 καί
1106 3478 1151 3544 ὅτι
1170 3486 1209 3567 τῇ
1228 3485 1313 3570 τρίτη
1329 3476 1418 3568 ημίριγ

276 3583 428 3671 ἐγήγερται
442 3580 518 3650 κατεί
536 3581 588 3658 τολς
604 3579 736 3668 γραφείς,
768 3584 819 3647 καί
835 3578 871 3646 ού
886 3579 960 3646 κατιί
978 3587 1094 3664 μῦθον,
1125 3585 1175 3646 καί
1195 3579 1267 3648 οῦδὲ
1282 3581 1356 3648 mu*
1370 3581 1419 3664 τήν

276 3690 467 3754 διδασκαλίαν
486 3693 545 3752 τῦυ
565 3683 727 3766 μελλόντων
750 3682 801 3767 ἄρ’
824 3686 935 3749 ἑαυτῶν
956 3690 1050 3748 λαλεῖν
1071 3683 1091 3748 ῦί
1113 3683 1153 3767 μή
1173 3685 1340 3770 γέγραπται
1384 3687 1421 3748 Οί

276 3791 329 3874 μίν
345 3787 401 3876 γοίρ
417 3786 554 3855 Ἰουδαῖοι
571 3785 623 3869 εἶφ’
640 3790 751 3853 έαυτῦν
766 3789 881 3873 λέγουσι
898 3783 938 3869 μή
954 3787 1129 3872 ἐγηγέρθαι,
1157 3791 1307 3872 Μαρκίαν
1323 3787 1355 3852 δέ
1372 3789 1418 3852 καί

276 3897 308 3960 οί
330 3891 409 3958 ίίλλοτ
431 3893 564 3978 λέγουσιν
585 3887 637 3972 εἶφ’
658 3892 771 3956 ἑαυτῶν
795 3889 912 3973 δοκήσει
934 3891 1118 3956 πεπονθέναι
1138 3890 1190 3956 καλ
1214 3887 1416 3970 Μτεθιίφθαι

276 3993 350 4081 Ἐγνί
372 3995 405 4061 δλ
425 3992 501 4060 κατοί
519 3993 572 4070 τοίς
590 3991 709 4080 γραφείς
729 3991 922 4075 οίσφαλίζοματ
942 3989 1029 4074 ῦμᾶς.
1073 3989 1182 4068 Ετίθῦς
1202 3990 1260 4078 γελρ
1280 3993 1415 4076 ἐπιφέρει,

277 4100 383 4184 λέγων,
408 4095 511 4173 Οῦτως
525 4095 724 4182 κηρύσσομεν,
745 4099 795 4162 καί
812 4093 907 4171 οῦτως
922 4092 1123 4174 ἐπιστεύσατε,
1145 4092 1190 4159 ὅτι
1210 4093 1335 4182 Χριστός
1349 4092 1415 4158 dxl-

277 4210 355 4266 θανε
369 4201 420 4266 καί
435 4201 545 4282 ἐττίφη,
567 4201 616 4265 καί
632 4201 780 4286 ἐγήγερται
795 4206 831 4289 τῇ
844 4201 926 4286 τρίτη
940 4192 1049 4286 ἡμέρᾳ
1071 4197 1123 4262 καλ
1139 4195 1249 4278 τδθῦς,
1271 4198 1312 4262 Et
1324 4195 1414 4280 νεκροί

312 4388 354 4444 61.
371 4393 403 4460 τῇ
421 4393 484 4442 σοιτί
499 4405 580 4470 τυγτο.
869 4391 1025 4441 emendatione
1041 4393 1141 4442 Ρείουίί.
1175 4391 1241 4442 Libri
1256 4391 1326 4448 min,
1349 4389 1415 4448 μίσει

313 4458 354 4511 62.
373 4454 484 4542 Supra
469 4477 482 4512 ο
502 4455 608 4518 θάνατος
626 4459 662 4519 τίς
678 4463 752 4518 νῖκος.
866 4463 984 4522 empta,
1009 4460 1105 4510 λοδτολε
1132 4456 1157 4512 ἐν
1184 4447 1253 4528 οἷπερ
1274 4423 1414 4534 ίντύγχάτετ

313 4524 355 4580 63
370 4519 482 4594 διόπερ
507 4523 535 4581 ἓν
561 4526 678 4602 τυγχάνει
700 4531 783 4594 scripsi
805 4541 834 4582 τε
868 4529 995 4578 emerius
1009 4529 1091 4580 ναίετε
1107 4511 1247 4595 οεητετλίο
1260 4522 1345 4576 τοῦδε
1361 4529 1413 4592 ραι
