3010 5000
405 308 538 364 ranann
555 311 618 364 tta.
629 312 649 365 t.
666 310 747 365 ron.
759 311 803 364 tn.
821 309 919 364 naen.
931 309 989 362 xm
1208 297 1269 362 537

124 429 307 516 dogmatibus
321 439 401 494 esset
416 429 560 512 imbutus,
591 431 676 498 talem
696 441 805 517 pestem
822 429 902 496 velut
917 429 1078 515 exquisitas
1095 449 1208 494 merces
1223 451 1269 494 se·

124 551 190 596 eum
209 532 238 596 iu
258 530 379 618 patriam
400 533 529 598 revexit.
574 532 646 598 Erat
664 534 753 612 haee,
785 543 816 596 ut
837 532 979 610 diximus,
1009 532 1151 598 Armenia
1170 529 1271 596 Minor

124 634 155 698 in
168 634 264 700 vieiua
280 631 399 700 Satalae
414 636 547 720 regione.
593 635 660 720 Quo
677 657 741 699 cum
758 646 838 700 esset
852 656 1003 713 reversus,
1027 633 1202 720 contagione
1217 657 1271 701 sua

125 759 209 822 quam
232 737 370 822 plurimos
392 737 450 802 illio
472 738 582 802 iniecit.
627 737 703 803 Nam
726 755 760 802 se
783 739 812 802 in
837 737 1011 824 locupletum
1032 737 1212 822 quorundam
1236 759 1271 802 ac

125 839 265 904 senatorii
282 840 391 904 ordinis
408 840 551 920 lemicae,
580 841 759 924 aliorumque
778 839 997 925 primariorum,
1028 838 1183 903 amicitiam
1201 840 1271 904 insi·

124 962 218 1006 nuans
234 961 285 1028 per
301 963 352 1005 eos
368 952 467 1028 utpote
482 943 627 1028 principes
644 943 723 1006 viros
740 942 860 1006 iulluitis
877 941 1039 1006 homiuibus
1055 939 1176 1005 exitium
1195 952 1270 1006 attu-

123 1043 169 1108 lit.
214 1041 273 1108 Sed
295 1063 360 1108 eum
380 1043 512 1108 domiuus
531 1045 667 1108 celeriter
684 1065 700 1108 e
719 1043 814 1109 medio
831 1045 965 1122 sustulit,
998 1065 1062 1107 cum
1081 1043 1136 1106 iam
1152 1043 1269 1109 zizania

123 1165 179 1210 aua
201 1145 367 1231 sparsisset.
588 1135 593 1151 ‘

209 1244 348 1314 Ceterum
371 1248 417 1312 isti
437 1249 618 1335 apocryphos
638 1249 779 1334 quosdam
801 1248 891 1313 libros
914 1249 1071 1312 linxerunt.
1117 1246 1144 1312 Ε
1166 1248 1269 1334 quibus
1288 1257 1348 1325 cap.
1365 1258 1397 1308 tt.

125 1350 183 1416 duo
205 1362 274 1414 aunt
289 1347 487 1436 Symphoniae
507 1351 642 1432 nomine,
672 1349 770 1416 Maior
786 1351 923 1414 videlicet
940 1371 974 1416 ac
990 1348 1100 1416 Minor.
1147 1347 1272 1414 Praeter

123 1475 198 1540 quos
211 1454 366 1518 nonnullos
380 1453 453 1516 alios
470 1453 507 1516 iis
522 1452 703 1538 quibuscum
719 1464 808 1536 agunt
821 1473 994 1538 percensere
1011 1452 1118 1531 solent,
1139 1463 1172 1517 ut
1188 1474 1270 1516 erro-

122 1577 187 1620 rem
202 1577 284 1621 suurn
303 1553 399 1618 multis
414 1555 634 1622 auctoritatibus
650 1557 792 1620 affirmare
809 1578 843 1618 ac
860 1555 983 1641 probare
1001 1555 1166 1619 videantur.
1210 1553 1270 1618 tta-

122 1659 196 1723 bent
211 1669 239 1722 et
256 1679 328 1743 quus
343 1651 537 1741 Ἀλιογενεῖς,
560 1658 614 1722 huo
631 1669 677 1722 est
693 1662 889 1740 Aliear'geuoa,
915 1669 1031 1736 vucaut,
1056 1659 1098 1722 sic
1115 1657 1270 1742 inscriptos

121 1761 249 1826 libellos.
295 1757 368 1824 item
387 1781 426 1824 ex
444 1760 605 1824 Anabatioo
621 1759 747 1841 Esaiae,
771 1772 801 1824 et
817 1761 844 1825 id
860 1779 954 1846 genus
970 1759 1160 1845 apocryphis,
1184 1781 1270 1844 argu·

121 1873 223 1927 menta
242 1863 424 1948 depromunt.
470 1857 529 1928 Sed
547 1883 582 1926 eo
600 1863 674 1928 libro
693 1864 738 1928 cui
759 1861 957 1949 Symphoniae
975 1883 1080 1926 numen
1100 1861 1202 1926 astuti
1220 1883 1270 1946 po·

120 1965 264 2028 tissimum
285 1964 398 2044 suleut3
428 1965 458 2028 in
480 1986 537 2049 quo
555 1967 699 2030 coelestes
718 1966 805 2030 orbes
829 1976 895 2030 octo
910 1951 962 2028 'rel
981 1975 1092 2049 septem
1115 1985 1182 2027 esse
1201 1963 1270 2028 teu-

120 2068 218 2132 niunt.
265 2066 376 2131 Horum
399 2066 428 2130 iu
451 2068 574 2153 singulis
596 2067 726 2132 residere
745 2065 913 2152 Principes,
946 2067 985 2131 ita
1008 2076 1039 2130 ut
1061 2087 1113 2151 per
1133 2075 1272 2151 septenos

121 2170 214 2234 orbes
233 2169 376 2234 distributi
399 2169 458 2234 sint
476 2181 563 2254 atque
581 2192 656 2236 uuus
678 2170 707 2234 iu
726 2169 854 2255 quolibet
872 2166 1013 2253 Princeps
1032 2169 1150 2233 existat.
1196 2164 1272 2233 Cer·

120 2285 174 2337 tos
197 2293 284 2358 porro
306 2272 461 2356 uuicuique
483 2269 610 2358 Principi
633 2273 751 2338 ordines
774 2291 841 2336 esee
863 2271 1035 2357 descriptos.
1081 2269 1176 2356 Supra
1199 2291 1272 2354 quos

121 2395 229 2440 omues
248 2385 352 2438 octavo
375 2375 405 2438 in
428 2372 511 2438 coelo
530 2375 651 2439 lucidam
669 2371 796 2438 Matrem
821 2385 982 2440 ceterarum
1003 2375 1162 2438 haereseon
1189 2393 1272 2437 more

121 2477 316 2542 constituent.
368 2472 429 2542 Sed
452 2498 551 2541 eornm
575 2476 661 2562 aliqui
686 2477 861 2542 foedissimis
884 2475 1048 2541 libidinibns
1071 2497 1195 2562 corpora
1217 2497 1271 2541 sua

121 2579 335 2646 contaminant.
378 2579 437 2642 atii
452 2578 558 2643 ieiunia
572 2578 741 2644 simulantes
757 2579 960 2643 monachorum
976 2580 1074 2664 specie
1090 2579 1272 2665 simpliciori·

121 2683 184 2748 ltus
205 2681 343 2758 illudunt,
376 2701 411 2744 ac
434 2701 467 2746 se
488 2681 628 2744 honorum
651 2681 778 2746 omuinm
801 2681 983 2745 abdicatione
1004 2681 1166 2746 venditant.
1212 2677 1273 2744 lam

122 2803 200 2850 vero
218 2783 247 2846 in
265 2803 457 2868 unoquoque,
488 2793 519 2847 ut
536 2783 642 2849 dictum
661 2794 722 2860 eat,
756 2783 838 2847 coelo
856 2780 1019 2870 Principem
1043 2794 1072 2848 et
1091 2780 1272 2848 Potestatem

121 2907 194 2952 oum
214 2886 325 2970 angelis
344 2885 453 2970 aliquot
471 2885 683 2971 apparitoribus
703 2884 858 2949 collocant.
904 2883 1070 2968 Quamlibet
1089 2886 1167 2949 enim
1187 2882 1273 2949 Prin-

121 2989 221 3073 eipem
243 3009 313 3052 suos
335 2987 389 3051 sibi
411 2987 548 3070 genuisse
570 3007 604 3050 ae
627 3007 799 3072 procreasse
819 2987 971 3052 satellites.
1017 2983 1144 3052 Carnem
1167 2999 1275 3072 negant

123 3109 296 3174 resurgere,
319 3089 405 3175 idque
418 3089 472 3154 suli
486 3089 599 3154 animae
614 3089 754 3154 tribuunt.
796 3087 1145 3174 Baptismumdamuant3
1171 3099 1274 3152 tamet-

124 3193 153 3257 si
172 3191 248 3254 iutor
264 3211 315 3256 eos
332 3189 408 3271 siut,
440 3192 487 3277 qui
505 3190 654 3277 Baptismo
673 3202 760 3256 autea
777 3191 881 3256 initiati
900 3192 1017 3256 luerint.
1064 3189 1273 3277 Mysterioruur

125 3293 359 3358 communionem
378 3315 412 3358 ac
430 3295 586 3360 honitatem
604 3295 755 3380 repudiant
771 3305 904 3379 tanquam
924 3295 1047 3358 alienam
1065 3293 1140 3358 etin
1157 3294 1274 3358 nurnine

127 3394 259 3462 Sabaoth
274 3406 430 3481 repertam.
470 3395 556 3460 llnno
572 3397 661 3476 enim,
680 3408 712 3461 ut
726 3407 757 3460 et
771 3397 844 3462 aliae
861 3398 999 3482 quaedam
1017 3396 1167 3475 haereses,
1186 3397 1274 3481 septi-

126 3519 179 3563 mo
197 3499 226 3563 in
243 3497 314 3562 erbe
333 3499 462 3576 uersari,
492 3519 527 3562 ac
543 3499 725 3586 tyrannidem
742 3520 901 3578 exercere,
932 3499 1115 3586 praedicant,
1146 3509 1276 3564 ceteros·

126 3620 185 3688 que
206 3600 351 3664 violenter
373 3601 547 3687 opprimere.
593 3599 811 3688 Principatuum
833 3598 1072 3686 Potestatomque
1096 3600 1190 3664 cibam
1214 3601 1276 3665 ani·

127 3725 206 3770 naam
219 3703 376 3790 appellant,
400 3703 463 3768 aine
481 3726 536 3790 qua
554 3705 655 3770 vivere
670 3705 736 3768 illos
751 3725 808 3768 nou
825 3725 924 3790 posse,
947 3704 1022 3790 quod
1041 3724 1057 3766 a
1074 3702 1194 3766 coelesti
1208 3723 1277 3766 rore

127 3815 283 3894 procreate
300 3816 419 3890 vegetet
434 3806 499 3870 illos
517 3827 551 3870 ac
569 3809 678 3871 loveat.
724 3804 808 3890 Quae
825 3829 889 3870 cum
908 3809 942 3872 ad
960 3805 1156 3890 cognitionem
1173 3827 1277 3892 perre-

128 3908 222 3989 uerit,
246 3929 279 3970 ao
298 3907 468 3993 baptismum
488 3909 632 3980 ecelesiae
655 3929 818 3994 nomenque
839 3906 987 3988 Sabaoth,
1011 3909 1058 3993 qui
1081 3919 1184 3972 auctor
1203 3909 1276 3992 legis

127 4021 196 4089 est,
230 4010 385 4094 effugerit,
420 4011 456 4074 ad
482 4010 612 4095 singulos
638 4011 756 4076 evolare
780 4011 924 4076 coelestes
950 4011 1055 4087 orbes,
1087 4029 1177 4094 seque
1203 4011 1275 4096 apud

129 4202 259 4254 ceruariae
268 4202 349 4250 north:
358 4227 392 4238 -
407 4198 473 4267 apud
482 4216 509 4250 se
520 4199 682 4262 accumulant,
751 4201 775 4250 5.
792 4196 854 4254 sirac
866 4203 950 4264 scripti
962 4213 990 4250 ex
1005 4200 1112 4250 Gornun'i
1126 4203 1195 4260 utque
1209 4199 1278 4248 Petu-

127 4283 181 4337 quo
194 4283 219 4316 ru
235 4265 404 4333 congressibus
415 4267 543 4319 videantur
556 4285 625 4350 auum
640 4286 682 4318 er·
715 4271 749 4319 uir'
758 4269 922 4318 emeardotione.
940 4271 1005 4318 Libri
1015 4270 1076 4318 euim
1083 4267 1168 4348 hubent
1178 4263 1278 4319 εἰδέναι.

126 4334 374 4454 ἒῖῗιιιπ.ςέἶεθττῐιξιι11ιοι
387 4335 530 4388 confirmare
548 4345 574 4387 et
587 4353 613 4387 au
629 4353 682 4386 me-
719 4333 1109 4467 wffvappypuptepieyppwepdd'ulac.
1135 4331 1279 4402 κεχραμμέ·

126 4465 312 4606 mbram&
324 4475 432 4537 rocrtpat
443 4489 487 4538 pro
499 4468 612 4544 stipanda,
625 4475 688 4544 quot
754 4472 779 4528 t.
796 4467 885 4526 ταυτὸν
902 4474 938 4524 ed.
951 4475 1026 4536 priate.
