<?xml version="1.0" encoding="UTF-8"?>
<!DOCTYPE html PUBLIC "-//W3C//DTD XHTML 1.0 Transitional//EN"
    "http://www.w3.org/TR/xhtml1/DTD/xhtml1-transitional.dtd">
<html xmlns="http://www.w3.org/1999/xhtml" xml:lang="en" lang="en">
 <head>
  <title>
</title>
<meta http-equiv="Content-Type" content="text/html;charset=utf-8" />
  <meta name='ocr-system' content='tesseract 3.04.00' />
  <meta name='ocr-capabilities' content='ocr_page ocr_carea ocr_par ocr_line ocrx_word'/>
</head>
<body>
  <div class='ocr_page' id='page_1' title='image "./corporishaerese03oehlgoog_0580.png"; bbox 0 0 2994 5024; ppageno 0'>
   <div class='ocr_carea' id='block_1_1' title="bbox 207 385 1195 466">
    <p class='ocr_par' dir='ltr' id='par_1_1' title="bbox 207 385 1195 466">
     <span class='ocr_line' id='line_1_1' title="bbox 207 385 1195 466; baseline 0 -18"><span class='ocrx_word' id='word_1_1' title='bbox 207 449 218 466; x_wconf 68' lang='grc'>,</span> <span class='ocrx_word' id='word_1_2' title='bbox 315 395 450 448; x_wconf 72' lang='lat' dir='ltr'><strong>rinnau</strong></span> <span class='ocrx_word' id='word_1_3' title='bbox 468 395 560 447; x_wconf 65' lang='lat' dir='ltr'><strong>mun.</strong></span> <span class='ocrx_word' id='word_1_4' title='bbox 579 395 715 448; x_wconf 84' lang='lat' dir='ltr'><strong>romm.</strong></span> <span class='ocrx_word' id='word_1_5' title='bbox 734 395 923 446; x_wconf 62' lang='lat' dir='ltr'><strong>naanmun.</strong></span> <span class='ocrx_word' id='word_1_6' title='bbox 1134 385 1195 450; x_wconf 79' lang='lat'><strong>563</strong></span> 
     </span>
    </p>
   </div>
   <div class='ocr_carea' id='block_1_2' title="bbox 40 514 1278 4076">
    <p class='ocr_par' dir='ltr' id='par_1_2' title="bbox 40 514 1278 4076">
     <span class='ocr_line' id='line_1_2' title="bbox 41 514 1195 599; baseline -0.001 -18"><span class='ocrx_word' id='word_1_7' title='bbox 41 515 196 599; x_wconf 83' lang='lat' dir='ltr'><strong>magisque</strong></span> <span class='ocrx_word' id='word_1_8' title='bbox 213 515 398 595; x_wconf 76' lang='lat' dir='ltr'><strong>refellamus,</strong></span> <span class='ocrx_word' id='word_1_9' title='bbox 423 516 479 578; x_wconf 90' lang='lat' dir='ltr'><strong>ulia</strong></span> <span class='ocrx_word' id='word_1_10' title='bbox 495 514 571 578; x_wconf 90' lang='lat' dir='ltr'><strong>istud</strong></span> <span class='ocrx_word' id='word_1_11' title='bbox 589 515 701 579; x_wconf 87' lang='lat' dir='ltr'><strong>ratione</strong></span> <span class='ocrx_word' id='word_1_12' title='bbox 718 515 957 580; x_wconf 87' lang='lat' dir='ltr'><strong>considerandum</strong></span> <span class='ocrx_word' id='word_1_13' title='bbox 975 527 1032 579; x_wconf 89' lang='lat' dir='ltr'><strong>est.</strong></span> <span class='ocrx_word' id='word_1_14' title='bbox 1078 514 1195 580; x_wconf 87' lang='lat' dir='ltr'><strong>Etenim</strong></span> 
     </span>
     <span class='ocr_line' id='line_1_3' title="bbox 40 615 1195 703; baseline -0.001 -21"><span class='ocrx_word' id='word_1_15' title='bbox 40 621 69 682; x_wconf 87' lang='lat' dir='ltr'><strong>si</strong></span> <span class='ocrx_word' id='word_1_16' title='bbox 84 615 185 681; x_wconf 84' lang='lat' dir='ltr'><strong>Malus</strong></span> <span class='ocrx_word' id='word_1_17' title='bbox 200 615 248 680; x_wconf 90' lang='lat' dir='ltr'><strong>ille</strong></span> <span class='ocrx_word' id='word_1_18' title='bbox 265 618 381 703; x_wconf 88' lang='lat' dir='ltr'><strong>penitus</strong></span> <span class='ocrx_word' id='word_1_19' title='bbox 395 617 489 681; x_wconf 90' lang='lat' dir='ltr'><strong>malus</strong></span> <span class='ocrx_word' id='word_1_20' title='bbox 503 628 560 696; x_wconf 83' lang='lat' dir='ltr'><strong>ast,</strong></span> <span class='ocrx_word' id='word_1_21' title='bbox 586 629 615 680; x_wconf 91' lang='lat' dir='ltr'><strong>et</strong></span> <span class='ocrx_word' id='word_1_22' title='bbox 631 639 648 680; x_wconf 90' lang='lat' dir='ltr'><strong>a</strong></span> <span class='ocrx_word' id='word_1_23' title='bbox 664 615 746 681; x_wconf 86' lang='lat' dir='ltr'><strong>Bono</strong></span> <span class='ocrx_word' id='word_1_24' title='bbox 762 617 947 682; x_wconf 89' lang='lat' dir='ltr'><strong>nibilominus</strong></span> <span class='ocrx_word' id='word_1_25' title='bbox 962 616 1055 682; x_wconf 91' lang='lat' dir='ltr'><strong>bonos</strong></span> <span class='ocrx_word' id='word_1_26' title='bbox 1069 619 1195 699; x_wconf 84' lang='lat' dir='ltr'><strong>unierat,</strong></span> 
     </span>
     <span class='ocr_line' id='line_1_4' title="bbox 41 717 1196 804; baseline -0.001 -20"><span class='ocrx_word' id='word_1_27' title='bbox 41 723 140 784; x_wconf 88' lang='lat' dir='ltr'><strong>iustos</strong></span> <span class='ocrx_word' id='word_1_28' title='bbox 156 741 172 782; x_wconf 91' lang='lat' dir='ltr'><strong>a</strong></span> <span class='ocrx_word' id='word_1_29' title='bbox 189 717 282 798; x_wconf 88' lang='lat' dir='ltr'><strong>lusto,</strong></span> <span class='ocrx_word' id='word_1_30' title='bbox 306 719 385 784; x_wconf 82' lang='lat' dir='ltr'><strong>solos</strong></span> <span class='ocrx_word' id='word_1_31' title='bbox 400 720 444 782; x_wconf 89' lang='lat' dir='ltr'><strong>sni</strong></span> <span class='ocrx_word' id='word_1_32' title='bbox 461 718 570 783; x_wconf 83' lang='lat' dir='ltr'>similes</span> <span class='ocrx_word' id='word_1_33' title='bbox 583 718 738 803; x_wconf 88' lang='lat' dir='ltr'><strong>relinquat,</strong></span> <span class='ocrx_word' id='word_1_34' title='bbox 764 719 863 804; x_wconf 89' lang='lat' dir='ltr'><strong>utique</strong></span> <span class='ocrx_word' id='word_1_35' title='bbox 878 717 976 784; x_wconf 87' lang='lat' dir='ltr'><strong>Malus</strong></span> <span class='ocrx_word' id='word_1_36' title='bbox 989 741 1056 786; x_wconf 90' lang='lat' dir='ltr'><strong>esse</strong></span> <span class='ocrx_word' id='word_1_37' title='bbox 1071 721 1196 801; x_wconf 85' lang='lat' dir='ltr'><strong>desinet,</strong></span> 
     </span>
     <span class='ocr_line' id='line_1_5' title="bbox 41 821 1197 908; baseline -0.001 -21"><span class='ocrx_word' id='word_1_38' title='bbox 41 825 94 908; x_wconf 91' lang='lat' dir='ltr'><strong>qui</strong></span> <span class='ocrx_word' id='word_1_39' title='bbox 112 822 205 886; x_wconf 83' lang='lat' dir='ltr'><strong>malus</strong></span> <span class='ocrx_word' id='word_1_40' title='bbox 223 823 345 900; x_wconf 87' lang='lat' dir='ltr'><strong>dieitur,</strong></span> <span class='ocrx_word' id='word_1_41' title='bbox 370 843 434 885; x_wconf 87' lang='lat' dir='ltr'><strong>oum</strong></span> <span class='ocrx_word' id='word_1_42' title='bbox 450 821 592 885; x_wconf 89' lang='lat' dir='ltr'><strong>bonorum</strong></span> <span class='ocrx_word' id='word_1_43' title='bbox 610 821 755 885; x_wconf 86' lang='lat' dir='ltr'><strong>desiderio</strong></span> <span class='ocrx_word' id='word_1_44' title='bbox 773 831 924 902; x_wconf 87' lang='lat' dir='ltr'><strong>teneatur,</strong></span> <span class='ocrx_word' id='word_1_45' title='bbox 949 823 1125 908; x_wconf 85' lang='lat' dir='ltr'><strong>eosdemque</strong></span> <span class='ocrx_word' id='word_1_46' title='bbox 1141 823 1197 888; x_wconf 88' lang='lat' dir='ltr'><strong>sibi</strong></span> 
     </span>
     <span class='ocr_line' id='line_1_6' title="bbox 41 921 1199 1010; baseline 0 -22"><span class='ocrx_word' id='word_1_47' title='bbox 41 925 129 1010; x_wconf 86' lang='lat' dir='ltr'><strong>quasi</strong></span> <span class='ocrx_word' id='word_1_48' title='bbox 146 924 284 990; x_wconf 88' lang='lat' dir='ltr'><strong>meliores</strong></span> <span class='ocrx_word' id='word_1_49' title='bbox 302 943 437 988; x_wconf 88' lang='lat' dir='ltr'><strong>asserere</strong></span> <span class='ocrx_word' id='word_1_50' title='bbox 456 924 581 988; x_wconf 75' lang='lat' dir='ltr'><strong>studeat.</strong></span> <span class='ocrx_word' id='word_1_51' title='bbox 627 921 680 987; x_wconf 87' lang='lat' dir='ltr'><strong>Sin</strong></span> <span class='ocrx_word' id='word_1_52' title='bbox 699 923 734 986; x_wconf 94' lang='lat' dir='ltr'><strong>de</strong></span> <span class='ocrx_word' id='word_1_53' title='bbox 752 925 813 987; x_wconf 89' lang='lat' dir='ltr'><strong>suis</strong></span> <span class='ocrx_word' id='word_1_54' title='bbox 829 946 943 1009; x_wconf 89' lang='lat' dir='ltr'><strong>quoque</strong></span> <span class='ocrx_word' id='word_1_55' title='bbox 960 925 1096 990; x_wconf 85' lang='lat' dir='ltr'><strong>iudicium</strong></span> <span class='ocrx_word' id='word_1_56' title='bbox 1114 924 1199 990; x_wconf 84' lang='lat' dir='ltr'><strong>iusti·</strong></span> 
     </span>
     <span class='ocr_line' id='line_1_7' title="bbox 43 1025 1199 1111; baseline 0.002 -21"><span class='ocrx_word' id='word_1_57' title='bbox 43 1040 128 1106; x_wconf 88' lang='lat' dir='ltr'><strong>tuat,</strong></span> <span class='ocrx_word' id='word_1_58' title='bbox 159 1028 195 1090; x_wconf 88' lang='lat' dir='ltr'><strong>ab</strong></span> <span class='ocrx_word' id='word_1_59' title='bbox 212 1027 306 1111; x_wconf 90' lang='lat' dir='ltr'><strong>iisqne</strong></span> <span class='ocrx_word' id='word_1_60' title='bbox 325 1027 372 1111; x_wconf 91' lang='lat' dir='ltr'><strong>qni</strong></span> <span class='ocrx_word' id='word_1_61' title='bbox 389 1025 523 1089; x_wconf 87' lang='lat' dir='ltr'><strong>inimiam</strong></span> <span class='ocrx_word' id='word_1_62' title='bbox 542 1025 666 1090; x_wconf 88' lang='lat' dir='ltr'><strong>leoerint</strong></span> <span class='ocrx_word' id='word_1_63' title='bbox 683 1046 792 1110; x_wconf 88' lang='lat' dir='ltr'><strong>poenas</strong></span> <span class='ocrx_word' id='word_1_64' title='bbox 809 1027 928 1111; x_wconf 80' lang='lat' dir='ltr'><strong>exigat,</strong></span> <span class='ocrx_word' id='word_1_65' title='bbox 958 1048 1016 1091; x_wconf 93' lang='lat' dir='ltr'><strong>non</strong></span> <span class='ocrx_word' id='word_1_66' title='bbox 1033 1029 1088 1092; x_wconf 80' lang='lat' dir='ltr'><strong>iana</strong></span> <span class='ocrx_word' id='word_1_67' title='bbox 1106 1029 1199 1092; x_wconf 86' lang='lat' dir='ltr'><strong>malus</strong></span> 
     </span>
     <span class='ocr_line' id='line_1_8' title="bbox 42 1127 1200 1219; baseline 0.001 -26"><span class='ocrx_word' id='word_1_68' title='bbox 42 1132 104 1194; x_wconf 88' lang='lat' dir='ltr'><strong>erit</strong></span> <span class='ocrx_word' id='word_1_69' title='bbox 124 1139 223 1214; x_wconf 87' lang='lat' dir='ltr'><strong>utpote</strong></span> <span class='ocrx_word' id='word_1_70' title='bbox 242 1129 381 1191; x_wconf 87' lang='lat' dir='ltr'><strong>melorum</strong></span> <span class='ocrx_word' id='word_1_71' title='bbox 400 1129 507 1219; x_wconf 83' lang='lat' dir='ltr'><strong>index,</strong></span> <span class='ocrx_word' id='word_1_72' title='bbox 542 1137 628 1212; x_wconf 90' lang='lat' dir='ltr'><strong>atque</strong></span> <span class='ocrx_word' id='word_1_73' title='bbox 648 1127 702 1192; x_wconf 87' lang='lat' dir='ltr'><strong>boe</strong></span> <span class='ocrx_word' id='word_1_74' title='bbox 723 1130 808 1192; x_wconf 89' lang='lat' dir='ltr'><strong>modo</strong></span> <span class='ocrx_word' id='word_1_75' title='bbox 827 1140 886 1193; x_wconf 89' lang='lat' dir='ltr'><strong>tota</strong></span> <span class='ocrx_word' id='word_1_76' title='bbox 902 1130 979 1194; x_wconf 89' lang='lat' dir='ltr'><strong>illius</strong></span> <span class='ocrx_word' id='word_1_77' title='bbox 996 1131 1129 1194; x_wconf 82' lang='lat' dir='ltr'><strong>doctrina</strong></span> <span class='ocrx_word' id='word_1_78' title='bbox 1146 1151 1200 1216; x_wconf 92' lang='lat' dir='ltr'><strong>per</strong></span> 
     </span>
     <span class='ocr_line' id='line_1_9' title="bbox 41 1227 1197 1318; baseline 0 -22"><span class='ocrx_word' id='word_1_79' title='bbox 41 1253 114 1296; x_wconf 89' lang='lat' dir='ltr'><strong>sese</strong></span> <span class='ocrx_word' id='word_1_80' title='bbox 137 1232 252 1316; x_wconf 87' lang='lat' dir='ltr'><strong>penitus</strong></span> <span class='ocrx_word' id='word_1_81' title='bbox 270 1230 411 1294; x_wconf 85' lang='lat' dir='ltr'><strong>labelauta</strong></span> <span class='ocrx_word' id='word_1_82' title='bbox 431 1229 576 1294; x_wconf 86' lang='lat' dir='ltr'><strong>oonoidet.</strong></span> <span class='ocrx_word' id='word_1_83' title='bbox 620 1227 710 1293; x_wconf 86' lang='lat' dir='ltr'><strong>Nune</strong></span> <span class='ocrx_word' id='word_1_84' title='bbox 727 1230 796 1295; x_wconf 95' lang='lat' dir='ltr'><strong>illud</strong></span> <span class='ocrx_word' id='word_1_85' title='bbox 814 1233 900 1295; x_wconf 87' lang='lat' dir='ltr'><strong>velim</strong></span> <span class='ocrx_word' id='word_1_86' title='bbox 919 1232 986 1295; x_wconf 90' lang='lat' dir='ltr'><strong>mibi</strong></span> <span class='ocrx_word' id='word_1_87' title='bbox 1005 1232 1197 1318; x_wconf 78' lang='lat' dir='ltr'><strong>respondeas,</strong></span> 
     </span>
     <span class='ocr_line' id='line_1_10' title="bbox 43 1331 1200 1419; baseline -0.001 -20"><span class='ocrx_word' id='word_1_88' title='bbox 43 1337 124 1399; x_wconf 92' lang='lat' dir='ltr'><strong>unde</strong></span> <span class='ocrx_word' id='word_1_89' title='bbox 144 1337 198 1398; x_wconf 89' lang='lat' dir='ltr'><strong>tria</strong></span> <span class='ocrx_word' id='word_1_90' title='bbox 214 1332 263 1396; x_wconf 84' lang='lat' dir='ltr'><strong>illa</strong></span> <span class='ocrx_word' id='word_1_91' title='bbox 279 1331 425 1418; x_wconf 82' lang='lat' dir='ltr'><strong>Principia</strong></span> <span class='ocrx_word' id='word_1_92' title='bbox 443 1333 564 1417; x_wconf 87' lang='lat' dir='ltr'><strong>idipsum</strong></span> <span class='ocrx_word' id='word_1_93' title='bbox 585 1333 659 1416; x_wconf 92' lang='lat' dir='ltr'><strong>quod</strong></span> <span class='ocrx_word' id='word_1_94' title='bbox 679 1344 746 1396; x_wconf 89' lang='lat' dir='ltr'><strong>sunt</strong></span> <span class='ocrx_word' id='word_1_95' title='bbox 763 1333 958 1413; x_wconf 74' lang='lat' dir='ltr'><strong>obtinuerint,</strong></span> <span class='ocrx_word' id='word_1_96' title='bbox 991 1344 1040 1400; x_wconf 88' lang='lat' dir='ltr'><strong>aut</strong></span> <span class='ocrx_word' id='word_1_97' title='bbox 1057 1335 1122 1419; x_wconf 86' lang='lat' dir='ltr'><strong>quis</strong></span> <span class='ocrx_word' id='word_1_98' title='bbox 1138 1333 1200 1398; x_wconf 87' lang='lat' dir='ltr'><strong>sin·</strong></span> 
     </span>
     <span class='ocr_line' id='line_1_11' title="bbox 43 1433 1200 1522; baseline -0.001 -21"><span class='ocrx_word' id='word_1_99' title='bbox 43 1437 116 1522; x_wconf 83' lang='lat' dir='ltr'><strong>gula</strong></span> <span class='ocrx_word' id='word_1_100' title='bbox 133 1437 194 1500; x_wconf 86' lang='lat' dir='ltr'><strong>suis</strong></span> <span class='ocrx_word' id='word_1_101' title='bbox 210 1435 314 1499; x_wconf 83' lang='lat' dir='ltr'><strong>linibus</strong></span> <span class='ocrx_word' id='word_1_102' title='bbox 331 1457 365 1498; x_wconf 89' lang='lat' dir='ltr'><strong>ao</strong></span> <span class='ocrx_word' id='word_1_103' title='bbox 381 1433 549 1517; x_wconf 79' lang='lat' dir='ltr'><strong>regionibus</strong></span> <span class='ocrx_word' id='word_1_104' title='bbox 563 1434 762 1520; x_wconf 78' lang='lat' dir='ltr'><strong>descripserit.</strong></span> <span class='ocrx_word' id='word_1_105' title='bbox 808 1433 885 1500; x_wconf 90' lang='lat' dir='ltr'><strong>Nam</strong></span> <span class='ocrx_word' id='word_1_106' title='bbox 903 1436 927 1500; x_wconf 91' lang='lat' dir='ltr'><strong>si</strong></span> <span class='ocrx_word' id='word_1_107' title='bbox 945 1438 1064 1501; x_wconf 87' lang='lat' dir='ltr'><strong>deorum</strong></span> <span class='ocrx_word' id='word_1_108' title='bbox 1079 1436 1200 1522; x_wconf 81' lang='lat' dir='ltr'><strong>quilibet</strong></span> 
     </span>
     <span class='ocr_line' id='line_1_12' title="bbox 43 1537 1199 1625; baseline -0.003 -20"><span class='ocrx_word' id='word_1_109' title='bbox 43 1561 103 1605; x_wconf 89' lang='lat' dir='ltr'><strong>suo</strong></span> <span class='ocrx_word' id='word_1_110' title='bbox 125 1539 190 1602; x_wconf 89' lang='lat' dir='ltr'><strong>luoo</strong></span> <span class='ocrx_word' id='word_1_111' title='bbox 212 1539 363 1616; x_wconf 85' lang='lat' dir='ltr'><strong>delinitur,</strong></span> <span class='ocrx_word' id='word_1_112' title='bbox 395 1559 452 1600; x_wconf 93' lang='lat' dir='ltr'><strong>non</strong></span> <span class='ocrx_word' id='word_1_113' title='bbox 476 1537 598 1621; x_wconf 90' lang='lat' dir='ltr'><strong>amplius</strong></span> <span class='ocrx_word' id='word_1_114' title='bbox 622 1539 750 1622; x_wconf 80' lang='lat' dir='ltr'><strong>perlecta</strong></span> <span class='ocrx_word' id='word_1_115' title='bbox 773 1539 821 1602; x_wconf 90' lang='lat' dir='ltr'><strong>illa</strong></span> <span class='ocrx_word' id='word_1_116' title='bbox 844 1537 900 1603; x_wconf 87' lang='lat' dir='ltr'><strong>tria</strong></span> <span class='ocrx_word' id='word_1_117' title='bbox 921 1550 1095 1620; x_wconf 82' lang='lat' dir='ltr'><strong>censentur,</strong></span> <span class='ocrx_word' id='word_1_118' title='bbox 1126 1559 1199 1625; x_wconf 90' lang='lat' dir='ltr'><strong>quae</strong></span> 
     </span>
     <span class='ocr_line' id='line_1_13' title="bbox 44 1639 1202 1728; baseline -0.001 -21"><span class='ocrx_word' id='word_1_119' title='bbox 44 1643 138 1707; x_wconf 83' lang='lat' dir='ltr'><strong>certis</strong></span> <span class='ocrx_word' id='word_1_120' title='bbox 152 1641 362 1727; x_wconf 81' lang='lat' dir='ltr'><strong>comprehensa</strong></span> <span class='ocrx_word' id='word_1_121' title='bbox 375 1650 444 1704; x_wconf 89' lang='lat' dir='ltr'><strong>sunt</strong></span> <span class='ocrx_word' id='word_1_122' title='bbox 458 1661 493 1704; x_wconf 89' lang='lat' dir='ltr'><strong>ae</strong></span> <span class='ocrx_word' id='word_1_123' title='bbox 506 1639 725 1724; x_wconf 87' lang='lat' dir='ltr'><strong>oiruumsoripta</strong></span> <span class='ocrx_word' id='word_1_124' title='bbox 738 1641 852 1726; x_wconf 86' lang='lat' dir='ltr'><strong>spatiis,</strong></span> <span class='ocrx_word' id='word_1_125' title='bbox 872 1652 974 1726; x_wconf 89' lang='lat' dir='ltr'><strong>estque</strong></span> <span class='ocrx_word' id='word_1_126' title='bbox 987 1643 1109 1728; x_wconf 88' lang='lat' dir='ltr'><strong>idipsum</strong></span> <span class='ocrx_word' id='word_1_127' title='bbox 1124 1641 1202 1727; x_wconf 92' lang='lat' dir='ltr'><strong>quod</strong></span> 
     </span>
     <span class='ocr_line' id='line_1_14' title="bbox 45 1741 1201 1828; baseline -0.002 -18"><span class='ocrx_word' id='word_1_128' title='bbox 45 1745 181 1810; x_wconf 83' lang='lat' dir='ltr'><strong>ootrtiuet</strong></span> <span class='ocrx_word' id='word_1_129' title='bbox 196 1763 232 1806; x_wconf 93' lang='lat' dir='ltr'><strong>eo</strong></span> <span class='ocrx_word' id='word_1_130' title='bbox 249 1743 325 1828; x_wconf 92' lang='lat' dir='ltr'><strong>quod</strong></span> <span class='ocrx_word' id='word_1_131' title='bbox 342 1741 509 1806; x_wconf 75' lang='lat' dir='ltr'><strong>nundinetur</strong></span> <span class='ocrx_word' id='word_1_132' title='bbox 524 1741 633 1822; x_wconf 65' lang='lat' dir='ltr'><strong>maium</strong></span> <span class='ocrx_word' id='word_1_133' title='bbox 658 1763 751 1825; x_wconf 88' lang='lat' dir='ltr'><strong>neque</strong></span> <span class='ocrx_word' id='word_1_134' title='bbox 767 1743 842 1826; x_wconf 91' lang='lat' dir='ltr'><strong>quod</strong></span> <span class='ocrx_word' id='word_1_135' title='bbox 860 1743 1000 1808; x_wconf 89' lang='lat' dir='ltr'><strong>eiusmodi</strong></span> <span class='ocrx_word' id='word_1_136' title='bbox 1014 1745 1124 1808; x_wconf 91' lang='lat' dir='ltr'><strong>ambitu</strong></span> <span class='ocrx_word' id='word_1_137' title='bbox 1139 1743 1201 1808; x_wconf 89' lang='lat' dir='ltr'><strong>uin·</strong></span> 
     </span>
     <span class='ocr_line' id='line_1_15' title="bbox 44 1844 1201 1933; baseline 0.001 -22"><span class='ocrx_word' id='word_1_138' title='bbox 44 1849 145 1933; x_wconf 89' lang='lat' dir='ltr'><strong>gitur,</strong></span> <span class='ocrx_word' id='word_1_139' title='bbox 177 1846 223 1910; x_wconf 92' lang='lat' dir='ltr'><strong>dei</strong></span> <span class='ocrx_word' id='word_1_140' title='bbox 242 1844 463 1930; x_wconf 83' lang='lat' dir='ltr'><strong>appellationem</strong></span> <span class='ocrx_word' id='word_1_141' title='bbox 484 1853 629 1922; x_wconf 88' lang='lat' dir='ltr'><strong>meretur,</strong></span> <span class='ocrx_word' id='word_1_142' title='bbox 659 1845 711 1908; x_wconf 89' lang='lat' dir='ltr'><strong>sed</strong></span> <span class='ocrx_word' id='word_1_143' title='bbox 726 1845 849 1930; x_wconf 91' lang='lat' dir='ltr'><strong>spatium</strong></span> <span class='ocrx_word' id='word_1_144' title='bbox 867 1846 935 1910; x_wconf 90' lang='lat' dir='ltr'><strong>illud</strong></span> <span class='ocrx_word' id='word_1_145' title='bbox 952 1845 1050 1931; x_wconf 87' lang='lat' dir='ltr'><strong>utique</strong></span> <span class='ocrx_word' id='word_1_146' title='bbox 1066 1867 1123 1931; x_wconf 91' lang='lat' dir='ltr'><strong>qno</strong></span> <span class='ocrx_word' id='word_1_147' title='bbox 1138 1845 1201 1912; x_wconf 87' lang='lat' dir='ltr'><strong>suis</strong></span> 
     </span>
     <span class='ocr_line' id='line_1_16' title="bbox 45 1945 1278 2035; baseline -0.002 -20"><span class='ocrx_word' id='word_1_148' title='bbox 45 1955 143 2035; x_wconf 87' lang='lat' dir='ltr'><strong>ipsum</strong></span> <span class='ocrx_word' id='word_1_149' title='bbox 160 1947 299 2013; x_wconf 87' lang='lat' dir='ltr'><strong>limitibus</strong></span> <span class='ocrx_word' id='word_1_150' title='bbox 315 1945 525 2031; x_wconf 88' lang='lat' dir='ltr'><strong>oompleotitur.</strong></span> <span class='ocrx_word' id='word_1_151' title='bbox 572 1945 689 2010; x_wconf 78' lang='lat' dir='ltr'><strong>Atenim</strong></span> <span class='ocrx_word' id='word_1_152' title='bbox 708 1968 772 2010; x_wconf 91' lang='lat' dir='ltr'><strong>oum</strong></span> <span class='ocrx_word' id='word_1_153' title='bbox 788 1947 918 2012; x_wconf 93' lang='lat' dir='ltr'><strong>inunum</strong></span> <span class='ocrx_word' id='word_1_154' title='bbox 935 1948 1092 2028; x_wconf 85' lang='lat' dir='ltr'><strong>coiissent,</strong></span> <span class='ocrx_word' id='word_1_155' title='bbox 1116 1969 1202 2034; x_wconf 84' lang='lat' dir='ltr'><strong>sepa·</strong></span> <span class='ocrx_word' id='word_1_156' title='bbox 1272 1961 1278 1972; x_wconf 86' lang='lat'>&#39;</span> 
     </span>
     <span class='ocr_line' id='line_1_17' title="bbox 45 2049 1202 2136; baseline 0 -19"><span class='ocrx_word' id='word_1_157' title='bbox 45 2054 106 2118; x_wconf 90' lang='lat' dir='ltr'><strong>rati</strong></span> <span class='ocrx_word' id='word_1_158' title='bbox 121 2061 222 2136; x_wconf 86' lang='lat' dir='ltr'><strong>postea</strong></span> <span class='ocrx_word' id='word_1_159' title='bbox 239 2051 325 2113; x_wconf 85' lang='lat' dir='ltr'><strong>sedes</strong></span> <span class='ocrx_word' id='word_1_160' title='bbox 342 2069 411 2113; x_wconf 87' lang='lat' dir='ltr'><strong>suas</strong></span> <span class='ocrx_word' id='word_1_161' title='bbox 428 2058 623 2132; x_wconf 89' lang='lat' dir='ltr'><strong>ooonporuut,</strong></span> <span class='ocrx_word' id='word_1_162' title='bbox 655 2071 689 2112; x_wconf 89' lang='lat' dir='ltr'><strong>no</strong></span> <span class='ocrx_word' id='word_1_163' title='bbox 707 2049 822 2136; x_wconf 89' lang='lat' dir='ltr'><strong>propria</strong></span> <span class='ocrx_word' id='word_1_164' title='bbox 838 2051 960 2136; x_wconf 88' lang='lat' dir='ltr'><strong>quisque</strong></span> <span class='ocrx_word' id='word_1_165' title='bbox 978 2063 1133 2116; x_wconf 81' lang='lat' dir='ltr'><strong>contentus</strong></span> <span class='ocrx_word' id='word_1_166' title='bbox 1149 2072 1202 2117; x_wconf 86' lang='lat' dir='ltr'><strong>no·</strong></span> 
     </span>
     <span class='ocr_line' id='line_1_18' title="bbox 46 2149 1202 2241; baseline -0.001 -22"><span class='ocrx_word' id='word_1_167' title='bbox 46 2175 193 2241; x_wconf 85' lang='lat' dir='ltr'><strong>quaquam</strong></span> <span class='ocrx_word' id='word_1_168' title='bbox 220 2151 330 2217; x_wconf 87' lang='lat' dir='ltr'><strong>invadit</strong></span> <span class='ocrx_word' id='word_1_169' title='bbox 351 2151 380 2214; x_wconf 93' lang='lat' dir='ltr'><strong>iu</strong></span> <span class='ocrx_word' id='word_1_170' title='bbox 405 2151 546 2230; x_wconf 88' lang='lat' dir='ltr'><strong>alterum,</strong></span> <span class='ocrx_word' id='word_1_171' title='bbox 581 2161 631 2216; x_wconf 94' lang='lat' dir='ltr'><strong>aut</strong></span> <span class='ocrx_word' id='word_1_172' title='bbox 651 2151 870 2237; x_wconf 89' lang='lat' dir='ltr'><strong>impressionem</strong></span> <span class='ocrx_word' id='word_1_173' title='bbox 897 2153 977 2216; x_wconf 84' lang='lat' dir='ltr'><strong>lauit.</strong></span> <span class='ocrx_word' id='word_1_174' title='bbox 1024 2149 1116 2240; x_wconf 79' lang='lat' dir='ltr'><strong>igitur</strong></span> <span class='ocrx_word' id='word_1_175' title='bbox 1142 2177 1202 2220; x_wconf 83' lang='lat' dir='ltr'><strong>nonu</strong></span> 
     </span>
     <span class='ocr_line' id='line_1_19' title="bbox 45 2251 1201 2343; baseline 0.001 -21"><span class='ocrx_word' id='word_1_176' title='bbox 45 2258 173 2343; x_wconf 86' lang='lat' dir='ltr'><strong>amplius</strong></span> <span class='ocrx_word' id='word_1_177' title='bbox 192 2254 339 2320; x_wconf 75' lang='lat' dir='ltr'><strong>contraria</strong></span> <span class='ocrx_word' id='word_1_178' title='bbox 357 2253 482 2317; x_wconf 88' lang='lat' dir='ltr'><strong>invioem</strong></span> <span class='ocrx_word' id='word_1_179' title='bbox 502 2264 588 2317; x_wconf 92' lang='lat' dir='ltr'><strong>eruut</strong></span> <span class='ocrx_word' id='word_1_180' title='bbox 601 2253 649 2316; x_wconf 91' lang='lat' dir='ltr'><strong>illa</strong></span> <span class='ocrx_word' id='word_1_181' title='bbox 668 2251 832 2339; x_wconf 83' lang='lat' dir='ltr'><strong>Principia,</strong></span> <span class='ocrx_word' id='word_1_182' title='bbox 866 2275 919 2318; x_wconf 91' lang='lat' dir='ltr'><strong>neo</strong></span> <span class='ocrx_word' id='word_1_183' title='bbox 938 2255 1027 2320; x_wconf 88' lang='lat' dir='ltr'><strong>ullum</strong></span> <span class='ocrx_word' id='word_1_184' title='bbox 1050 2273 1117 2322; x_wconf 83' lang='lat' dir='ltr'><strong>es&#39;se</strong></span> <span class='ocrx_word' id='word_1_185' title='bbox 1140 2277 1201 2322; x_wconf 89' lang='lat' dir='ltr'><strong>ma·</strong></span> 
     </span>
     <span class='ocr_line' id='line_1_20' title="bbox 47 2356 1202 2444; baseline -0.001 -19"><span class='ocrx_word' id='word_1_186' title='bbox 47 2361 110 2425; x_wconf 92' lang='lat' dir='ltr'><strong>lum</strong></span> <span class='ocrx_word' id='word_1_187' title='bbox 128 2357 251 2444; x_wconf 89' lang='lat' dir='ltr'><strong>poterit,</strong></span> <span class='ocrx_word' id='word_1_188' title='bbox 276 2379 340 2420; x_wconf 85' lang='lat' dir='ltr'><strong>eum</strong></span> <span class='ocrx_word' id='word_1_189' title='bbox 354 2377 424 2420; x_wconf 87' lang='lat' dir='ltr'><strong>suas</strong></span> <span class='ocrx_word' id='word_1_190' title='bbox 441 2377 489 2420; x_wconf 86' lang='lat' dir='ltr'><strong>res</strong></span> <span class='ocrx_word' id='word_1_191' title='bbox 505 2356 628 2420; x_wconf 83' lang='lat' dir='ltr'><strong>comiter</strong></span> <span class='ocrx_word' id='word_1_192' title='bbox 642 2377 681 2420; x_wconf 86' lang='lat' dir='ltr'><strong>ex</strong></span> <span class='ocrx_word' id='word_1_193' title='bbox 697 2379 790 2441; x_wconf 89' lang='lat' dir='ltr'><strong>aequo</strong></span> <span class='ocrx_word' id='word_1_194' title='bbox 806 2358 939 2441; x_wconf 89' lang='lat' dir='ltr'><strong>bonoque</strong></span> <span class='ocrx_word' id='word_1_195' title='bbox 956 2379 989 2422; x_wconf 86' lang='lat' dir='ltr'><strong>ao</strong></span> <span class='ocrx_word' id='word_1_196' title='bbox 1004 2380 1116 2424; x_wconf 87' lang='lat' dir='ltr'><strong>summa</strong></span> <span class='ocrx_word' id='word_1_197' title='bbox 1132 2381 1202 2424; x_wconf 89' lang='lat' dir='ltr'><strong>uou-</strong></span> 
     </span>
     <span class='ocr_line' id='line_1_21' title="bbox 48 2457 1203 2546; baseline 0 -20"><span class='ocrx_word' id='word_1_198' title='bbox 48 2461 161 2526; x_wconf 86' lang='lat' dir='ltr'><strong>stantia</strong></span> <span class='ocrx_word' id='word_1_199' title='bbox 177 2461 360 2536; x_wconf 86' lang='lat' dir='ltr'><strong>moderetur,</strong></span> <span class='ocrx_word' id='word_1_200' title='bbox 393 2479 447 2522; x_wconf 88' lang='lat' dir='ltr'><strong>neo</strong></span> <span class='ocrx_word' id='word_1_201' title='bbox 462 2459 535 2522; x_wconf 92' lang='lat' dir='ltr'><strong>ultra</strong></span> <span class='ocrx_word' id='word_1_202' title='bbox 556 2460 691 2544; x_wconf 82' lang='lat' dir='ltr'><strong>progredi</strong></span> <span class='ocrx_word' id='word_1_203' title='bbox 710 2481 794 2544; x_wconf 92' lang='lat' dir='ltr'><strong>qnam</strong></span> <span class='ocrx_word' id='word_1_204' title='bbox 811 2459 909 2524; x_wconf 87' lang='lat' dir='ltr'><strong>lussit</strong></span> <span class='ocrx_word' id='word_1_205' title='bbox 927 2471 1055 2546; x_wconf 89' lang='lat' dir='ltr'><strong>appetat.</strong></span> <span class='ocrx_word' id='word_1_206' title='bbox 1102 2457 1162 2526; x_wconf 89' lang='lat' dir='ltr'><strong>Sed</strong></span> <span class='ocrx_word' id='word_1_207' title='bbox 1176 2461 1203 2526; x_wconf 88' lang='lat' dir='ltr'><strong>si</strong></span> 
     </span>
     <span class='ocr_line' id='line_1_22' title="bbox 48 2559 1203 2648; baseline -0.002 -18"><span class='ocrx_word' id='word_1_208' title='bbox 48 2563 153 2630; x_wconf 83' lang='lat' dir='ltr'><strong>Malus</strong></span> <span class='ocrx_word' id='word_1_209' title='bbox 170 2583 186 2625; x_wconf 93' lang='lat' dir='ltr'><strong>a</strong></span> <span class='ocrx_word' id='word_1_210' title='bbox 202 2583 340 2648; x_wconf 86' lang='lat' dir='ltr'><strong>supremo</strong></span> <span class='ocrx_word' id='word_1_211' title='bbox 355 2560 481 2625; x_wconf 83' lang='lat' dir='ltr'><strong>uincitur</strong></span> <span class='ocrx_word' id='word_1_212' title='bbox 498 2581 532 2624; x_wconf 86' lang='lat' dir='ltr'><strong>au</strong></span> <span class='ocrx_word' id='word_1_213' title='bbox 552 2561 696 2626; x_wconf 83' lang='lat' dir='ltr'><strong>uiolenter</strong></span> <span class='ocrx_word' id='word_1_214' title='bbox 711 2559 899 2647; x_wconf 86' lang='lat' dir='ltr'><strong>opprimitur,</strong></span> <span class='ocrx_word' id='word_1_215' title='bbox 923 2584 987 2626; x_wconf 86' lang='lat' dir='ltr'><strong>oum</strong></span> <span class='ocrx_word' id='word_1_216' title='bbox 1005 2573 1034 2626; x_wconf 94' lang='lat' dir='ltr'><strong>et</strong></span> <span class='ocrx_word' id='word_1_217' title='bbox 1049 2563 1084 2627; x_wconf 86' lang='lat' dir='ltr'><strong>ab</strong></span> <span class='ocrx_word' id='word_1_218' title='bbox 1101 2583 1138 2626; x_wconf 92' lang='lat' dir='ltr'><strong>eo</strong></span> <span class='ocrx_word' id='word_1_219' title='bbox 1155 2583 1203 2628; x_wconf 87' lang='lat' dir='ltr'><strong>se·</strong></span> 
     </span>
     <span class='ocr_line' id='line_1_23' title="bbox 48 2659 1203 2751; baseline -0.003 -20"><span class='ocrx_word' id='word_1_220' title='bbox 48 2671 170 2732; x_wconf 89' lang='lat' dir='ltr'><strong>innotus</strong></span> <span class='ocrx_word' id='word_1_221' title='bbox 187 2665 225 2728; x_wconf 82' lang='lat' dir='ltr'><strong>sit</strong></span> <span class='ocrx_word' id='word_1_222' title='bbox 243 2675 273 2728; x_wconf 88' lang='lat' dir='ltr'><strong>et</strong></span> <span class='ocrx_word' id='word_1_223' title='bbox 289 2663 432 2748; x_wconf 89' lang='lat' dir='ltr'><strong>propriam</strong></span> <span class='ocrx_word' id='word_1_224' title='bbox 450 2663 549 2726; x_wconf 83' lang='lat' dir='ltr'><strong>sedem</strong></span> <span class='ocrx_word' id='word_1_225' title='bbox 567 2663 714 2742; x_wconf 87' lang='lat' dir='ltr'><strong>obtineat,</strong></span> <span class='ocrx_word' id='word_1_226' title='bbox 746 2685 820 2747; x_wconf 86' lang='lat' dir='ltr'><strong>quae</strong></span> <span class='ocrx_word' id='word_1_227' title='bbox 839 2659 914 2726; x_wconf 89' lang='lat' dir='ltr'><strong>Boni</strong></span> <span class='ocrx_word' id='word_1_228' title='bbox 930 2664 1007 2729; x_wconf 83' lang='lat' dir='ltr'><strong>illius</strong></span> <span class='ocrx_word' id='word_1_229' title='bbox 1023 2686 1058 2728; x_wconf 91' lang='lat' dir='ltr'><strong>ao</strong></span> <span class='ocrx_word' id='word_1_230' title='bbox 1074 2665 1203 2751; x_wconf 83' lang='lat' dir='ltr'><strong>supremi</strong></span> 
     </span>
     <span class='ocr_line' id='line_1_24' title="bbox 48 2764 1203 2849; baseline -0.001 -16"><span class='ocrx_word' id='word_1_231' title='bbox 48 2769 124 2834; x_wconf 89' lang='lat' dir='ltr'><strong>nibil</strong></span> <span class='ocrx_word' id='word_1_232' title='bbox 137 2766 267 2846; x_wconf 87' lang='lat' dir='ltr'><strong>intersit,</strong></span> <span class='ocrx_word' id='word_1_233' title='bbox 289 2785 383 2849; x_wconf 87' lang='lat' dir='ltr'><strong>neque</strong></span> <span class='ocrx_word' id='word_1_234' title='bbox 399 2764 551 2848; x_wconf 82' lang='lat' dir='ltr'><strong>quiequam</strong></span> <span class='ocrx_word' id='word_1_235' title='bbox 568 2766 597 2827; x_wconf 91' lang='lat' dir='ltr'><strong>iu</strong></span> <span class='ocrx_word' id='word_1_236' title='bbox 613 2786 648 2829; x_wconf 91' lang='lat' dir='ltr'><strong>ea</strong></span> <span class='ocrx_word' id='word_1_237' title='bbox 665 2785 739 2849; x_wconf 90' lang='lat' dir='ltr'><strong>quae</strong></span> <span class='ocrx_word' id='word_1_238' title='bbox 756 2767 785 2828; x_wconf 92' lang='lat' dir='ltr'><strong>in</strong></span> <span class='ocrx_word' id='word_1_239' title='bbox 802 2765 869 2829; x_wconf 89' lang='lat' dir='ltr'><strong>mali</strong></span> <span class='ocrx_word' id='word_1_240' title='bbox 886 2766 1031 2830; x_wconf 89' lang='lat' dir='ltr'><strong>domioilio</strong></span> <span class='ocrx_word' id='word_1_241' title='bbox 1047 2777 1115 2832; x_wconf 87' lang='lat' dir='ltr'><strong>sunt</strong></span> <span class='ocrx_word' id='word_1_242' title='bbox 1131 2767 1203 2832; x_wconf 86' lang='lat' dir='ltr'><strong>iuris</strong></span> 
     </span>
     <span class='ocr_line' id='line_1_25' title="bbox 49 2866 1204 2954; baseline -0.002 -19"><span class='ocrx_word' id='word_1_243' title='bbox 49 2872 175 2948; x_wconf 88' lang='lat' dir='ltr'><strong>babeat,</strong></span> <span class='ocrx_word' id='word_1_244' title='bbox 207 2866 368 2954; x_wconf 80' lang='lat' dir='ltr'><strong>tyrannicis</strong></span> <span class='ocrx_word' id='word_1_245' title='bbox 386 2866 478 2950; x_wconf 78' lang='lat' dir='ltr'><strong>magis</strong></span> <span class='ocrx_word' id='word_1_246' title='bbox 498 2868 554 2929; x_wconf 87' lang='lat' dir='ltr'><strong>erit</strong></span> <span class='ocrx_word' id='word_1_247' title='bbox 572 2866 702 2932; x_wconf 88' lang='lat' dir='ltr'><strong>moribus</strong></span> <span class='ocrx_word' id='word_1_248' title='bbox 721 2888 875 2952; x_wconf 86' lang='lat' dir='ltr'><strong>supremus</strong></span> <span class='ocrx_word' id='word_1_249' title='bbox 893 2869 942 2932; x_wconf 91' lang='lat' dir='ltr'><strong>ille</strong></span> <span class='ocrx_word' id='word_1_250' title='bbox 958 2867 1134 2953; x_wconf 85' lang='lat' dir='ltr'><strong>minimeque</strong></span> <span class='ocrx_word' id='word_1_251' title='bbox 1151 2870 1204 2933; x_wconf 95' lang='lat' dir='ltr'><strong>bo-</strong></span> 
     </span>
     <span class='ocr_line' id='line_1_26' title="bbox 49 2964 1203 3056; baseline -0.002 -18"><span class='ocrx_word' id='word_1_252' title='bbox 49 2995 120 3051; x_wconf 86' lang='lat' dir='ltr'><strong>nus,</strong></span> <span class='ocrx_word' id='word_1_253' title='bbox 146 2972 194 3056; x_wconf 92' lang='lat' dir='ltr'><strong>qui</strong></span> <span class='ocrx_word' id='word_1_254' title='bbox 212 2971 299 3034; x_wconf 86' lang='lat' dir='ltr'><strong>lilium</strong></span> <span class='ocrx_word' id='word_1_255' title='bbox 316 2990 412 3046; x_wconf 86' lang='lat' dir='ltr'><strong>suum,</strong></span> <span class='ocrx_word' id='word_1_256' title='bbox 436 2988 539 3053; x_wconf 89' lang='lat' dir='ltr'><strong>nempe</strong></span> <span class='ocrx_word' id='word_1_257' title='bbox 554 2964 717 3047; x_wconf 85' lang='lat' dir='ltr'><strong>Christum,</strong></span> <span class='ocrx_word' id='word_1_258' title='bbox 741 2970 864 3049; x_wconf 88' lang='lat' dir='ltr'><strong>miserit,</strong></span> <span class='ocrx_word' id='word_1_259' title='bbox 884 2982 915 3035; x_wconf 93' lang='lat' dir='ltr'><strong>ut</strong></span> <span class='ocrx_word' id='word_1_260' title='bbox 928 2983 1082 3056; x_wconf 89' lang='lat' dir='ltr'><strong>usurparet</strong></span> <span class='ocrx_word' id='word_1_261' title='bbox 1095 2970 1203 3036; x_wconf 90' lang='lat' dir='ltr'><strong>aliena.</strong></span> 
     </span>
     <span class='ocr_line' id='line_1_27' title="bbox 51 3069 1205 3160; baseline -0.002 -20"><span class='ocrx_word' id='word_1_262' title='bbox 51 3075 123 3160; x_wconf 81' lang='lat' dir='ltr'><strong>Quo</strong></span> <span class='ocrx_word' id='word_1_263' title='bbox 140 3073 255 3156; x_wconf 88' lang='lat' dir='ltr'><strong>quidem</strong></span> <span class='ocrx_word' id='word_1_264' title='bbox 272 3071 442 3149; x_wconf 90' lang='lat' dir='ltr'><strong>oonstituto,</strong></span> <span class='ocrx_word' id='word_1_265' title='bbox 463 3069 511 3132; x_wconf 92' lang='lat' dir='ltr'><strong>ubi</strong></span> <span class='ocrx_word' id='word_1_266' title='bbox 529 3069 577 3134; x_wconf 88' lang='lat' dir='ltr'><strong>ille</strong></span> <span class='ocrx_word' id='word_1_267' title='bbox 594 3069 734 3135; x_wconf 88' lang='lat' dir='ltr'><strong>terminus</strong></span> <span class='ocrx_word' id='word_1_268' title='bbox 751 3070 807 3136; x_wconf 89' lang='lat' dir='ltr'><strong>erit</strong></span> <span class='ocrx_word' id='word_1_269' title='bbox 823 3093 840 3136; x_wconf 90' lang='lat' dir='ltr'><strong>a</strong></span> <span class='ocrx_word' id='word_1_270' title='bbox 858 3093 915 3155; x_wconf 92' lang='lat' dir='ltr'><strong>quo</strong></span> <span class='ocrx_word' id='word_1_271' title='bbox 932 3093 970 3136; x_wconf 86' lang='lat' dir='ltr'><strong>ex</strong></span> <span class='ocrx_word' id='word_1_272' title='bbox 987 3074 1154 3158; x_wconf 87' lang='lat' dir='ltr'><strong>imposturis</strong></span> <span class='ocrx_word' id='word_1_273' title='bbox 1170 3073 1205 3138; x_wconf 87' lang='lat' dir='ltr'><strong>it·</strong></span> 
     </span>
     <span class='ocr_line' id='line_1_28' title="bbox 49 3169 1204 3262; baseline -0.004 -19"><span class='ocrx_word' id='word_1_274' title='bbox 49 3180 108 3243; x_wconf 84' lang='lat' dir='ltr'><strong>lius</strong></span> <span class='ocrx_word' id='word_1_275' title='bbox 127 3175 264 3262; x_wconf 89' lang='lat' dir='ltr'><strong>opinione</strong></span> <span class='ocrx_word' id='word_1_276' title='bbox 280 3173 336 3237; x_wconf 90' lang='lat' dir='ltr'><strong>tria</strong></span> <span class='ocrx_word' id='word_1_277' title='bbox 353 3182 421 3236; x_wconf 85' lang='lat' dir='ltr'><strong>sunt</strong></span> <span class='ocrx_word' id='word_1_278' title='bbox 436 3173 484 3236; x_wconf 92' lang='lat' dir='ltr'><strong>illa</strong></span> <span class='ocrx_word' id='word_1_279' title='bbox 500 3169 648 3257; x_wconf 82' lang='lat' dir='ltr'><strong>Principia</strong></span> <span class='ocrx_word' id='word_1_280' title='bbox 663 3175 817 3257; x_wconf 78' lang='lat' dir='ltr'><strong>separata?</strong></span> <span class='ocrx_word' id='word_1_281' title='bbox 861 3171 1053 3255; x_wconf 81' lang='lat' dir='ltr'><strong>Quaerendae</strong></span> <span class='ocrx_word' id='word_1_282' title='bbox 1070 3173 1204 3238; x_wconf 89' lang='lat' dir='ltr'><strong>nimirum</strong></span> 
     </span>
     <span class='ocr_line' id='line_1_29' title="bbox 52 3261 1204 3364; baseline -0.006 -17"><span class='ocrx_word' id='word_1_283' title='bbox 52 3281 109 3346; x_wconf 89' lang='lat' dir='ltr'><strong>erit</strong></span> <span class='ocrx_word' id='word_1_284' title='bbox 126 3287 246 3364; x_wconf 84' lang='lat' dir='ltr'><strong>quartus</strong></span> <span class='ocrx_word' id='word_1_285' title='bbox 264 3273 367 3358; x_wconf 85' lang='lat' dir='ltr'><strong>aliquis</strong></span> <span class='ocrx_word' id='word_1_286' title='bbox 384 3275 596 3358; x_wconf 86' lang='lat' dir='ltr'><strong>aequissimus,</strong></span> <span class='ocrx_word' id='word_1_287' title='bbox 621 3295 655 3338; x_wconf 88' lang='lat' dir='ltr'><strong>au</strong></span> <span class='ocrx_word' id='word_1_288' title='bbox 674 3275 765 3338; x_wconf 91' lang='lat' dir='ltr'><strong>tribus</strong></span> <span class='ocrx_word' id='word_1_289' title='bbox 782 3275 960 3360; x_wconf 84' lang='lat' dir='ltr'><strong>sapientior,</strong></span> <span class='ocrx_word' id='word_1_290' title='bbox 984 3261 1204 3340; x_wconf 45' lang='lat' dir='ltr'><strong>velnt‘limitum</strong></span> 
     </span>
     <span class='ocr_line' id='line_1_30' title="bbox 51 3377 1205 3464; baseline -0.004 -17"><span class='ocrx_word' id='word_1_291' title='bbox 51 3383 212 3464; x_wconf 82' lang='lat' dir='ltr'><strong>finiumque</strong></span> <span class='ocrx_word' id='word_1_292' title='bbox 227 3377 422 3461; x_wconf 80' lang='lat' dir='ltr'><strong>regundorum</strong></span> <span class='ocrx_word' id='word_1_293' title='bbox 439 3377 566 3461; x_wconf 87' lang='lat' dir='ltr'><strong>peritus,</strong></span> <span class='ocrx_word' id='word_1_294' title='bbox 591 3377 637 3461; x_wconf 91' lang='lat' dir='ltr'><strong>qni</strong></span> <span class='ocrx_word' id='word_1_295' title='bbox 654 3397 736 3440; x_wconf 79' lang='lat' dir='ltr'><strong>sunum</strong></span> <span class='ocrx_word' id='word_1_296' title='bbox 752 3378 855 3462; x_wconf 85' lang='lat' dir='ltr'><strong>unique</strong></span> <span class='ocrx_word' id='word_1_297' title='bbox 873 3379 987 3442; x_wconf 89' lang='lat' dir='ltr'><strong>modum</strong></span> <span class='ocrx_word' id='word_1_298' title='bbox 1004 3378 1146 3458; x_wconf 83' lang='lat' dir='ltr'><strong>attribuit,</strong></span> <span class='ocrx_word' id='word_1_299' title='bbox 1170 3401 1205 3443; x_wconf 89' lang='lat' dir='ltr'><strong>ao</strong></span> 
     </span>
     <span class='ocr_line' id='line_1_31' title="bbox 54 3478 1203 3568; baseline -0.005 -20"><span class='ocrx_word' id='word_1_300' title='bbox 54 3505 156 3568; x_wconf 88' lang='lat' dir='ltr'><strong>paoem</strong></span> <span class='ocrx_word' id='word_1_301' title='bbox 179 3481 256 3544; x_wconf 89' lang='lat' dir='ltr'><strong>intur</strong></span> <span class='ocrx_word' id='word_1_302' title='bbox 277 3479 343 3542; x_wconf 88' lang='lat' dir='ltr'><strong>illos</strong></span> <span class='ocrx_word' id='word_1_303' title='bbox 364 3478 520 3556; x_wconf 81' lang='lat' dir='ltr'><strong>stabilivit,</strong></span> <span class='ocrx_word' id='word_1_304' title='bbox 553 3489 584 3542; x_wconf 90' lang='lat' dir='ltr'><strong>ut</strong></span> <span class='ocrx_word' id='word_1_305' title='bbox 605 3499 641 3542; x_wconf 94' lang='lat' dir='ltr'><strong>ne</strong></span> <span class='ocrx_word' id='word_1_306' title='bbox 663 3479 785 3564; x_wconf 81' lang='lat' dir='ltr'><strong>arnnplius</strong></span> <span class='ocrx_word' id='word_1_307' title='bbox 807 3501 823 3542; x_wconf 91' lang='lat' dir='ltr'><strong>a</strong></span> <span class='ocrx_word' id='word_1_308' title='bbox 845 3500 878 3544; x_wconf 89' lang='lat' dir='ltr'><strong>se</strong></span> <span class='ocrx_word' id='word_1_309' title='bbox 897 3490 996 3544; x_wconf 87' lang='lat' dir='ltr'><strong>mutuo</strong></span> <span class='ocrx_word' id='word_1_310' title='bbox 1016 3479 1203 3561; x_wconf 91' lang='lat' dir='ltr'><strong>dissiderent,</strong></span> 
     </span>
     <span class='ocr_line' id='line_1_32' title="bbox 53 3581 1204 3667; baseline 0 -17"><span class='ocrx_word' id='word_1_311' title='bbox 53 3598 102 3650; x_wconf 88' lang='lat' dir='ltr'><strong>aut</strong></span> <span class='ocrx_word' id='word_1_312' title='bbox 119 3585 196 3648; x_wconf 83' lang='lat' dir='ltr'><strong>alter</strong></span> <span class='ocrx_word' id='word_1_313' title='bbox 210 3581 351 3646; x_wconf 83' lang='lat' dir='ltr'><strong>satellites</strong></span> <span class='ocrx_word' id='word_1_314' title='bbox 374 3600 443 3644; x_wconf 88' lang='lat' dir='ltr'><strong>suos</strong></span> <span class='ocrx_word' id='word_1_315' title='bbox 461 3581 489 3644; x_wconf 92' lang='lat' dir='ltr'><strong>in</strong></span> <span class='ocrx_word' id='word_1_316' title='bbox 506 3581 659 3645; x_wconf 88' lang='lat' dir='ltr'><strong>stationem</strong></span> <span class='ocrx_word' id='word_1_317' title='bbox 676 3581 797 3646; x_wconf 88' lang='lat' dir='ltr'><strong>alterius</strong></span> <span class='ocrx_word' id='word_1_318' title='bbox 815 3581 994 3647; x_wconf 86' lang='lat' dir='ltr'><strong>immitteret.</strong></span> <span class='ocrx_word' id='word_1_319' title='bbox 1040 3584 1139 3667; x_wconf 80' lang='lat' dir='ltr'><strong>Atque</strong></span> <span class='ocrx_word' id='word_1_320' title='bbox 1156 3583 1204 3650; x_wconf 84' lang='lat' dir='ltr'><strong>illo</strong></span> 
     </span>
     <span class='ocr_line' id='line_1_33' title="bbox 55 3679 1204 3773; baseline -0.003 -20"><span class='ocrx_word' id='word_1_321' title='bbox 55 3689 171 3773; x_wconf 89' lang='lat' dir='ltr'><strong>quidem</strong></span> <span class='ocrx_word' id='word_1_322' title='bbox 189 3703 259 3769; x_wconf 86' lang='lat' dir='ltr'><strong>pene</strong></span> <span class='ocrx_word' id='word_1_323' title='bbox 276 3681 352 3747; x_wconf 93' lang='lat' dir='ltr'><strong>inte&#39;r</strong></span> <span class='ocrx_word' id='word_1_324' title='bbox 369 3682 424 3744; x_wconf 91' lang='lat' dir='ltr'><strong>tria</strong></span> <span class='ocrx_word' id='word_1_325' title='bbox 439 3679 586 3768; x_wconf 80' lang='lat' dir='ltr'><strong>Principia</strong></span> <span class='ocrx_word' id='word_1_326' title='bbox 601 3683 756 3748; x_wconf 84' lang='lat' dir='ltr'><strong>constituta</strong></span> <span class='ocrx_word' id='word_1_327' title='bbox 772 3695 892 3768; x_wconf 90' lang='lat' dir='ltr'><strong>quartus</strong></span> <span class='ocrx_word' id='word_1_328' title='bbox 908 3683 1124 3765; x_wconf 89' lang='lat' dir='ltr'><strong>numerabitur,</strong></span> <span class='ocrx_word' id='word_1_329' title='bbox 1157 3706 1204 3750; x_wconf 88' lang='lat' dir='ltr'><strong>oe·</strong></span> 
     </span>
     <span class='ocr_line' id='line_1_34' title="bbox 56 3785 1205 3873; baseline 0 -21"><span class='ocrx_word' id='word_1_330' title='bbox 56 3792 128 3854; x_wconf 87' lang='lat' dir='ltr'><strong>teris</strong></span> <span class='ocrx_word' id='word_1_331' title='bbox 150 3785 320 3873; x_wconf 88' lang='lat' dir='ltr'><strong>prudentior</strong></span> <span class='ocrx_word' id='word_1_332' title='bbox 340 3806 374 3850; x_wconf 89' lang='lat' dir='ltr'><strong>ao</strong></span> <span class='ocrx_word' id='word_1_333' title='bbox 395 3785 515 3865; x_wconf 90' lang='lat' dir='ltr'><strong>iustior,</strong></span> <span class='ocrx_word' id='word_1_334' title='bbox 546 3797 577 3848; x_wconf 88' lang='lat' dir='ltr'><strong>et</strong></span> <span class='ocrx_word' id='word_1_335' title='bbox 597 3785 672 3850; x_wconf 90' lang='lat' dir='ltr'><strong>idern</strong></span> <span class='ocrx_word' id='word_1_336' title='bbox 695 3795 791 3848; x_wconf 73' lang='lat' dir='ltr'><strong>mmon</strong></span> <span class='ocrx_word' id='word_1_337' title='bbox 811 3785 873 3869; x_wconf 90' lang='lat' dir='ltr'><strong>ipse</strong></span> <span class='ocrx_word' id='word_1_338' title='bbox 891 3787 1008 3872; x_wconf 88' lang='lat' dir='ltr'><strong>proprio</strong></span> <span class='ocrx_word' id='word_1_339' title='bbox 1026 3807 1060 3850; x_wconf 90' lang='lat' dir='ltr'><strong>ao</strong></span> <span class='ocrx_word' id='word_1_340' title='bbox 1076 3797 1158 3852; x_wconf 87' lang='lat' dir='ltr'><strong>nerto</strong></span> <span class='ocrx_word' id='word_1_341' title='bbox 1176 3787 1205 3852; x_wconf 91' lang='lat' dir='ltr'><strong>iu</strong></span> 
     </span>
     <span class='ocr_line' id='line_1_35' title="bbox 57 3888 1206 3975; baseline -0.002 -21"><span class='ocrx_word' id='word_1_342' title='bbox 57 3891 121 3956; x_wconf 89' lang='lat' dir='ltr'><strong>luoo</strong></span> <span class='ocrx_word' id='word_1_343' title='bbox 145 3889 328 3974; x_wconf 87' lang='lat' dir='ltr'><strong>quaerendus</strong></span> <span class='ocrx_word' id='word_1_344' title='bbox 349 3898 413 3964; x_wconf 87' lang='lat' dir='ltr'><strong>est,</strong></span> <span class='ocrx_word' id='word_1_345' title='bbox 444 3909 459 3950; x_wconf 91' lang='lat' dir='ltr'><strong>u</strong></span> <span class='ocrx_word' id='word_1_346' title='bbox 483 3909 539 3971; x_wconf 91' lang='lat' dir='ltr'><strong>quo</strong></span> <span class='ocrx_word' id='word_1_347' title='bbox 562 3888 647 3952; x_wconf 91' lang='lat' dir='ltr'><strong>trium</strong></span> <span class='ocrx_word' id='word_1_348' title='bbox 666 3888 695 3951; x_wconf 93' lang='lat' dir='ltr'><strong>in</strong></span> <span class='ocrx_word' id='word_1_349' title='bbox 716 3889 840 3951; x_wconf 91' lang='lat' dir='ltr'><strong>medium</strong></span> <span class='ocrx_word' id='word_1_350' title='bbox 858 3910 1032 3975; x_wconf 84' lang='lat' dir='ltr'><strong>progressus</strong></span> <span class='ocrx_word' id='word_1_351' title='bbox 1051 3889 1206 3974; x_wconf 82' lang='lat' dir='ltr'><strong>unicnique</strong></span> 
     </span>
     <span class='ocr_line' id='line_1_36' title="bbox 59 3989 1206 4076; baseline -0.002 -20"><span class='ocrx_word' id='word_1_352' title='bbox 59 4005 168 4076; x_wconf 89' lang='lat' dir='ltr'><strong>partem</strong></span> <span class='ocrx_word' id='word_1_353' title='bbox 185 4011 266 4056; x_wconf 90' lang='lat' dir='ltr'><strong>suam</strong></span> <span class='ocrx_word' id='word_1_354' title='bbox 284 3989 358 4054; x_wconf 85' lang='lat' dir='ltr'><strong>suite</strong></span> <span class='ocrx_word' id='word_1_355' title='bbox 373 4011 408 4052; x_wconf 86' lang='lat' dir='ltr'><strong>ao</strong></span> <span class='ocrx_word' id='word_1_356' title='bbox 426 3989 518 4075; x_wconf 89' lang='lat' dir='ltr'><strong>perite</strong></span> <span class='ocrx_word' id='word_1_357' title='bbox 535 3989 685 4069; x_wconf 90' lang='lat' dir='ltr'><strong>tribuerit,</strong></span> <span class='ocrx_word' id='word_1_358' title='bbox 710 4011 746 4053; x_wconf 92' lang='lat' dir='ltr'><strong>ue</strong></span> <span class='ocrx_word' id='word_1_359' title='bbox 765 4001 862 4054; x_wconf 92' lang='lat' dir='ltr'><strong>mutuo</strong></span> <span class='ocrx_word' id='word_1_360' title='bbox 878 3991 934 4053; x_wconf 88' lang='lat' dir='ltr'><strong>sibi</strong></span> <span class='ocrx_word' id='word_1_361' title='bbox 950 3991 1084 4054; x_wconf 90' lang='lat' dir='ltr'><strong>iniuriam</strong></span> <span class='ocrx_word' id='word_1_362' title='bbox 1098 3991 1206 4076; x_wconf 91' lang='lat' dir='ltr'><strong>impor-</strong></span> 
     </span>
    </p>
   </div>
   <div class='ocr_carea' id='block_1_3' title="bbox 35 4090 1209 4691">
    <p class='ocr_par' dir='ltr' id='par_1_3' title="bbox 35 4090 1209 4691">
     <span class='ocr_line' id='line_1_37' title="bbox 59 4090 1206 4180; baseline -0.001 -24"><span class='ocrx_word' id='word_1_363' title='bbox 59 4105 166 4158; x_wconf 90' lang='lat' dir='ltr'><strong>tarent.</strong></span> <span class='ocrx_word' id='word_1_364' title='bbox 212 4091 273 4156; x_wconf 85' lang='lat' dir='ltr'><strong>lam</strong></span> <span class='ocrx_word' id='word_1_365' title='bbox 288 4112 359 4154; x_wconf 84' lang='lat' dir='ltr'><strong>veru</strong></span> <span class='ocrx_word' id='word_1_366' title='bbox 375 4091 399 4153; x_wconf 90' lang='lat' dir='ltr'><strong>si</strong></span> <span class='ocrx_word' id='word_1_367' title='bbox 415 4092 444 4153; x_wconf 92' lang='lat' dir='ltr'><strong>in</strong></span> <span class='ocrx_word' id='word_1_368' title='bbox 461 4093 558 4171; x_wconf 87' lang='lat' dir='ltr'><strong>nnius,</strong></span> <span class='ocrx_word' id='word_1_369' title='bbox 584 4103 649 4178; x_wconf 90' lang='lat' dir='ltr'><strong>puta</strong></span> <span class='ocrx_word' id='word_1_370' title='bbox 666 4092 820 4173; x_wconf 82' lang='lat' dir='ltr'><strong>creatoris,</strong></span> <span class='ocrx_word' id='word_1_371' title='bbox 845 4093 1032 4180; x_wconf 88' lang='lat' dir='ltr'><strong>possessione</strong></span> <span class='ocrx_word' id='word_1_372' title='bbox 1048 4094 1105 4156; x_wconf 93' lang='lat' dir='ltr'><strong>duo</strong></span> <span class='ocrx_word' id='word_1_373' title='bbox 1121 4090 1206 4156; x_wconf 89' lang='lat' dir='ltr'><strong>Prin·</strong></span> 
     </span>
     <span class='ocr_line' id='line_1_38' title="bbox 61 4192 1207 4283; baseline 0.001 -25"><span class='ocrx_word' id='word_1_374' title='bbox 61 4197 131 4283; x_wconf 86' lang='lat' dir='ltr'><strong>ulpia</strong></span> <span class='ocrx_word' id='word_1_375' title='bbox 151 4204 323 4272; x_wconf 85' lang='lat' dir='ltr'><strong>versentur,</strong></span> <span class='ocrx_word' id='word_1_376' title='bbox 347 4193 438 4257; x_wconf 86' lang='lat' dir='ltr'><strong>malus</strong></span> <span class='ocrx_word' id='word_1_377' title='bbox 455 4192 601 4272; x_wconf 89' lang='lat' dir='ltr'><strong>nimirum,</strong></span> <span class='ocrx_word' id='word_1_378' title='bbox 627 4193 717 4279; x_wconf 92' lang='lat' dir='ltr'><strong>quiin</strong></span> <span class='ocrx_word' id='word_1_379' title='bbox 736 4196 820 4260; x_wconf 87' lang='lat' dir='ltr'><strong>buius</strong></span> <span class='ocrx_word' id='word_1_380' title='bbox 835 4195 1002 4279; x_wconf 79' lang='lat' dir='ltr'><strong>regionibus</strong></span> <span class='ocrx_word' id='word_1_381' title='bbox 1016 4196 1144 4279; x_wconf 81' lang='lat' dir='ltr'><strong>lorisque</strong></span> <span class='ocrx_word' id='word_1_382' title='bbox 1159 4217 1207 4259; x_wconf 90' lang='lat' dir='ltr'><strong>re·</strong></span> 
     </span>
     <span class='ocr_line' id='line_1_39' title="bbox 35 4289 1206 4381; baseline 0 -21"><span class='ocrx_word' id='word_1_383' title='bbox 35 4289 36 4328; x_wconf 72' lang='lat'>³</span> <span class='ocrx_word' id='word_1_384' title='bbox 62 4301 163 4378; x_wconf 88' lang='lat' dir='ltr'><strong>sideat,</strong></span> <span class='ocrx_word' id='word_1_385' title='bbox 188 4310 218 4362; x_wconf 87' lang='lat' dir='ltr'><strong>ot</strong></span> <span class='ocrx_word' id='word_1_386' title='bbox 232 4319 249 4361; x_wconf 87' lang='lat' dir='ltr'><strong>e</strong></span> <span class='ocrx_word' id='word_1_387' title='bbox 263 4297 339 4360; x_wconf 93' lang='lat' dir='ltr'><strong>bono</strong></span> <span class='ocrx_word' id='word_1_388' title='bbox 352 4294 460 4359; x_wconf 87' lang='lat' dir='ltr'><strong>missos</strong></span> <span class='ocrx_word' id='word_1_389' title='bbox 474 4293 637 4381; x_wconf 85' lang='lat' dir='ltr'><strong>ibidemque</strong></span> <span class='ocrx_word' id='word_1_390' title='bbox 651 4317 833 4361; x_wconf 80' lang='lat' dir='ltr'><strong>commorans</strong></span> <span class='ocrx_word' id='word_1_391' title='bbox 850 4293 999 4376; x_wconf 87' lang='lat' dir='ltr'><strong>Christus,</strong></span> <span class='ocrx_word' id='word_1_392' title='bbox 1023 4317 1206 4381; x_wconf 87' lang='lat' dir='ltr'><strong>oonsequous</strong></span> 
     </span>
     <span class='ocr_line' id='line_1_40' title="bbox 64 4397 1207 4485; baseline 0.001 -24"><span class='ocrx_word' id='word_1_393' title='bbox 64 4413 105 4464; x_wconf 84' lang='lat' dir='ltr'><strong>ost</strong></span> <span class='ocrx_word' id='word_1_394' title='bbox 120 4423 180 4466; x_wconf 95' lang='lat' dir='ltr'><strong>non</strong></span> <span class='ocrx_word' id='word_1_395' title='bbox 196 4399 274 4465; x_wconf 89' lang='lat' dir='ltr'><strong>illum</strong></span> <span class='ocrx_word' id='word_1_396' title='bbox 291 4399 375 4462; x_wconf 89' lang='lat' dir='ltr'><strong>modo</strong></span> <span class='ocrx_word' id='word_1_397' title='bbox 390 4397 514 4464; x_wconf 82' lang='lat' dir='ltr'><strong>iudicem</strong></span> <span class='ocrx_word' id='word_1_398' title='bbox 529 4419 563 4462; x_wconf 87' lang='lat' dir='ltr'><strong>ao</strong></span> <span class='ocrx_word' id='word_1_399' title='bbox 578 4399 774 4479; x_wconf 83' lang='lat' dir='ltr'><strong>conditorem,</strong></span> <span class='ocrx_word' id='word_1_400' title='bbox 805 4399 1024 4464; x_wconf 88' lang='lat' dir='ltr'><strong>sedetbunum</strong></span> <span class='ocrx_word' id='word_1_401' title='bbox 1042 4419 1125 4478; x_wconf 88' lang='lat' dir='ltr'><strong>esse,</strong></span> <span class='ocrx_word' id='word_1_402' title='bbox 1157 4398 1207 4485; x_wconf 91' lang='lat' dir='ltr'><strong>qni</strong></span> 
     </span>
     <span class='ocr_line' id='line_1_41' title="bbox 65 4501 1207 4588; baseline 0.003 -26"><span class='ocrx_word' id='word_1_403' title='bbox 65 4501 202 4567; x_wconf 83' lang='lat' dir='ltr'><strong>ambobus</strong></span> <span class='ocrx_word' id='word_1_404' title='bbox 221 4503 422 4588; x_wconf 85' lang='lat' dir='ltr'><strong>quodcumque</strong></span> <span class='ocrx_word' id='word_1_405' title='bbox 440 4503 514 4587; x_wconf 90' lang='lat' dir='ltr'><strong>apud</strong></span> <span class='ocrx_word' id='word_1_406' title='bbox 537 4519 569 4566; x_wconf 88' lang='lat' dir='ltr'><strong>se</strong></span> <span class='ocrx_word' id='word_1_407' title='bbox 591 4513 731 4587; x_wconf 84' lang='lat' dir='ltr'><strong>cuperent</strong></span> <span class='ocrx_word' id='word_1_408' title='bbox 748 4521 837 4587; x_wconf 85' lang='lat' dir='ltr'><strong>agere</strong></span> <span class='ocrx_word' id='word_1_409' title='bbox 854 4501 1038 4587; x_wconf 87' lang='lat' dir='ltr'><strong>permiserit,</strong></span> <span class='ocrx_word' id='word_1_410' title='bbox 1068 4511 1119 4565; x_wconf 88' lang='lat' dir='ltr'><strong>aut</strong></span> <span class='ocrx_word' id='word_1_411' title='bbox 1136 4523 1207 4566; x_wconf 88' lang='lat' dir='ltr'><strong>saue</strong></span> 
     </span>
     <span class='ocr_line' id='line_1_42' title="bbox 66 4603 1209 4691; baseline 0.002 -23"><span class='ocrx_word' id='word_1_412' title='bbox 66 4623 200 4690; x_wconf 86' lang='lat' dir='ltr'><strong>perquam</strong></span> <span class='ocrx_word' id='word_1_413' title='bbox 219 4605 276 4669; x_wconf 90' lang='lat' dir='ltr'><strong>erit</strong></span> <span class='ocrx_word' id='word_1_414' title='bbox 291 4603 470 4684; x_wconf 84' lang='lat' dir='ltr'><strong>imbecillus,</strong></span> <span class='ocrx_word' id='word_1_415' title='bbox 494 4603 542 4689; x_wconf 93' lang='lat' dir='ltr'><strong>qui</strong></span> <span class='ocrx_word' id='word_1_416' title='bbox 560 4604 720 4669; x_wconf 89' lang='lat' dir='ltr'><strong>alienorum</strong></span> <span class='ocrx_word' id='word_1_417' title='bbox 736 4605 898 4691; x_wconf 86' lang='lat' dir='ltr'><strong>direptores</strong></span> <span class='ocrx_word' id='word_1_418' title='bbox 913 4611 1053 4670; x_wconf 77' lang='lat' dir='ltr'><strong>subruere</strong></span> <span class='ocrx_word' id='word_1_419' title='bbox 1070 4604 1209 4691; x_wconf 85' lang='lat' dir='ltr'><strong>nequive-</strong></span> 
     </span>
    </p>
   </div>
   <div class='ocr_carea' id='block_1_4' title="bbox 934 4707 1004 4778">
    <p class='ocr_par' dir='ltr' id='par_1_4' title="bbox 934 4707 1004 4778">
     <span class='ocr_line' id='line_1_43' title="bbox 934 4707 1004 4778; baseline -0.014 0"><span class='ocrx_word' id='word_1_420' title='bbox 934 4707 1004 4778; x_wconf 81' lang='lat'><strong>³6*</strong></span> 
     </span>
    </p>
   </div>
   <div class='ocr_carea' id='block_1_5' title="bbox 0 0 1533 5024">
    <p class='ocr_par' dir='ltr' id='par_1_5' title="bbox 0 0 1533 5024">
     <span class='ocr_line' id='line_1_44' title="bbox 0 0 1533 5024; baseline 0 0"><span class='ocrx_word' id='word_1_421' title='bbox 0 0 1533 5024; x_wconf 95' lang='lat' dir='ltr'><strong> </strong></span> 
     </span>
    </p>
   </div>
  </div>
 </body>
</html>
