3008 4996
372 289 506 342 Pattfflt
524 290 586 342 ΗΒ.
597 290 617 340 l.
634 290 715 342 ΤΟΜ.
728 291 761 344 ll.
776 291 874 343 ΗΑΕΕ.
889 291 984 344 XXVI.
1197 284 1257 346 175

114 409 185 474 eiam
201 407 340 494 aperiens
353 409 394 472 ita
411 409 544 494 detegam
563 419 594 472 ut
609 409 644 472 ad
662 429 762 473 eorum
779 408 827 493 qui
843 410 914 473 baec
929 421 1032 474 nostra
1047 411 1147 496 legent
1161 415 1260 498 pemi-

17 558 18 583 ,
115 512 186 574 ciem
209 509 306 596 potius
329 531 413 594 quam
436 513 470 574 ad
489 511 720 574 emendationem
740 512 893 574 redundet.
939 509 1088 596 Siquidem
1107 514 1154 577 rel
1172 535 1260 578 aurea

17 629 18 664 t
115 613 190 696 ipsas
210 612 313 696 polluit
334 624 390 676 tam
412 611 541 676 inlicitae
561 611 699 675 audaciae
720 611 750 674 in
772 612 901 676 divinum
923 634 1027 677 uumcu
1049 616 1260 681 contumeliosa

115 713 225 791 series,
256 733 291 778 ac
310 715 358 778 vel
375 713 437 777 sola
454 714 584 778 narratio
601 713 787 797 turpitudinis
804 713 895 799 ipsius
915 722 945 775 et
963 715 1178 782 sordidissimae
1200 719 1261 781 loe·
1391 729 1394 742 '

114 815 210 878 ditatis
225 835 261 878 ao
277 814 435 879 lutulentae
453 815 596 898 flagitiosa
612 813 700 878 ratio.
744 813 822 878 Hinc
837 825 883 878 est
899 817 974 898 quod
991 837 1009 880 a
1026 817 1172 882 norrnullis
1187 818 1261 884 scite

114 917 265 980 admodum
286 914 460 980 Borboriani
483 917 538 980 boo
560 928 606 980 est
627 916 746 980 coenosi
769 915 967 980 nominantur.
1010 918 1071 981 stit
1093 915 1261 984 Coddianos

15 1049 16 1056 ο
116 1028 240 1098 roeautq
271 1019 410 1082 estenim
429 1014 622 1084 Coddaidem
642 1013 857 1103 Syriacequod
876 1017 1026 1102 paropsis,
1058 1031 1109 1083 aut
1127 1022 1259 1098 eatinusq

115 1139 165 1202 pro
184 1139 222 1181 eo
239 1120 314 1203 quod
333 1141 419 1184 nemo
438 1120 582 1184 communi
602 1141 667 1182 cum
684 1120 742 1182 illis
759 1121 799 1182 uti
817 1120 881 1182 cibo
899 1119 1008 1204 possit,
1036 1123 1087 1185 sed
1104 1125 1262 1208 separatim

116 1222 318 1284 contaminatis
340 1222 396 1286 illis
417 1221 522 1306 apponi
545 1221 656 1299 soleat,
688 1241 783 1304 neque
802 1221 950 1304 quisquam
976 1222 1013 1284 ob
1033 1243 1134 1286 eorum
1149 1225 1262 1307 spurei-

119 1323 184 1386 tiem
203 1324 250 1386 rel
269 1344 342 1408 pane
360 1343 423 1386 eum
443 1324 498 1387 illia
514 1323 592 1386 uesci
608 1321 801 1386 communiter
818 1333 915 1406 queat.
961 1319 1056 1404 Quam
1072 1324 1110 1387 ob
1127 1346 1263 1390 caussam

117 1423 162 1506 qni
181 1445 246 1488 cum
266 1425 323 1488 illis
341 1424 486 1501 babitant,
515 1425 596 1486 velut
613 1445 630 1485 a
650 1423 793 1487 cummuni
811 1424 961 1488 consortio
976 1437 1146 1510 segregatos
1161 1437 1263 1512 putan-

118 1534 161 1588 tes
183 1523 352 1589 Coddianos
373 1526 564 1610 appellarunt.
609 1521 699 1588 lidem
720 1545 807 1610 porro
824 1523 971 1590 Militares
989 1527 1018 1588 in
1040 1528 1197 1612 Aegypto,
1227 1549 1262 1592 ae

118 1623 302 1691 Pbibionitae
317 1638 386 1691 surrt
400 1626 480 1704 dicti,
498 1627 533 1689 de
549 1647 603 1710 qua
620 1648 653 1689 rc
668 1626 797 1690 uorrnibil
813 1638 898 1690 autea
912 1627 1151 1712 significavimus.
1186 1626 1263 1694 Sunt

119 1729 166 1812 qui
181 1727 351 1792 Zacchaeus
366 1739 483 1807 vocent,
501 1727 551 1792 alii
565 1725 739 1791 ldarbelitas.
772 1727 933 1792 Errirnrero
949 1751 1013 1793 cum
1029 1729 1165 1793 universa
1179 1751 1263 1815 prae·

119 1831 279 1894 termittere
303 1851 461 1914 nequeam,
495 1831 632 1894 nonnulla
656 1831 825 1894 necessario
851 1831 887 1894 de
912 1831 970 1894 illis
992 1831 1160 1914 attingenda
1181 1843 1261 1897 sunt.

118 1927 193 1993 Nam
211 1941 242 1994 et
258 1942 377 1995 sanctus
392 1929 515 2018 Moyses
531 1931 622 1996 diuini
639 1931 757 2017 spiritus
772 1931 868 1995 alllatn
883 1929 1017 2017 scripsitc
1044 1937 1081 1994 Si
1091 1938 1155 2014 quia
1164 1939 1263 2015 parri·

120 2035 219 2094 eddium
237 2037 355 2108 ar’deru't,
384 2055 436 2095 uec
452 2038 676 2107 denunciaverat,
706 2031 873 2096 endcrnba'bb
887 2046 954 2097 esto.
999 2030 1102 2115 Quare
1118 2057 1176 2098 uon
1197 2055 1263 2118 pos-

120 2153 181 2198 sum
202 2135 351 2218 ingentem
374 2135 453 2198 illam
477 2137 594 2198 eaedem
622 2155 655 2197 ae
678 2134 860 2220 parricidiale
883 2134 994 2199 laciraus
1018 2136 1262 2220 praetermittere,

121 2257 177 2299 nou
195 2259 332 2322 possum,
364 2238 499 2321 inquam,
530 2237 598 2300 iliud
615 2257 674 2298 non
691 2235 808 2298 omniuo
827 2236 977 2319 detegere.
1022 2234 1169 2300 Fortassis
1185 2237 1264 2300 enim

122 2338 145 2400 si
161 2339 347 2422 praecipitem
365 2339 440 2402 banc
456 2339 585 2415 ruinam,
608 2337 689 2400 velut
704 2336 786 2400 exitii
802 2348 936 2422 puteum,
961 2338 1148 2422 prudentibus
1165 2351 1266 2402 osten-

123 2439 207 2518 dero,
238 2451 347 2504 metum
370 2441 405 2504 iia
426 2461 462 2503 ae
484 2451 626 2504 terrorem
648 2439 802 2514 incutiam,
832 2450 865 2501 ut
884 2460 941 2501 non
962 2439 1047 2503 modo
1068 2437 1177 2522 lugiunt
1196 2439 1264 2523 ipsi,

123 2543 172 2604 sed
190 2553 220 2606 et
235 2552 399 2606 tortuosum
418 2541 496 2606 illum
515 2541 545 2603 iu
565 2561 598 2602 ra
616 2539 758 2624 uoragine
775 2551 940 2624 serpentem
959 2561 995 2602 ae
1013 2539 1177 2603 basiliscum
1196 2540 1268 2626 lapi·

124 2642 203 2706 dibus
219 2643 361 2720 obruant,
393 2653 424 2706 ut
441 2643 535 2708 uollus
553 2642 689 2726 deinceps
707 2643 813 2704 audeat
829 2640 982 2705 accedere.
1026 2642 1124 2726 Atque
1142 2642 1214 2706 baec
1229 2643 1266 2706 de

123 2743 177 2808 ibis
193 2744 333 2810 baetenus
350 2744 425 2808 dicta
440 2753 539 2823 sunto,
564 2763 654 2829 pauca
669 2743 705 2805 de
719 2741 816 2806 multis
831 2752 917 2826 atque
932 2763 972 2806 ex
988 2754 1070 2829 parte
1085 2745 1266 2808 solummodo

125 2843 255 2912 delibata.
1167 2852 1171 2859 '

203 2945 293 3011 Nunc
311 2948 346 3011 ad
363 2947 519 3034 pestilerae
536 2946 649 3010 illorum
668 2947 816 3010 doctrinae
832 2947 911 3010 velut
927 2947 1025 3010 sedem
1044 2968 1079 3010 ae
1094 2949 1265 3031 uoraginem
1284 2963 1343 3032 esp.
1357 2965 1400 3020 tv.

124 3069 169 3113 me
188 3051 351 3114 conteram.
396 3047 488 3112 Varia
511 3048 586 3111 enim
610 3050 685 3132 apud
705 3048 772 3112 illos
797 3049 926 3112 melariae
943 3049 1092 3133 disciplina
1111 3049 1267 3133 voluptatis

123 3161 178 3215 est.
224 3147 354 3216 Primum
373 3152 448 3234 quod
467 3170 635 3214 communes
653 3150 729 3214 inter
744 3171 778 3214 se
795 3151 918 3214 laminas
936 3150 1054 3214 babent.
1095 3149 1145 3214 Ao
1162 3151 1186 3213 si
1203 3150 1268 3234 quis

122 3252 251 3315 eiusdem
270 3261 370 3316 sectae
387 3253 559 3336 peregrinus
577 3251 745 3329 advenerit,
776 3251 889 3334 signum
908 3252 1048 3335 quoddam
1068 3251 1123 3316 viri
1147 3272 1164 3316 a
1185 3252 1268 3316 lemi-

124 3353 184 3432 uis,
218 3352 345 3416 lemicae
366 3374 384 3415 a
405 3353 478 3417 viris
500 3353 656 3440 accipiunt.
709 3352 791 3416 llaec
813 3363 908 3416 autem
934 3352 1075 3416 eiusmodi
1098 3365 1159 3417 est:
1193 3350 1267 3419 Cum

123 3454 269 3520 salutandi
292 3475 327 3518 ao
347 3455 557 3540 complectendi
575 3475 680 3518 caussa
697 3475 811 3518 manum
833 3454 1001 3538 porrigunt,
1033 3474 1097 3518 eam
1116 3456 1190 3519 inira
1209 3455 1269 3541 pal·

124 3575 198 3620 mam
220 3557 429 3620 contrectando
453 3577 488 3620 ae
506 3557 672 3619 delrioando
691 3556 795 3618 leniter
811 3554 945 3632 titillant,
975 3576 1069 3640 eoque
1088 3555 1172 3640 signo
1189 3558 1268 3621 eiua·

125 3657 188 3720 dem
204 3657 358 3740 religionis
378 3657 517 3743 hospitem
537 3677 603 3721 esse
621 3658 832 3720 demonstrant.
877 3654 947 3720 lude
964 3668 1150 3742 posteaquam
1169 3669 1269 3722 mutuo

123 3779 157 3824 ae
171 3757 349 3844 agnoverint
366 3757 401 3822 ad
419 3759 583 3822 convivium
600 3759 781 3842 acciguntur.
825 3756 911 3841 Quod
927 3758 1037 3841 ipsum,
1068 3759 1182 3821 tametsi
1200 3780 1269 3844 pau·

123 3882 210 3946 peres
232 3861 309 3940 siut,
341 3861 451 3944 ingenti
474 3861 622 3946 epularum
644 3870 783 3944 apparatu
805 3860 931 3942 vinoque
953 3869 984 3921 et
1005 3859 1140 3923 carnibus
1161 3859 1269 3923 instru-
1315 3887 1317 3896 ‚

124 3963 286 4028 οιῐοοίιοοιο
306 3963 457 4047 praebent.
502 3958 601 4024 Finito
622 3962 758 4025 conririo
780 3981 843 4023 enm
863 3959 998 4024 satietate
1016 3981 1106 4024 reoas
1124 3961 1269 4025 distende·

123 4065 201 4146 rint,
230 4065 267 4128 ad
291 4063 436 4128 libidinem
459 4064 648 4148 proritaotur.
698 4061 777 4126 Tum
800 4061 846 4125 vir
870 4063 906 4126 ab
929 4083 1023 4126 uxore
1046 4061 1198 4126 discedens
1224 4060 1268 4126 sie

123 4185 189 4230 eam
201 4165 375 4250 alloquitur:
400 4169 506 4246 Surge,
522 4177 551 4228 et
558 4167 657 4246 fratri
670 4167 814 4226 curabotem
828 4166 937 4226 ecda'be
974 4161 1016 4226 lta
1034 4163 1069 4226 ad
1084 4163 1267 4228 concubitum

122 4268 253 4330 venitur.
297 4263 392 4329 Pudet
412 4289 458 4330 me
481 4269 556 4330 bona
579 4268 633 4330 lide
653 4285 725 4348 qnae
743 4264 816 4349 apud
834 4265 900 4329 illus
919 4265 1084 4349 turpissime
1100 4277 1269 4351 perpetrau-

123 4379 174 4432 tur
191 4387 360 4452 exponere,
383 4367 619 4452 quemadmodum
642 4367 684 4428 ait
702 4367 868 4450 apostolus:
902 4370 979 4444 Quae
998 4371 1075 4448 apud
1091 4372 1165 4450 a'psm
1174 4371 1265 4449 fiunt,
1282 4389 1405 4450 speque

123 4481 207 4550 tram
221 4482 266 4532 eat
277 4482 308 4532 et
322 4474 424 4532 dem.
470 4467 582 4534 Verum
598 4487 674 4550 quae
693 4465 759 4530 illos
777 4468 872 4530 lacere
891 4467 962 4531 nibil
980 4470 1084 4554 pudet,
1114 4489 1207 4553 neque
1223 4487 1269 4533 me
