3006 4990
352 306 487 360 endunt!
504 307 566 362 bib·
582 309 602 362 Ι.
617 305 700 362 '1⁸08-
716 309 747 364 ll.
762 309 862 361 HAER.
877 309 962 360 XXV.
1169 305 1229 368 159

89 424 197 490 dicendi
216 425 303 490 baem
319 425 440 506 laniem,
465 431 522 490 Voe
535 431 636 490 mundo
651 447 670 490 o
684 431 842 502 scandant,
867 431 898 492 ‘et
914 429 1100 516 operantibus
1121 433 1377 517 inquinaturus

88 535 184 590 tatem.
230 524 323 609 Quam
346 527 428 590 multi
445 548 503 592 non
519 528 604 592 modo
620 527 676 592 sibi
694 529 830 594 tenebras
848 530 1029 611 offuderunt,
1050 533 1102 596 sed
1118 543 1146 598 et
1162 535 1227 600 aliis

87 649 154 710 quos
170 630 266 691 errori
285 649 339 692 suo
363 640 464 714 postea
483 627 584 694 lsciles
609 640 695 713 atque
719 629 915 714 obsequentes
938 633 1015 696 nacti
1036 637 1120 699 suntl
1166 634 1226 700 Sed

86 729 271 811 prudentibus
287 730 398 794 veritas
415 730 576 816 apparebit.
620 727 768 795 basilidae
785 752 873 810 vero,
897 743 928 796 et
949 733 1090 800 eiusmodi
1114 737 1226 802 larinas

85 829 228 894 bominum
250 832 376 895 studium
399 831 545 896 constabit
566 832 602 895 ob
619 851 721 896 errore
737 833 908 916 proiectum.
953 833 1036 898 llaec
1052 837 1135 902 bubni
1152 860 1226 922 quae

84 932 184 994 dehac
200 933 315 996 haeresi
333 933 455 1017 eiusque
471 933 576 998 inbutis
589 933 778 1000 dissererem.
822 933 851 998 A
868 955 925 1020 qua
938 935 1076 1022 deinceps
1089 940 1126 1002 ad
1140 940 1223 1005 aliam

83 1053 123 1096 nse
147 1036 309 1097 conferam.

163 1133 240 1216 Quis
263 1136 341 1200 euim
366 1157 425 1200 uon
447 1136 526 1200 illam
543 1135 679 1200 haeresin
704 1135 788 1200 facile
804 1136 1001 1222 deprehendat
1018 1137 1089 1202 nibil
1110 1154 1226 1226 praeter

82 1235 245 1320 liquentum
272 1258 358 1317 esso,
388 1237 537 1322 instarque
563 1248 695 1302 cerastae
718 1237 748 1299 in
767 1257 857 1301 arena
881 1240 1025 1304 defossam
1046 1241 1111 1304 solo
1133 1265 1227 1310 cornu

82 1338 221 1402 duntaxat
237 1351 343 1402 exerto
358 1339 396 1402 iis
413 1339 462 1423 qni
478 1340 507 1402 in
524 1340 616 1424 ipsam
639 1340 804 1404 incurrerat
819 1340 939 1404 exitium
957 1342 1077 1406 afferre.
1111 1341 1222 1408 Vernus

81 1450 107 1501 et
118 1453 299 1520 peccalorum
316 1463 406 1503 omnen
422 1446 551 1503 domebus
566 1446 714 1515 manans,
738 1453 768 1502 et
787 1446 859 1502 obsti
872 1463 961 1504 cornu
979 1447 1068 1506 solrrm
1083 1448 1222 1508 ernltnbi-
1253 1451 1336 1503 Piala.

82 1554 135 1615 rar,
164 1542 218 1606 boc
240 1555 287 1605 est
308 1542 441 1606 veritatis
463 1543 547 1605 lidos.
591 1539 785 1626 Posteaquam
813 1543 902 1626 igitur
923 1543 1055 1608 veritatis
1077 1546 1146 1609 illud
1171 1549 1223 1610 dn·
1257 1512 1290 1563 ἢ
1305 1512 1336 1554 n'

78 1643 172 1706 ctrina
193 1644 403 1721 contrivimus,
434 1663 488 1727 age
511 1654 645 1707 caeteras
666 1664 893 1728 persequamur,
923 1646 1078 1710 conciliato
1100 1648 1222 1731 primum

79 1745 161 1808 nobis
182 1745 316 1809 adiutore
339 1747 412 1825 deo,
445 1745 492 1810 cni
514 1745 608 1830 gloria
630 1755 661 1808 et
682 1745 776 1810 bonor
798 1757 829 1809 et
848 1747 981 1810 adoratio
1002 1746 1032 1811 in
1053 1749 1154 1813 secula
1175 1771 1222 1814 se·

75 1846 224 1925 culorum,
248 1848 357 1910 Amen.

257 2085 595 2161 ADVERSUS
635 2084 1042 2180 NIGOLAl'l'rlS,

325 2229 406 2300 quae
433 2211 485 2279 est
508 2203 656 2278 haerebis
678 2203 741 2298 V.,
766 2205 837 2278 sive
858 2205 966 2280 XXV.

153 2352 301 2420 Nicolaus
316 2376 335 2419 e
351 2375 473 2420 numero
489 2352 547 2419 Vll
567 2357 754 2420 diaconorum
776 2356 830 2419 luit
843 2355 892 2439 qui
908 2356 944 2418 ab
959 2358 1099 2441 apostolis
1115 2360 1221 2426 delesti
1238 2361 1299 2430 esp.
1318 2364 1337 2413 ¹·

69 2469 155 2535 suut,
188 2479 247 2520 nna
269 2479 333 2522 oum
354 2455 389 2522 S.
411 2454 561 2542 Stephano
580 2467 794 2541 protomartyre
811 2479 846 2521 ac
863 2455 1031 2536 Procbcro,
1060 2457 1217 2540 Parmena,

67 2557 220 2642 sociisque
240 2560 378 2623 caeteris.
424 2557 479 2622 llio
502 2559 643 2622 oriundus
660 2558 816 2623 Antiochia
838 2579 905 2624 sese
926 2561 961 2623 ad
981 2558 1152 2626 ludaeorum
1171 2585 1219 2628 se·

66 2671 144 2722 ctam
160 2660 348 2743 aggregavit.
391 2657 502 2724 Postea
519 2657 718 2723 Christianum
735 2661 839 2742 dogma
856 2661 1026 2746 complexus
1040 2663 1075 2725 ad
1093 2664 1218 2751 discipu·
1230 2680 1311 2725 sees

63 2757 109 2822 los
124 2761 284 2824 adiunctus
299 2771 385 2845 atque
401 2761 479 2826 inter
494 2761 647 2845 primarios
661 2762 866 2824 adnumeratus
882 2774 938 2828 est.
984 2761 1055 2826 inde
1071 2766 1101 2828 iu
1116 2787 1217 2830 eornm

63 2862 202 2926 ordinem
219 2862 331 2926 relatus
348 2873 394 2926 est
411 2862 460 2946 qui
477 2863 513 2925 ad
532 2859 681 2927 viciniarum
701 2864 912 2947 praefecturam
929 2863 1014 2928 electi
1032 2877 1111 2930 sunt.
1157 2865 1218 2932 Ve-

60 2983 126 3026 rum
147 2975 254 3048 postea
270 2964 300 3026 in
317 2984 381 3028 enm
399 2984 433 3028 se
451 2963 581 3028 diabolus
599 2965 773 3042 insinuavit,
805 2965 924 3047 eiusque
940 2977 1064 3030 mentem
1083 2978 1217 3034 veterum

60 3063 187 3128 illorum
202 3086 277 3149 quos
292 3065 584 3128 commemoravimus
600 3064 750 3128 erroribus
765 3065 883 3144 imbuit,
908 3077 939 3129 ut
953 3067 1039 3130 etiarn
1056 3069 1148 3133 maius
1163 3070 1216 3156 ipsi
1239 3143 1241 3148 ,
1288 3143 1289 3148 1

58 3187 149 3249 qnam
174 3165 280 3230 iisdem
298 3165 356 3230 illis
374 3168 478 3232 vuinus
495 3166 651 3250 indigeret.
696 3164 773 3229 Nam
794 3187 858 3230 curn
877 3187 1001 3232 uxorem
1018 3168 1139 3234 baberet
1157 3171 1216 3235 elc-

58 3270 141 3348 ganti
160 3268 264 3352 specie
279 3269 442 3346 mulierem,
465 3267 550 3330 absa
567 3266 621 3330 sibi
637 3267 810 3351 aliquamdiu
826 3269 1012 3352 temperavit,
1037 3281 1135 3336 utens
1151 3270 1216 3335 imi·

55 3379 180 3434 mrctnr
195 3391 271 3454 quos
283 3369 338 3434 deu
355 3370 469 3453 penitus
482 3369 612 3432 addictos
629 3380 775 3432 renueret.
819 3365 879 3432 Sed
893 3391 950 3434 uon
965 3371 1215 3455 intemperantiam

56 3490 142 3534 susus
162 3480 308 3554 perpetuo
325 3479 464 3534 cote'rcore
481 3470 585 3555 potuit.
630 3467 745 3554 Quippe
760 3471 842 3534 canis
857 3472 949 3535 instar
963 3473 997 3536 ad
1013 3463 1151 3536 vomitum
1167 3495 1214 3538 re·

53 3571 117 3634 dire
137 3571 281 3654 cupiens,
305 3582 336 3636 et
348 3571 439 3634 malos
454 3571 594 3654 quosdam
611 3571 726 3634 colores
742 3571 1007 3656 exeusationesque
1023 3586 1212 3659 praetexens,

53 3674 87 3734 ad
114 3671 256 3736 libidinis
278 3693 348 3734 suae
371 3671 561 3758 patrocinium
583 3671 780 3755 excogitavit,
812 3693 884 3756 quse
906 3675 997 3758 magis
1022 3695 1060 3738 ex
1082 3697 1137 3740 usu
1157 3677 1212 3738 sibi

51 3793 119 3839 esse
151 3774 342 3838 viderentur.
387 3770 453 3856 Qua
476 3793 528 3857 spe
554 3795 618 3838 cnm
643 3774 819 3854 excidisset,
851 3785 911 3838 tum
934 3776 1047 3839 demum
1069 3775 1134 3842 sine
1156 3778 1212 3841 nlla

50 3875 312 3962 tergiversatione
331 3897 396 3938 cum
420 3895 515 3940 uxore
536 3873 773 3938 consuetudinem
793 3875 900 3940 babere
920 3875 1056 3940 instituit.
1102 3875 1212 3942 Verum

48 3997 122 4042 snae
141 3976 211 4041 sibi
228 3975 363 4060 ignaviae
381 3975 532 4052 conscius,
557 3998 591 4040 ac
608 3997 644 4040 ne
661 3976 926 4062 deprehenderetur
943 3980 1071 4058 veritus,
1101 3979 1213 4043 iactare

46 4077 117 4144 illud
137 4097 242 4144 ansus
256 4088 317 4144 est:
341 4077 408 4143 Nisi
423 4079 472 4163 qui
488 4077 610 4163 singulis
624 4077 724 4142 diebus
738 4078 872 4142 luxuriae
886 4089 983 4156 vacet,
1006 4080 1211 4166 sempiternam

44 4183 185 4245 salntem
213 4181 357 4243 neminem
383 4201 468 4265 posse
490 4181 641 4262 consequi.
686 4176 730 4242 lta
750 4179 786 4241 ab
804 4180 996 4245 excusatione
1014 4201 1071 4244 nna
1091 4180 1120 4246 in
1138 4183 1211 4246 alte·

43 4301 107 4348 ram
128 4280 281 4365 delapsus
299 4291 356 4344 est.
402 4277 477 4345 Cum
494 4279 571 4344 enim
588 4281 739 4364 coniugem
757 4300 840 4345 snam
856 4281 1015 4365 praestanti
1033 4303 1100 4350 esse
1118 4285 1210 4349 lorms

75 4437 102 4488 2
122 4453 178 4488 συν
222 4449 275 4496 spes
294 4431 337 4486 τοῦ
358 4430 420 4487 ἰδίου
439 4429 532 4484 σκοποῦ
549 4429 621 4484 tvos·
656 4430 761 4502 ριέργως
777 4435 827 4486 oon.
847 4435 921 4485 Varo,

41 4503 111 4562 σε’πι
129 4505 174 4574 τῇ
230 4500 256 4570 (ᾳ
272 4499 372 4569 γυναικὶ
387 4499 547 4567 nnvnpbr‘nns
563 4491 623 4552 nins-
