3008 4996
351 278 489 330 Pdellll
507 279 569 330 tau.
583 279 600 329 l.
617 279 697 330 Tott.
711 279 741 329 ll.
758 278 856 330 flatu.
872 279 968 331 XXVI.
1180 269 1238 330 lil'l

11 415 12 494 ἦ
92 409 152 460 turs
175 391 249 460 Nota·
262 419 305 459 me
316 410 450 477 tangere.-
473 401 594 460 nandum
609 403 680 460 entia
695 401 811 460 ascend
826 402 865 458 ad
877 409 987 478 patrem
1002 419 1108 474 meumr
1131 409 1164 462 ut
1181 419 1234 462 ex·
1259 420 1335 466 taam

11 497 12 518 ³
92 510 200 582 purtem
220 519 374 584 corporum
393 498 556 562 castitatem
576 499 711 584 nullaque
731 498 905 582 contagione
929 499 1066 584 pollutam
1085 499 1233 585 exprime·
1260 473 1294 528 ω’
1307 474 1338 518 n‘

11 599 12 618 ¹
90 609 143 664 ret.
173 601 222 664 Ad
238 600 311 664 haec
327 600 383 664 alio
400 600 430 662 in
449 599 513 664 loco
530 601 649 685 spiritus
666 611 785 664 sanctus
803 611 858 664 tam
877 599 914 664 ob
932 601 1046 685 priores
1061 601 1127 666 illus
1149 623 1233 686 qoam

91 702 267 786 posteriores
285 701 341 764 huc
365 701 451 764 modo
469 702 645 766 vaticinatos
665 714 728 765 est:
774 707 861 764 Beata
881 705 989 764 sterilis
1010 707 1229 784 rheaiuquinute,
1244 725 1368 782 capsus,

11 803 12 806 ’
90 825 157 884 puae
173 809 293 867 nmeroit
310 815 400 864 tarum
416 808 445 864 iu
461 807 579 877 dedito,
604 817 635 864 et
648 808 735 884 spado
753 809 805 885 qui
818 827 873 866 nun
895 815 1026 884 operatus
1044 816 1087 866 est
1106 807 1233 866 manr'dur

89 909 144 965 ruri
159 910 351 986 insputatemr
375 915 406 968 ut
423 904 469 968 vcl
484 926 518 968 ea
536 926 610 968 voce
629 905 706 968 illam
726 927 811 989 quam
830 904 933 968 luhulis
951 903 1012 968 suis
1029 907 1234 970 commendare

90 1007 277 1070 romanibus
299 1027 443 1070 exercere
464 1007 560 1070 solent
582 1007 749 1070 loeditatcm
771 1006 963 1092 praecideret.

170 1105 267 1189 Quam
285 1109 372 1172 multa
388 1108 509 1193 proponi
527 1109 582 1172 alia
601 1109 740 1192 possunt!
772 1119 803 1172 ut
827 1129 891 1171 cum
909 1106 1057 1192 apostolus
1080 1108 1120 1172 ita
1140 1108 1232 1192 loqui·
1244 1117 1382 1185 crpxw.

91 1217 149 1272 lut:
174 1213 283 1300 lldulr'er
298 1214 425 1290 rhaupta,
445 1221 473 1270 et
487 1214 569 1290 uirgo
582 1213 705 1272 solir'cita
721 1222 766 1271 est
777 1213 812 1270 de
826 1215 862 1270 iis
875 1231 946 1290 puae
960 1221 1028 1271 scrut
1040 1213 1154 1282 dnmrirr',
1166 1232 1234 1290 quo·
1241 1224 1261 1268 1.
1267 1225 1383 1282 canate

91 1316 165 1373 neda
177 1315 294 1391 placeat
307 1315 428 1373 damano.
464 1309 529 1373 lloo
546 1322 643 1375 autern
662 1311 868 1389 instruction,
892 1312 967 1394 quod
988 1332 1045 1374 noa
1066 1311 1233 1395 perfuncto-

91 1415 131 1476 rie
145 1412 392 1476 commendandae
408 1413 550 1475 eastitatis
566 1423 695 1496 potestas
708 1422 788 1476 esset
804 1413 935 1498 aspiritu
950 1422 1053 1476 saneto
1065 1412 1230 1476 commissa.

92 1513 163 1578 'lom
181 1535 254 1578 vcro
276 1515 311 1576 de
336 1512 374 1576 iis
392 1514 439 1596 qui
464 1513 596 1578 honestis
613 1515 720 1598 nuptiis
738 1514 840 1598 illigati
858 1523 926 1576 sunt
940 1515 980 1578 ita
1000 1514 1141 1598 disputata
1175 1519 1234 1576 Hc·

91 1621 212 1681 curabile
228 1618 395 1679 connubium
413 1627 442 1676 et
458 1627 537 1676 torus
554 1619 764 1678 immaculatus.-
784 1618 975 1698 [mercatores
989 1628 1079 1678 autem
1102 1627 1131 1676 et
1149 1619 1231 1677 adul·
1244 1629 1383 1688 namtas

92 1731 162 1782 teres
178 1719 316 1781 rirdr’cadit
335 1721 471 1778 dominas.
517 1710 677 1781 Praeterea
696 1729 798 1780 contra
821 1718 938 1780 eosdem
959 1717 1105 1780 exclamat
1121 1718 1155 1780 ud
1172 1715 1234 1780 tto·

92 1843 190 1885 manos
206 1820 358 1896 scribens,
383 1829 529 1882 eteorum
545 1818 592 1902 qui
612 1819 641 1882 in
659 1819 801 1882 eiusmodi
820 1817 937 1902 llagitiis
954 1819 1122 1883 volutantur
1144 1819 1234 1903 turpi-

94 1925 215 1986 tudinem
227 1920 339 2002 detegit
353 1917 397 1983 his
412 1919 528 1982 verbisr
559 1923 632 1982 Nam
652 1933 682 1982 et
695 1922 817 2002 saraim
835 1943 930 1982 eorum
948 1925 1165 1982 immutaverunt
1183 1942 1234 1982 na·
1246 1933 1312 1978 ηοω
1319 1934 1339 1991 1,
1350 1935 1383 1979 ι.

93 2029 206 2086 turciam
224 2045 305 2084 usura
321 2026 350 2083 in
365 2043 427 2082 eum
444 2043 540 2094 ustum,
565 2026 617 2102 qui
634 2035 679 2082 est
698 2034 797 2084 conda
812 2034 953 2084 naturam.
1001 2021 1078 2084 Tuta
1095 2021 1130 2084 de
1147 2020 1234 2084 mari·

93 2126 142 2189 hus
158 2124 294 2189 subiicit:
317 2126 445 2185 Muaeuli
460 2128 488 2184 in
506 2125 645 2184 musculas
659 2127 856 2204 turpitudinem
872 2135 1028 2203 apmcntem
1073 2119 1235 2186 Praeterea

93 2227 120 2290 iu
135 2227 256 2311 epistola
274 2225 310 2288 ad
330 2222 517 2286 Timotheum
537 2225 573 2287 de
588 2224 689 2288 iisdem
709 2225 748 2287 ita
767 2224 910 2307 loquitur:
936 2228 1017 2302 Quod
1031 2228 1060 2284 ia
1077 2227 1382 2294 noudsr'rar'suutmut.

94 2329 184 2390 aetas
202 2331 349 2390 instabunt
364 2338 486 2406 tempora
497 2330 675 2406 pemculosa:
707 2339 735 2388 et
750 2338 835 2388 munt
850 2329 973 2387 domrher
987 2328 1158 2406 uoluptatum
1175 2347 1235 2386 mc-

92 2437 136 2510 gis
148 2442 287 2492 amatores
306 2450 387 2509 quam
406 2431 461 2489 dei.
507 2426 548 2490 Et
565 2449 699 2491 tursum:
727 2428 933 2489 Prodidentium
950 2428 1069 2500 audere,
1093 2427 1383 2498 atraheretmtnm„

94 2534 207 2605 cerdis,
231 2535 415 2598 caumatum
434 2531 591 2592 dedentium
616 2552 694 2592 suam
718 2533 923 2591 conscientiam.
970 2527 1021 2592 Ex
1042 2549 1078 2591 eo
1099 2527 1237 2592 uidelicet

94 2633 164 2716 quod
181 2643 262 2696 caste
279 2630 463 2694 matrimonio
480 2631 616 2716 coniungi
634 2653 668 2695 ao
692 2631 802 2716 prolem
826 2630 976 2714 suscipere
994 2630 1163 2715 prohibent,
1188 2651 1235 2694 ar-

95 2734 176 2796 dente
192 2733 309 2797 interim
325 2733 440 2795 illorum
454 2732 644 2809 conscientia,
662 2733 726 2796 dum
743 2732 869 2796 assiduis
881 2730 912 2794 in
928 2731 1154 2796 scortationibus
1169 2752 1235 2794 eor·

94 2836 267 2920 ruptelisqne
297 2844 471 2911 versantur,
502 2855 537 2896 ac
563 2835 765 2916 procreatione
793 2833 902 2897 subolis
925 2832 1113 2898 interdicunt.
1156 2833 1235 2900 Nam

96 2937 172 3020 quod
185 2938 221 3000 ad
239 2935 309 3000 illud
324 2935 428 2998 attinet
448 2937 523 3020 quud
551 2936 599 2998 isti
616 2935 788 2998 sacrificium
805 2947 930 3012 vocant,
961 2935 1132 3000 lutulentum
1155 2936 1236 3020 quid·

95 3040 156 3101 darn
173 3049 204 3101 et
218 3038 374 3121 impurum,
390 3037 446 3100 iam
467 3047 525 3100 tum
541 3036 609 3100 olim
624 3057 641 3098 a
658 3035 798 3120 prophete
814 3037 1040 3102 demonstratum
1054 3047 1102 3099 est
1115 3056 1237 3121 serpeu-

95 3141 128 3202 tis
147 3159 216 3204 esse
234 3159 366 3217 carnem,
391 3137 584 3202 academici.
613 3137 711 3200 Absit.
737 3133 789 3200 Sic
808 3138 884 3200 eninr
902 3139 1046 3222 loquitur:
1071 3143 1237 3200 Cantrririrtu'
1259 3149 1347 3244 gropp

93 3245 181 3322 capitu
195 3245 343 3316 marone,
366 3253 397 3303 et
408 3244 512 3302 dedisti
526 3263 587 3300 eum
605 3261 695 3300 ercam
706 3241 819 3320 populis
834 3239 1014 3320 Aetdr'cpum.
1061 3236 1142 3304 Saue
1157 3240 1235 3304 euim
1290 3233 1298 3256 ’
1336 3229 1342 3242 ’

93 3341 276 3428 serpentinae
300 3341 447 3406 cuiusdam
468 3361 553 3404 escae
573 3361 666 3423 genus
690 3351 737 3402 est
756 3338 869 3403 illorum
887 3339 1078 3404 abominanda
1097 3341 1238 3426 supersti-

95 3444 144 3522 tio,
158 3441 473 3527 iidemquedethiopes
491 3441 532 3504 illi
550 3452 619 3505 sant
635 3442 777 3505 scelerum
793 3461 913 3504 suarum
933 3441 1051 3526 nigrore
1071 3443 1237 3522 deformati,
1259 3455 1265 3471 '

95 3545 139 3629 qui
157 3543 301 3608 eiusmodi
317 3545 486 3607 ritus'nnne
504 3543 654 3606 daemonis
671 3539 761 3620 lovis,
786 3543 855 3606 olim
875 3541 1120 3626 praestigiatoris,
1143 3543 1191 3628 qui
1209 3552 1240 3608 et

94 3650 199 3710 frustm
218 3668 234 3708 a
257 3645 403 3708 nonnuliis
426 3643 549 3708 hahetur
566 3644 656 3718 deus,
681 3643 819 3728 religioso
840 3644 918 3707 cultu
934 3645 1094 3710 celebrant.
1140 3644 1238 3729 Siqui-

96 3750 156 3811 dem
174 3749 314 3812 haereses
330 3747 485 3810 uuiversae
503 3745 537 3808 de
554 3742 735 3808 Graecorum
753 3745 857 3808 fabulis
876 3765 912 3808 ea
928 3745 1109 3828 collegerunt
1122 3767 1161 3808 ex
1177 3744 1239 3829 qui-

96 3849 146 3913 hus
162 3869 269 3912 noram
283 3847 339 3912 sibi
350 3831 465 3910 ¹erroris
479 3856 588 3910 sectam
605 3846 807 3925 condiderunt,
826 3867 891 3910 oum
905 3867 939 3908 ea
958 3847 1133 3911 deteriorem
1150 3847 1237 3910 alium

97 3951 130 4014 ad
147 3971 268 4015 sensum
292 3946 521 4012 tranmnlisseut.
565 3945 644 4011 Nom
663 3957 694 4010 et
717 3967 733 4010 a
759 3947 854 4031 poetis
870 3943 965 4010 Melia
989 3951 1091 4031 (quam
1106 3945 1239 4012 Pruden-

97 4052 161 4115 tiam
179 4051 326 4138 appellare
342 4049 454 4135 possis)
471 4049 558 4112 filiam
573 4069 656 4114 suam
674 4047 837 4112 absorbens
851 4047 1033 4114 introductus
1050 4059 1097 4114 est
1114 4045 1236 4132 lupiter.

98 4150 191 4217 Nemo
206 4173 295 4237 porro
312 4151 452 4214 infantem
465 4149 634 4228 absorbeat,
648 4148 887 4234 quemadmodum
901 4161 1020 4214 sanctus
1032 4147 1170 4214 Clemens
1186 4149 1238 4225 ait,

99 4273 158 4318 eum
173 4255 295 4318 deorum
308 4251 356 4337 qui
373 4251 528 4318 aGraeois
544 4251 680 4316 coluntur
693 4249 898 4335 turpitudinem
913 4251 1035 4316 deridet.
1060 4247 1146 4336 Quod
1163 4249 1239 4314 enim

99 4353 255 4420 devorasse
269 4351 363 4416 Metiri
379 4353 496 4431 dieitur,
520 4373 579 4416 non
598 4354 632 4416 de
650 4352 759 4416 inlante
781 4353 851 4431 ullo,
875 4353 927 4416 sed
948 4352 983 4416 de
998 4351 1117 4438 proprio
1129 4351 1240 4416 semine

99 4475 147 4537 par
166 4465 212 4520 est
232 4454 367 4543 intelligi.
