2994 5024
354 329 489 382 ruunnu
506 327 569 381 mo.
581 329 601 380 ι.
618 327 699 382 rou.
714 328 758 382 ru.
775 327 873 382 nuru.
884 329 965 382 xcii.
1175 315 1233 379 581

172 445 321 514 LXXVl.
352 455 495 513 amorum
507 455 559 531 qui
569 463 654 512 erant
667 456 696 512 in
712 463 786 512 ceste
799 452 881 513 aldae
905 454 980 530 Quill
993 453 1129 532 quoerin's
1144 453 1236 510 m'oeu·
1250 469 1305 514 hue.
1314 473 1347 528 aa,
1358 475 1377 518 ⁵.

83 565 140 614 tem
156 574 218 614 cum
234 559 374 614 mortuis?
415 557 559 614 Surrexit.
606 557 883 634 Recordamiuipuae
898 557 1007 614 locutus
1024 565 1081 626 est,
1107 573 1169 614 cum
1186 555 1235 614 ad·

81 659 141 716 luo
162 663 249 717 osset:
274 660 409 735 Quoniam
431 667 541 736 oportet
551 658 649 736 filium
669 659 788 717 homenis
807 661 872 736 pati
889 666 920 715 et
939 659 1025 716 tradi.

169 753 334 820 Lxxvu.
365 756 443 840 Quin
464 778 497 820 eu
515 757 662 820 subtraxit
681 779 755 842 quae
772 753 919 840 Cleoplmc
940 768 968 820 ct
985 757 1047 820 eius
1063 757 1144 820 socio
1161 757 1350 826 dictamum

79 871 170 936 sunt,
195 881 258 922 uum
276 860 332 923 illis
349 860 494 922 occurrite
520 865 543 920 0
556 863 641 921 stulti
652 873 682 921 et
693 864 771 920 tardi
781 864 864 920 corde
877 863 916 920 ad
927 863 1092 921 credendum
1106 865 1134 921 in
1148 865 1236 922 omni-

79 965 136 1023 dus
157 984 229 1043 quae
249 967 338 1024 locuti
355 975 422 1024 sum
439 966 612 1044 prophetae!
654 967 755 1024 ll'orme
770 967 838 1024 lucc
854 968 978 1043 oportru't
990 967 1074 1042 pati?
1116 963 1162 1025 Ao
1183 983 1235 1047 pro
1249 983 1305 1030 islo.
1318 987 1350 1030 n.

78 1066 146 1127 luis:
170 1069 203 1126 In
219 1067 344 1127 amardus
360 1086 431 1146 quae
445 1068 536 1127 locuti
548 1077 615 1126 sunt
624 1067 792 1145 prophetae,
818 1064 954 1150 scripsit,
977 1069 1011 1127 Iu
1026 1067 1152 1126 aurailus
1166 1087 1237 1146 quae

77 1171 193 1228 locutus
209 1189 269 1228 sum
286 1169 373 1228 vadus.
420 1163 478 1230 Sed
497 1187 536 1230 eu
557 1187 593 1230 eo
610 1167 813 1250 redarguitur,
838 1168 913 1252 quod
930 1189 994 1230 cum
1013 1189 1115 1252 panem
1135 1166 1234 1250 fregit,

76 1269 175 1354 operti
198 1280 264 1331 suut
287 1267 382 1348 oculi,
407 1279 437 1331 et
458 1283 670 1352 cognoverunt.

167 1367 347 1435 Lxxvlll.
380 1375 455 1450 Quali
467 1374 576 1433 turbati
585 1377 675 1433 estis?
711 1375 805 1433 Videte
818 1393 926 1446 monim,
946 1383 974 1432 et
981 1375 1082 1454 pedes:
1104 1377 1233 1453 quomam
1245 1393 1302 1439 lua.
1316 1395 1347 1440 m.

73 1479 201 1554 spiritus
222 1495 285 1536 ossa
307 1497 362 1536 non
383 1476 481 1548 ludet,
506 1480 643 1535 sicutne
664 1477 763 1536 vitlem
785 1476 897 1536 labere.

166 1575 291 1640 Praeter
308 1577 390 1654 hoco,
416 1595 490 1660 quse
507 1587 669 1661 scquuulur
686 1587 787 1640 contro
805 1577 962 1640 haereseos
981 1586 1129 1640 auctorem
1145 1575 1232 1640 istum

74 1680 178 1743 lunico
195 1679 278 1742 nobis
294 1680 426 1742 instituto
440 1680 631 1762 adiungamus
647 1679 739 1763 operi.
785 1676 870 1761 Quae
887 1678 1001 1762 quidem
1019 1681 1091 1764 opud
1109 1679 1232 1742 eundem

74 1785 247 1845 invenimus
263 1782 337 1845 hunc
352 1782 381 1844 in
399 1781 484 1845 ficiem
503 1793 657 1867 usurpans,
682 1793 713 1844 ut
726 1781 913 1866 cpislolnrum
930 1779 1011 1844 Pauli
1028 1781 1151 1867 apostoli
1168 1802 1234 1866 spe·

72 1886 154 1948 ciem
173 1905 241 1970 proc
257 1905 290 1946 se
309 1886 431 1947 lercent.
477 1882 560 1967 Quos
576 1894 672 1948 tamen
691 1904 883 1962 ammones,
908 1885 959 1946 scd
977 1895 1074 1948 certos
1091 1885 1235 1949 duntaxat

71 1985 233 2067 adsciscit3
255 2008 375 2072 quorum
391 1986 419 2049 iu
434 1988 514 2050 coloe
532 1987 619 2051 totius
635 1986 732 2072 operis
747 1985 863 2048 uomina
879 1986 1117 2071 subscripsimus,
1137 1987 1234 2050 ouius·

72 2091 155 2152 modi
178 2090 207 2152 in
227 2088 400 2174 Apostolioo
422 2089 458 2151 ob
480 2089 537 2152 illis
556 2090 696 2174 iuscriplo
714 2089 787 2152 libro
807 2087 1002 2173 reperiunlur.
1050 2089 1147 2174 Alque
1169 2090 1232 2153 illas

71 2195 158 2277 ipsas
173 2193 293 2277 insuper
308 2193 414 2254 usitato
433 2192 482 2255 illo
497 2213 554 2255 suo
569 2191 677 2276 llagitio
693 2192 838 2255 mutilatus
857 2191 1022 2276 proposuit,
1047 2192 1233 2274 quemadmo-

72 2297 144 2358 dum
168 2295 197 2357 in
221 2295 342 2358 alterum
368 2294 447 2357 illum
473 2294 594 2372 librum,
628 2293 674 2356 oui
697 2292 862 2376 Evangelio
885 2315 990 2357 nomeu
1014 2293 1167 2379 imposuit,
1202 2305 1233 2358 ut

70 2398 151 2482 quod
172 2417 220 2460 res
241 2409 286 2460 cst
306 2396 416 2474 dicum,
439 2396 569 2480 geroiani
590 2395 733 2480 evangelii
751 2397 889 2480 reliquias
909 2396 1052 2475 coniecit,
1076 2417 1109 2462 uc
1129 2397 1233 2460 nihilo·

71 2501 173 2563 minus
196 2509 291 2562 tumen
315 2499 410 2562 omnio
435 2499 579 2562 rnuliliose
602 2499 762 2582 callideque
786 2500 967 2583 depravavit.

173 2705 221 2754 EX
239 2705 399 2756 urtsuonu
418 2705 461 2756 AD
480 2705 653 2764 nonnum,
672 2704 763 2766 QUAE
781 2703 870 2754 APUD
889 2704 996 2754 lLLUlll
1016 2705 1057 2754 lV.
1075 2705 1145 2766 EST,

505 2789 542 2841 lu
560 2789 762 2842 srosTolnco
780 2792 799 2840 l.

161 2907 187 2972 l.
220 2914 390 2992 (tuci-umque
410 2916 471 2972 sine
492 2914 554 2991 lege
571 2921 775 2990 peccauerunt,
808 2913 869 2970 situ
890 2914 953 2990 lege
976 2923 1006 2972 et
1021 2912 1170 2991 peribunt,
1203 2923 1338 2990 etnim,
1352 2935 1382 2979 m

68 3019 241 3095 quicumque
262 3018 291 3074 iu
315 3017 377 3093 lege
395 3025 599 3094 peccauerunt,
631 3035 684 3094 per
707 3015 794 3092 legem
814 3014 1023 3074 iudicabuntur.
1069 3016 1134 3074 Nau
1157 3018 1228 3075 enim

68 3121 221 3177 auditores
236 3119 313 3194 leges
330 3120 400 3176 iusti
410 3129 478 3177 sunt
491 3119 567 3196 opud
582 3119 672 3188 decim,
697 3117 883 3196 sedsactores
898 3118 970 3194 legis
986 3117 1226 3195 iustificaduntur.

160 3317 202 3382 ll.
237 3325 418 3382 Circumcinlr
441 3323 550 3401 quidem
572 3324 702 3402 prodest,
737 3326 766 3381 si
786 3324 874 3400 legem
896 3321 1033 3381 observes.
1081 3325 1118 3382 Si
1138 3331 1229 3382 autern
1243 3344 1344 3391 lotum·

64 3427 287 3506 praevaricator
308 3426 381 3504 legis
401 3428 457 3497 sis,
482 3427 658 3485 circumcisio
680 3435 728 3484 tua
747 3427 925 3504 praeputium
939 3427 1025 3507 sacta
1046 3434 1099 3484 est.

160 3521 217 3588 ΙΙΙ.
247 3527 398 3587 Habentem
418 3527 538 3604 sormam
560 3530 745 3604 cognitionis,
770 3539 798 3586 et
819 3531 946 3587 ueritatis
967 3532 996 3588 ia
1019 3531 1091 3606 lege.
1244 3549 1344 3597 ntum.

160 3727 217 3793 lv.
251 3735 354 3793 Adduo
368 3737 440 3794 enim
456 3734 596 3804 Christum,
621 3753 682 3794 cum
697 3735 789 3794 adium
802 3735 912 3812 infirmi
923 3753 1053 3806 esserum,
1078 3737 1229 3795 secitudum
1243 3749 1356 3808 capua

69 3851 200 3915 tempus,
222 3855 276 3914 pro
298 3839 390 3914 impiis
412 3845 539 3896 mortuus
560 3845 610 3896 est.

162 3933 202 3998 V.
238 3939 313 3998 Unde
335 3940 382 3998 les
401 3941 508 4016 puellum
526 3947 641 4009 sancta,
675 3949 704 3998 et
723 3943 881 3999 mandatum
900 3949 1045 4014 carectum,
1079 3951 1108 4000 et
1126 3945 1228 4003 rustum
1243 3956 1326 4016 copo.
1339 3962 1369 4005 ιι

68 4053 98 4102 et
123 4041 236 4101 danum.

163 4137 217 4202 Vl.
253 4143 472 4220 litiustpicatio
495 4144 567 4222 tegis
589 4146 790 4224 amplectaris
812 4145 901 4204 nodis.
1244 4166 1357 4223 ceput.

68 4407 132 4466 post
155 4411 215 4446 vero
234 4396 300 4445 num.
318 4397 394 4446 habet
412 4397 524 4456 xxix„
551 4407 576 4446 et
599 4397 635 4446 sic
669 4399 782 4458 ΧΧΧ1.,
805 4399 929 4470 usquead
947 4399 1078 4468 epistolum
1095 4401 1127 4454 ed
1146 4401 1230 4456 Phile·

68 4467 193 4532 deinceps
207 4475 266 4532 post
277 4465 356 4514 lulum·
374 4465 471 4526 XXX..
485 4475 543 4532 post
557 4465 634 4518 ΝΜ·
668 4477 793 4519 moncons·
