3018 4994
272 323 333 386 426
695 333 816 383 εινοτι
835 333 1001 385 ινινιιινιι

271 459 447 533 κτανθῆννι,
469 449 670 533 συνελθούσης
685 457 725 538 τῷ
741 448 802 514 άνιο
818 453 918 536 πατρί,
939 453 990 516 καλ
1003 451 1140 536 καθαράν
1153 455 1269 538 σπίρμα
1283 453 1332 520 τδν
1345 453 1403 536 Σήθ

271 553 446 637 ποιησάσης,
463 556 492 631 ἕξ
507 545 598 637 οὗπερ
613 551 715 620 λοιπύν
726 556 862 636 κατήχθη
876 551 908 618 τύ
922 553 1041 620 πάντων
1055 553 1226 641 ἀνθρώπων
1238 559 1329 644 γένος.
1356 557 1403 620 Καί

272 655 358 722 αύτσὶ
373 657 404 720 δὲ
420 653 511 741 άρχάς
525 657 575 720 καί
590 658 738 734 ἔξουσίας,
760 658 810 720 καὶ
827 655 882 721 ῖίσα
898 660 929 721 οῖ
941 655 1020 724 άλλοι
1038 661 1273 743 δσγματίζουσιν,
1296 655 1402 744 ἐδογμά-

270 781 361 824 τισαν.

355 859 386 939 ζ’.
414 859 599 946 Ἀρχσντικολ
647 853 737 926 Οὗτοι
755 860 842 926 πάλιν
860 865 900 937 είς
916 862 1041 938 πολλούς
1050 861 1212 948 ’Ἀρχοντας
1228 865 1260 930 τύ
1276 871 1335 928 πᾶν
1348 861 1402 928 άνα-

271 966 405 1047 φίρουσι,
428 967 478 1027 καλ
492 963 528 1028 τά
542 962 683 1048 γενόμενα
697 965 729 1029 ἐκ
745 962 859 1029 τούτων
873 972 1047 1049 γεγενῆσθαι
1062 969 1203 1052 λέγουσιν.
1241 965 1404 1032 Ἀλίσιιονται

270 1067 367 1131 δὲκαὶ
382 1068 431 1131 ἐπὶ
446 1065 612 1148 αι’σχρύτητί
626 1093 695 1132 τινι·
718 1065 828 1149 σαρκύς
842 1067 873 1131 δὲ
888 1065 1045 1133 άνάστασιν
1059 1066 1212 1148 α’θετοῖισι,
1230 1071 1279 1134 καὶ
1292 1065 1404 1133 παλαιάν

270 1168 419 1252 διαθήκην
433 1167 628 1251 διαβάλλουσι.
660 1170 822 1252 Κέχρηνται
837 1171 868 1234 δὲ
882 1172 931 1234 καῖ
947 1177 1055 1257 παλαιᾷ
1071 1172 1119 1235 καλ
1136 1173 1188 1258 νίμ
1205 1171 1336 1260 διαθήκη
1351 1167 1401 1236 λεί·

271 1293 341 1353 στην
361 1274 437 1349 λε’ξιν
459 1274 500 1347 είς
522 1269 573 1336 τύν
595 1273 707 1336 ἑαυτῶν
727 1277 801 1335 νοῦν
822 1269 1044 1353 μεθοδεύοντες.

352 1475 387 1558 η’.
418 1481 625 1561 Κερδωνιανοί.
672 1479 711 1540 Οί
725 1474 785 1542 άπὸ
803 1479 958 1562 Κίρδιονος
974 1475 1033 1542 άτιύ
1054 1475 1303 1563 ιοἩρακλέωνος,
1330 1479 1403 1540 ΙΙδε·

268 1579 395 1660 ξαμίνου
417 1577 470 1661 τὴν
492 1577 616 1662 μετοχὴν
636 1585 688 1662 τῆς
705 1577 833 1660 πλάνης,
863 1581 1046 1664 προςθίντος
1064 1581 1095 1645 δὲ
1111 1585 1147 1670 τῇ
1164 1577 1278 1669 άπάτη·
1307 1579 1341 1656 δς
1355 1575 1405 1644 άπύ

268 1689 320 1763 τῆς
336 1685 448 1764 Συρίας
469 1682 510 1756 είς
527 1677 641 1762 Ῥώμην
657 1680 836 1763 μεταναστὰς
853 1681 885 1747 τύ
905 1681 1042 1766 κήρυγμα
1060 1681 1155 1748 αύτσιῖ
1170 1685 1290 1760 letone
1306 1679 1405 1764 λυγρά

269 1809 333 1859 νοις
345 1781 463 1870 ’Τγίνου
478 1782 650 1848 ἐπισκόπου.
695 1782 760 1848 Δύο
776 1784 808 1848 δὲ
825 1781 916 1868 άρχάς
931 1783 1068 1868 κηρύττει
1084 1777 1173 1861 οὗτος
1187 1788 1318 1860 ἐναντίας
1332 1781 1404 1864 άλλη·

268 1895 346 1964 λαις,
369 1883 410 1968 μή
426 1883 501 1951 εἶναι
520 1886 596 1950 ¹²63
613 1883 663 1951 τάν
681 1885 810 1970 Χριστύν
824 1885 974 1970 γεννητδν·
998 1883 1110 1967 δμοίως
1125 1911 1155 1952 τε
1171 1895 1282 1972 νεκρῶν
1295 1885 1404 1952 άνάσια-

271 2009 318 2054 σιν
339 1985 453 2066 άθετεῖ,
477 1991 527 2054 καλ
552 1986 632 2052 1’τά
653 1987 727 2052 κατά
749 1987 802 2070 τήν
824 1987 951 2053 παλαιάν
973 1989 1133 2072 διαθήκην.

353 2089 392 2156 θ’.
421 2096 655 2176 Μαρκιανισταί.
699 2095 847 2174 Μαρκίων
862 2087 881 2154 ά
898 2087 958 2156 άπύ
979 2091 1098 2158 Πόντου
1116 2091 1288 2176 ὁρμώμενος
1303 2087 1405 2156 ἐπισκύ-

268 2219 328 2260 πον
344 2195 397 2276 μίν
411 2186 451 2274 ἦν
466 2191 546 2270 νίδς,
569 2199 698 2277 φθείρας
714 2193 747 2258 δὲ
762 2194 914 2277 παρθένον
930 2191 1061 2276 άπίδρα,
1084 2192 1134 2260 διά
1151 2195 1184 2259 τύ
1201 2197 1343 2272 ἐξεώσθαι
1355 2187 1404 2256 ύπύ

267 2305 320 2362 τοῦ
338 2300 414 2361 ίδίου
430 2293 542 2381 πατρὸς
560 2293 619 2360 άπύ
636 2303 688 2377 τῆς
704 2297 873 2377 ἐκκλησίας,
896 2293 1029 2361 άνελθών
1043 2321 1073 2361 τε
1089 2299 1132 2373 είς
1144 2293 1261 2379 Ῥώμην
1275 2299 1325 2362 καλ
1339 2291 1405 2374 αίτῖμ

268 2420 321 2474 σας
337 2397 493 2480 μετάνοιαν
515 2395 586 2474 τούς
606 2395 669 2464 κατ’
690 2400 784 2463 ἐκεῖνο
812 2401 979 2482 14καιροῦ,
1009 2401 1060 2464 καὶ
1077 2395 1119 2481 μὴ
1136 2398 1249 2483 τυχών,
1279 2399 1406 2482 ἐπαρθείς

267 2499 342 2566 κατά
361 2509 414 2583 τῆς
430 2505 554 2576 πίστεως
570 2499 756 2586 ἐδογμάτισε,
788 2507 865 2584 τρεῖς
880 2497 970 2582 άρχάς
986 2501 1227 2585 είςηγησάμενσς,
1259 2499 1369 2586 άγαθύν
1380 2521 1405 2562 τε

266 2605 316 2668 καλ
337 2607 452 2670 δίκαιον
470 2606 521 2667 καὶ
541 2609 671 2682 φαῦλον,
703 2599 778 2667 ελναί
794 2626 824 2666 τε
840 2601 945 2683 καινὴν
963 2603 1115 2685 διαθήκην
1130 2602 1281 2688 άλλοτρίαν
1298 2609 1405 2686 τῆςπα·
1477 2631 1478 2652 ι

265 2713 348 2780 λαιᾶς
362 2707 414 2770 καὶ
429 2712 480 2770 τοῦ
497 2707 529 2770 ἐν
543 2703 619 2794 αὐτῇ
632 2701 816 2787 λαλήσαντος.
852 2701 1023 2769 Ἀνάστασιν
1036 2705 1147 2790 σαρκδς
1161 2703 1270 2771 άθετεῖ.
1310 2704 1404 2770 Βῖπει
1477 2717 1478 2788 η

267 2829 324 2890 σμα
340 2811 461 2872 δίδωσιν
475 2803 512 2872 ού
526 2805 619 2888 μόνον
629 2811 675 2885 ἓν,
698 2804 768 2870 άλλά
782 2809 833 2870 καλ
847 2811 913 2890 τρία
927 2806 998 2888 μετά
1013 2806 1045 2872 τά
1061 2816 1250 2892 παραπεσεῖν.
1287 2805 1406 2890 ’Τπλρδλ

267 2917 327 2974 τών
343 2908 514 2974 τεθνεώτων
530 2911 757 2991 κατηχονμίναν
771 2907 852 2974 άλλοι
872 2907 941 2993 παρ’
959 2907 1060 2985 αύτοῖς
1076 2913 1272 2992 ῥαπίζονται
1314 2909 1406 2982 ’Mc

268 3013 371 3076 δὲκαὶ
394 3012 527 3097 γυναιξὶν
550 3013 697 3094 ἐπιτρέπει
718 3013 812 3092 δῆθεν
833 3009 958 3095 λουτρδν
980 3010 1103 3077 διδόναι.

353 3112 379 3177 ι’.
408 3117 629 3178 Λουκιανισταί.
673 3110 845 3188 Λουκιανός
859 3138 904 3188 τις
921 3110 1055 3196 α’ρχαῖσς,
1080 3111 1132 3196 σύγ
1148 3112 1167 3180 ά
1182 3120 1237 3180 νῦν
1255 3117 1288 3181 ἔν
1303 3113 1406 3200 χρόνοις

268 3221 493 3282 Κωνσεαντίνου
508 3213 679 3300 γενόμενος,
701 3213 798 3279 πάντα
813 3212 888 3280 κατά
905 3221 1073 3298 Μαρκίωνα
1088 3215 1276 3300 ἐδογμάτισε,
1297 3214 1367 3302 πρύς
1380 3212 1406 3276 di

267 3317 392 3393 τούτους
408 3319 457 3383 καλ
473 3316 555 3400 ἕτερά
569 3343 634 3382 τινα
650 3314 732 3402 παρά
750 3313 803 3382 τάν
817 3322 988 3402 Μαρκίυνα
1003 3319 1053 3382 καί
1071 3315 1161 3394 αύτδς
1176 3322 1272 3400 δῆθεν
1286 3336 1404 3404 περισσο-

269 3421 361 3506 τέρως
381 3422 553 3504 δογματίζει.

145 3565 195 3610 1⁸¹8·
207 3553 255 3598 ιιι,
353 3525 400 3588 ια’.
434 3519 668 3604 15Ἀπελληανοί.
714 3522 774 3584 Καί
796 3513 886 3597 οὗτος
907 3518 1079 3605 δἈπελλῆς
1099 3521 1135 3586 τιῖ
1153 3522 1244 3605 ὅμοια
1260 3527 1405 3609 Μαρκίαν

267 3628 318 3690 καί
342 3630 504 3711 Λουκιανῷ
525 3627 637 3702 κακίζει
658 3620 711 3704 την
732 3630 830 3688 πᾶσαν
851 3629 971 3704 ποίησιν
991 3625 1042 3689 καὶ
1066 3622 1117 3689 τάν
1138 3625 1335 3708 πεποιηκότα,
1359 3618 1405 3702 σύγ

269 3725 379 3810 δμοίως
396 3727 428 3792 δὲ
443 3725 560 3801 τούτοις
575 3733 652 3808 τρεῖς
669 3722 760 3808 άρχάς
775 3723 962 3810 είςηγήσατο,
991 3723 1062 3790 άλλά
1077 3730 1148 3809 μίαν
1164 3727 1216 3808 μὲν
1232 3726 1338 3811 άρχήν,
1361 3725 1404 3788 καλ

269 3831 321 3894 ἕνα
336 3826 411 3894 θεάν
424 3827 494 3892 ὅντα
509 3825 658 3894 άνώτατυν
672 3828 721 3890 καλ
737 3823 993 3910 άκατονόμαστον,
1016 3825 1108 3894 αύτύν
1123 3829 1155 3894 δὲ
1169 3826 1220 3894 τδν
1234 3831 1285 3894 ἕνα
1299 3851 1405 3906 πεκοιη

268 3933 350 3996 κέναι
373 3929 467 3996 ἄλλον.
513 3932 573 3994 Καὶ
595 3921 683 4004 οὗτος
700 3926 717 3995 ά
733 3928 861 4015 γεγονώς
878 3927 1008 4014 πονηράς
1025 3928 1158 4015 εύρεθελς
1174 3934 1310 4014 ἐποίησεν
1328 3933 1356 3996 λι
1374 3933 1405 4012 τῇ
1476 4005 1477 4020 η

269 4031 362 4098 αύτσῦ
384 4031 546 4114 φαυλότητι
565 4030 618 4097 τδν
637 4031 757 4114 κόσμον.

352 4134 399 4216 ιβ.
427 4138 613 4222 Σενηριανοί.
659 4140 794 4218 Σευῆρος
811 4133 901 4200 πάλιν
918 4161 961 4210 τις
977 4141 1018 4223 τῷ
1035 4133 1155 4224 Ἀπελλῇ
1179 4133 1404 4218 ῑθσννεπάμννς

305 4357 342 4408 10.
360 4362 396 4410 λίσ
411 4363 520 4422 rescripsi
536 4373 590 4412 ιντο
608 4361 678 4419 νυλςο
694 4363 773 4409 extare
789 4362 825 4410 ον’·
895 4357 932 4408 λΙ.
955 4357 1244 4425 &flammandam
1264 4367 1297 4412 σελ
1316 4357 1403 4412 PM.

268 4429 346 4477 σπιυι
360 4421 519 4490 Ἡρακλείου.
543 4430 575 4480 1ο.
588 4429 746 4479 nummus
758 4429 825 4477 λαοτί
860 4427 933 4487 λἰιλςο
949 4432 1012 4476 exto!
1029 4423 1165 4492 δεξάμενοι.
1201 4429 1403 4482 Imaum

267 4487 318 4546 α’πλ
336 4491 470 4560 Κίρδονοος
492 4496 535 4552 τοῦ
551 4491 717 4563 Ἡρακλέωνα
740 4497 824 4550 διαδε-
859 4495 926 4544 habet
944 4492 1131 4559 διαδεξαμένου.

268 4559 381 4628 Εαμίνον.
895 4561 934 4613 12.
950 4577 979 4614 τε
995 4563 1093 4614 loannes
1108 4565 1220 4617 θοιυσνο.
