3036 4998
357 301 491 356 ιιιιιιιιι
509 305 571 355 cre.
585 303 604 356 ι.
623 303 704 358 rom.
719 301 749 357 ιι.
767 303 865 357 unes.
881 303 970 358 xxx.
1178 297 1236 360 291

95 422 154 487 aius
177 423 337 508 castigandi
360 443 462 487 caussa
486 425 557 489 deus
579 425 688 489 edixit:
721 431 904 506 Peregrrhum
925 433 983 488 err't
1000 450 1091 491 semen
1112 440 1189 490 turem
1211 435 1240 492 ιἰι
1253 443 1310 486 uon.
1319 442 1351 498 ιι,
1360 443 1393 487 ιι.

95 537 170 588 ternu
190 530 300 601 uicena,
335 539 366 588 et
383 528 531 590 sudri'ctent
549 549 596 589 eos
614 533 746 589 smur'heti
760 533 974 610 quudrtirgentr's
991 536 1083 592 naurs.
1131 527 1240 612 Quum·

92 628 189 692 ohrem
206 629 372 693 stabihtatis
388 629 537 694 cuiusdam
552 651 587 692 ao
603 629 747 693 firmitatis
764 631 871 712 gratia,
895 653 947 716 pro
963 651 998 695 eo
1015 633 1089 716 quud
1108 635 1239 698 norruihii

94 731 264 796 addubitans
285 730 411 797 dixisset
430 735 505 793 Num
528 737 687 794 centenurii>
709 745 841 796 irascetur
852 736 962 815 filius?
991 754 1028 796 ne
1050 735 1112 799 cius
1129 739 1238 821 posteri

92 834 253 898 infidelibus
276 834 474 917 idolorumque
494 833 653 897 cultoribus
673 833 827 920 Aegyptiis
848 835 877 898 iu
901 835 1072 899 servitutem
1094 837 1170 918 dati,
1203 841 1239 904 ad

92 937 207 1002 eosdem
231 957 304 1020 quos
326 946 356 998 ct
373 934 451 999 iliius
468 937 594 1000 maiores
610 938 741 1002 venerati
759 939 889 1015 humant,
923 938 994 1001 deos
1015 959 1082 1003 sese
1099 943 1239 1006 transier-

93 1050 168 1117 rent,
193 1049 250 1102 tam
264 1038 434 1102 Abrahamo
448 1038 515 1122 ipsi,
540 1059 623 1122 quam
641 1039 704 1102 cius
720 1039 802 1126 stirpi
817 1039 1066 1104 circumcisionem
1084 1041 1159 1106 iham
1176 1066 1238 1109 car-

91 1141 135 1204 uis
149 1140 275 1219 inussit,
305 1151 338 1204 ut
352 1140 416 1205 eius
435 1149 555 1226 aspectu
569 1141 760 1204 commonitos
776 1144 941 1206 reverentia
958 1143 1097 1228 quaedam
1113 1145 1240 1212 numinis

91 1244 219 1322 subiret,
252 1243 421 1328 quominus
442 1243 556 1306 eiurare
579 1244 647 1307 ittut
667 1245 818 1308 auderent.
864 1241 910 1308 Ea
929 1267 1016 1330 porro
1035 1247 1069 1308 ad
1090 1243 1238 1312 Christum

91 1367 182 1432 usque
196 1347 366 1431 permansit,
389 1345 513 1430 ideoque
529 1355 558 1408 et
573 1345 649 1408 uitro
665 1345 831 1409 circumcidi
846 1347 909 1432 ipse
922 1347 1025 1426 voluit,
1048 1358 1078 1410 et
1091 1349 1178 1412 Ιιοιιιιι
1192 1369 1239 1413 rc-

90 1449 151 1532 ipsa
170 1451 345 1530 samusart,
376 1449 452 1512 idem
473 1446 521 1531 qui
540 1457 571 1510 et
589 1447 660 1510 dous
679 1447 801 1512 verbum
820 1469 836 1509 a
857 1459 937 1533 patre
956 1449 991 1511 de
1012 1449 1094 1514 coelo
1113 1451 1236 1536 lapsum,

91 1571 148 1614 nou
172 1573 237 1616 cam
260 1573 344 1636 quarn
367 1549 491 1613 hahebat
514 1548 692 1613 divinitatem
716 1549 867 1635 deposuit,
901 1550 952 1614 sed
970 1571 1041 1614 rere
1059 1573 1176 1615 (carnum
1194 1555 1239 1617 in-

90 1655 182 1718 dueus
206 1664 290 1739 atque
312 1675 350 1717 ex
374 1653 501 1735 perfecta
523 1650 647 1714 hominis
669 1661 772 1714 natura
795 1651 965 1716 coalescens
988 1652 1238 1720 circumcisionem

90 1758 254 1841 usurpavit.
299 1754 384 1839 Quod
407 1765 497 1818 totum
521 1775 560 1818 ex
583 1753 625 1816 rei
649 1753 774 1817 veritate
796 1765 909 1837 gestum
932 1765 992 1834 est,
1026 1766 1057 1820 ιιι
1075 1768 1106 1820 et
1124 1753 1235 1839 ludaei,

89 1859 329 1942 quemadmodum
345 1857 451 1921 dictum
468 1865 525 1934 est,
549 1864 580 1918 et
591 1851 761 1918 Manichaei
775 1855 853 1919 omni
870 1857 1113 1938 tergiversatione
1127 1860 1238 1924 sublata

89 1960 225 2024 convinci
243 1960 378 2024 facillime
395 1970 531 2045 possent,
562 1979 597 2020 ac
612 1955 802 2020 circumcisus
819 1957 883 2042 ipsc
901 1959 1042 2044 abrogata
1060 1961 1164 2025 merito
1182 1961 1238 2026 cir·

89 2061 268 2126 oumcisione
284 2063 422 2126 maiorem
442 2062 583 2145 quandam
600 2059 761 2122 induceret.
801 2057 871 2124 Nou
887 2061 969 2144 quasi
983 2065 1080 2146 priore
1094 2063 1140 2127 itta
1156 2087 1238 2129 care·

87 2174 153 2244 ret,
187 2163 363 2248 minimeque
381 2163 560 2248 suscepisset
574 2162 604 2224 in
620 2181 705 2238 sese,
737 2161 788 2224 sed
807 2173 839 2224 ιιι
855 2181 887 2224 ca
904 2165 1074 2246 perfunctus
1091 2166 1161 2230 nutrit
1181 2168 1237 2232 iam

87 2287 156 2331 esse
176 2265 374 2330 necessariam
395 2265 581 2343 ostenderet,
605 2265 657 2328 sed
676 2261 760 2326 ahiam
779 2261 865 2346 longe
884 2262 933 2327 iliu
951 2259 1205 2348 praestantiorem.

175 2365 262 2451 Quod
276 2378 372 2432 autem
388 2366 510 2431 subinde
523 2366 552 2430 in
568 2367 660 2430 lucem
675 2365 770 2428 editos
786 2364 858 2428 deus
873 2366 971 2445 fuerit,
991 2389 1050 2431 uou
1064 2369 1149 2433 homo
1166 2374 1238 2437 duu-
1280 2374 1339 2443 cup.

87 2483 184 2548 taxat,
209 2466 337 2553 ahiagis
354 2479 455 2554 aperte
472 2468 686 2554 comprohatum
704 2478 760 2530 cst.
798 2464 948 2551 Siquidem
965 2467 1066 2555 elapso
1082 2471 1138 2534 ium
1155 2472 1237 2538 hieu·
1253 2443 1356 2497 xm·

87 2574 151 2652 niu,
176 2573 254 2657 quod
270 2571 362 2656 ipsum
381 2571 483 2636 steliae
499 2582 611 2656 tempus
627 2567 737 2634 Herodi
751 2567 968 2653 significarunt,
990 2593 1007 2634 a
1024 2571 1142 2638 hiennio
1158 2575 1238 2640 ride-

86 2675 158 2739 licet
182 2684 270 2758 atque
297 2673 391 2752 intra,
425 2671 658 2757 Hierosolymam
683 2671 835 2734 cenricutes
860 2671 1133 2758 interrogantesque
1155 2673 1236 2761 Magi
1250 2693 1335 2744 matun.

85 2799 153 2842 eom
169 2774 333 2842 Bethleemi
347 2776 429 2840 nasci
446 2772 594 2840 Christum
613 2784 749 2858 oportere
766 2772 952 2851 didicissent,
977 2774 1012 2838 ab
1027 2775 1099 2838 urbe
1113 2776 1236 2862 digressi
1250 2745 1276 2802 ²'
1291 2750 1321 2792 ’ᾖ

85 2891 175 2958 suut,
209 2879 367 2964 eademque
389 2880 462 2943 duce
484 2876 569 2942 stella
586 2873 786 2940 Bethleemum
809 2873 986 2960 aspirarunt.
1032 2873 1092 2957 ihi,
1124 2892 1238 2964 postea·

85 3003 175 3066 quarn
193 2981 366 3066 introgressi
388 2993 473 3059 suut,
503 2975 651 3046 Christum
674 2999 739 3042 cum
757 2974 854 3040 Maria
876 2989 968 3042 matre
989 2993 1178 3064 repererunt,
1210 2993 1240 3047 et

86 3083 278 3169 procidentes
305 3084 501 3148 adoraverunt
525 3101 590 3145 eum
613 3080 835 3163 obtuleruntque
858 3101 990 3144 munera.
1041 3078 1238 3164 Quamobrem

86 3207 156 3250 cum
182 3184 280 3249 statim
305 3187 443 3250 adoretur
465 3185 513 3270 qui
534 3192 698 3261 natusest,
733 3203 790 3246 uun
807 3182 901 3246 nudos
918 3192 964 3247 est
980 3183 1066 3249 homo
1083 3185 1134 3249 sed
1153 3187 1236 3268 deus,

87 3307 187 3372 neque
211 3297 278 3372 post
296 3308 390 3352 annos
410 3287 543 3371 triginta,
575 3285 622 3350 uel
643 3283 832 3370 baptismum,
864 3281 999 3350 Christus
1019 3287 1156 3370 efficitur,
1186 3293 1237 3355 sed

86 3391 216 3455 suhiude
232 3385 370 3456 Christus
386 3412 403 3454 e
418 3387 515 3454 Maria
531 3388 645 3472 virgine
662 3388 733 3452 deus
748 3386 857 3472 pariter
873 3396 959 3470 atque
976 3388 1061 3452 homo
1078 3401 1163 3456 uatus
1180 3403 1235 3457 est.

86 3491 257 3579 Propterea
272 3493 369 3556 statim
386 3492 481 3576 augeli
499 3493 626 3555 coeleste
645 3510 763 3554 carmen
781 3487 954 3554 concinunt:
986 3495 1083 3554 Gloria
1098 3498 1128 3555 ιἰι
1145 3500 1238 3558 eccel-
1250 3513 1334 3576 caea,
1345 3520 1376 3567 u.

85 3603 128 3658 sis
146 3601 219 3669 deo,
244 3606 274 3656 et
287 3599 317 3656 r'n
336 3607 413 3658 remu
424 3617 500 3675 pur,
531 3595 686 3656 hominihus
696 3612 836 3674 propensu
853 3595 990 3655 uoluntas.
1037 3591 1098 3659 Sed
1116 3605 1146 3660 et
1162 3597 1239 3662 tetici

86 3696 266 3774 iliouuutio
285 3707 419 3783 pastores
434 3695 653 3781 impertiunturs
684 3699 777 3757 Notus
793 3707 837 3757 eat
855 3698 947 3771 eodm,
979 3697 1128 3780 inquiunt,
1158 3702 1239 3762 tome

88 3807 229 3866 Chrmtam
241 3805 368 3863 domairac
382 3804 412 3861 ιἰι
428 3803 540 3861 miiitum
552 3803 652 3860 traam
691 3795 798 3881 Neque
814 3796 868 3861 hoc
883 3801 988 3876 sotum,
1007 3799 1109 3864 infelix
1122 3797 1234 3866 Ebiou!

87 3905 124 3969 dc
140 3901 268 3970 Christo
281 3901 497 3989 comprobatur,
517 3921 617 3966 rorum
633 3897 721 3963 etiam
735 3919 812 3962 anno
827 3899 931 3963 aetatis
946 3901 1116 3966 duodecimo
1131 3905 1238 3969 sedens

87 4008 172 4070 inter
191 4005 360 4070 sacerdotes
378 4025 414 4068 ac
431 4004 563 4067 seniores
581 4013 714 4088 repertus
730 4011 792 4081 est,
817 4021 881 4064 cum
899 4023 950 4067 eos
967 4003 1178 4088 interrogaret,
1203 4027 1238 4072 ac

86 4133 158 4174 cum
175 4109 235 4173 iliis
251 4106 428 4190 inquireret,
456 4105 530 4170 adeo
549 4115 581 4168 ut
597 4109 768 4168 intimentur
782 4109 811 4166 in
832 4105 914 4166 uerbo
925 4111 1053 4186 pache,
1083 4112 1158 4190 quod
1167 4131 1237 4191 pro-
1248 4127 1372 4190 oneum

86 4213 212 4274 cedrum
224 4214 259 4271 de
274 4231 323 4270 ore
336 4213 407 4270 uias.
453 4205 521 4274 Nou
538 4207 592 4273 hoc
607 4228 683 4270 auno
699 4207 811 4270 demum
828 4207 976 4291 trigesimo
991 4208 1125 4290 iaciebat,
1149 4221 1181 4276 ut
1196 4213 1238 4278 di·

86 4334 161 4379 ccre
186 4310 299 4396 possis,
330 4331 368 4373 ex
386 4331 442 4394 quo
459 4311 576 4396 spiritus
592 4309 621 4372 in
640 4330 706 4373 eum
723 4320 841 4372 sanctus
858 4309 977 4396 illapsus
997 4323 1057 4392 est,
1087 4308 1236 4380 Christum

85 4435 159 4481 esse
183 4413 335 4499 coepisse,
367 4407 541 4476 scdaXll.
562 4411 676 4491 statim,
708 4411 748 4475 uti
769 4411 911 4492 diximus,
943 4424 1044 4498 estque
1067 4412 1185 4482 aLuca
1205 4417 1237 4484 iu

85 4514 252 4600 evangelio
271 4513 426 4600 proditum.
472 4512 637 4598 Quinetiam
654 4513 738 4600 pauiu
760 4525 828 4580 ante
846 4535 928 4596 oum,
957 4525 988 4578 ut
1005 4518 1113 4662 rptert,
1143 4539 1237 4608 paena

969 4622 1007 4685 19
