3018 4994
368 359 502 414 cunnum
519 359 581 412 cm.
595 363 614 412 t.
630 359 711 414 nom.
725 362 757 413 n.
774 361 872 414 utun.
888 361 1000 413 xxxu.
1195 351 1255 416 393

105 505 158 550 ree
175 483 295 564 hubent,
327 481 475 548 incudem
494 501 597 546 omnes
613 481 781 546 consuendo
799 482 932 566 dogmate
951 493 1119 548 vereantur.
1163 481 1257 569 lnpei-

104 587 163 652 mis
178 585 346 673 Epiphanes
362 585 430 650 illud
447 605 513 648 com
531 594 629 669 putee,
653 582 812 668 eodemque
829 584 961 649 hneeesis
977 585 1128 652 conditore
1145 583 1257 673 Carpo-

105 700 189 755 cente
206 689 353 766 decreuit,
376 687 556 774 promiscuos
575 707 642 752 esse
660 686 799 770 coniuges
817 698 972 773 opocteecq
1001 687 1106 773 purtim
1124 691 1200 775 quod
1217 691 1257 755 ite

103 791 193 856 Pluto
211 792 240 854 in
258 790 339 854 libris
357 791 393 854 dc
408 788 570 875 Republica
586 789 755 867 statuisset,
780 791 884 874 purtim
903 800 932 854 ut
951 791 1092 876 privatam
1109 791 1256 858 libidinem

104 896 252 981 expleret.
297 889 357 958 Sed
375 893 442 956 iude
456 892 619 977 disputandi
636 890 748 956 initium
765 891 845 955 lucit.
884 891 956 956 Tria
975 893 1172 958 eunuchorum
1189 917 1256 960 esse

102 1017 234 1084 geuene,
267 995 342 1080 quod
365 1017 383 1060 a
403 995 551 1060 soluotoee
571 996 678 1060 dictum
699 995 852 1078 evaugelio
871 1015 955 1058 soene
975 1006 1129 1061 testentur.
1175 995 1253 1062 Nom
1267 1011 1352 1056 Mans.

102 1101 180 1164 elios
197 1119 264 1164 esse
282 1099 329 1183 qui
349 1097 566 1163 abdominibus
585 1096 697 1162 exsecti
717 1107 802 1176 sunt,
833 1097 905 1162 elios
926 1099 966 1162 itu
987 1109 1126 1164 coetum
1146 1099 1251 1180 lectos,
1269 1065 1300 1115 ω’
1314 1065 1345 1108 ¹²

102 1202 181 1268 elios
204 1203 252 1287 qui
274 1201 410 1267 coelestis
432 1199 515 1285 segni
533 1199 628 1285 guntin
646 1209 750 1285 sponte
771 1221 838 1265 sese
857 1211 1034 1264 cestrsnuot.
1080 1199 1138 1285 Qui
1155 1202 1256 1286 igitur,

101 1306 207 1384 siunt,
241 1304 314 1369 toles
331 1304 508 1369 necessitate
523 1313 591 1368 sunt
611 1303 696 1382 lecti,
724 1323 782 1366 non
801 1301 829 1366 id
849 1313 930 1368 certo
948 1303 1071 1368 consilio
1091 1305 1255 1369 secutione

102 1419 317 1493 susceperunt:
345 1406 393 1491 qui
415 1427 448 1470 se
468 1427 540 1472 veno
560 1414 679 1492 propter
696 1405 825 1470 coeleste
843 1427 965 1490 regnum
984 1416 1204 1482 castraverunt,
1227 1407 1255 1470 id

103 1513 142 1576 ed
158 1511 345 1576 declinandus
359 1509 486 1592 coniugii
502 1507 652 1572 molestias
667 1518 801 1592 egerunt,
822 1510 897 1593 quod
913 1509 981 1572 illud
998 1509 1198 1594 procurandus
1213 1510 1256 1573 rei

103 1613 261 1678 lumiliuris
279 1633 351 1676 onus
373 1633 407 1676 nc
424 1610 645 1676 sollicitudinem
670 1612 817 1675 timerent.
862 1615 966 1674 Melius
987 1624 1030 1673 est
1050 1613 1154 1674 nubere
1174 1634 1256 1694 quom
1271 1629 1377 1682 tenet,
1389 1627 1408 1671 n.

102 1723 163 1779 κη’.
199 1712 327 1780 Proinde
343 1735 415 1778 cave
430 1713 554 1778 unionum
569 1725 646 1779 tuem
662 1713 801 1798 inignem
817 1713 957 1777 immittes
972 1713 1030 1798 (sic
1043 1714 1120 1778 euim
1136 1714 1172 1777 alt
1188 1736 1258 1799 upo-

102 1819 184 1884 stolo
202 1829 386 1903 praeceptum
403 1837 470 1882 esee
487 1815 617 1898 dicunt),
641 1817 707 1880 dum
723 1829 825 1881 noctes
841 1816 961 1901 diesque
978 1817 1111 1896 resistis,
1135 1838 1169 1881 ee
1187 1838 1224 1881 oe
1241 1839 1257 1879 u

102 1921 242 1986 castitate
262 1919 382 1984 excides
403 1919 595 2004 pertimescis.
641 1915 791 2002 Siquidem
808 1918 921 1983 sninuus
939 1929 1056 1996 noster,
1081 1920 1147 1982 dum
1164 1919 1194 1982 in
1210 1940 1258 1982 rc·

102 2023 263 2110 pugnando
281 2021 507 2106 obsistendoque
527 2031 603 2086 totus
625 2031 670 2084 est
689 2041 707 2084 a
724 2041 775 2107 spe
793 2041 845 2084 sun
865 2021 1038 2107 dissipatus,
1068 2021 1256 2086 abstrahitur.

103 2132 251 2190 Patt'enter
265 2131 356 2206 egilon·
372 2125 438 2198 nli,
464 2136 496 2186 ct
508 2127 597 2206 poulo
614 2135 679 2188 onte
696 2127 867 2186 eodurtundo
883 2127 980 2186 monui
993 2123 1080 2205 (haee
1097 2123 1127 2187 in
1145 2121 1258 2188 Eumeis

102 2227 216 2294 Isidori
235 2227 323 2292 verbu
341 2231 441 2309 suut),
466 2232 636 2290 contumaees
654 2232 754 2288 umoris
771 2248 862 2288 mores
877 2231 1132 2301 succendissent,
1163 2251 1199 2289 ne
1213 2231 1262 2290 dei

102 2452 165 2500 tum
182 2447 210 2498 te
223 2439 324 2516 opteina
332 2435 431 2514 fretus
445 2437 614 2494 conscientia
629 2435 668 2494 nd
680 2436 815 2494 orandum
831 2447 970 2496 conuerte.
1015 2437 1073 2495 Sed
1087 2455 1148 2496 cum
1166 2439 1195 2496 in
1207 2457 1259 2516 po·

100 2541 284 2608 studuleitnem
296 2540 457 2616 grotemum
474 2541 549 2598 uetuit
565 2547 613 2596 tuo
628 2537 859 2618 detumesceret,
884 2557 918 2596 ue
931 2541 1060 2616 detieccpe
1074 2548 1152 2598 sture
1165 2559 1260 2618 coepe-

101 2647 166 2715 ris,
200 2662 289 2722 neque
310 2642 341 2700 id
360 2650 451 2702 tomen
471 2640 624 2701 obtinueris
643 2649 676 2699 ut
693 2639 754 2700 lodi
762 2659 884 2718 prorsus
902 2659 936 2700 oe
954 2641 1076 2700 &wdone
1093 2643 1205 2702 destines
1223 2644 1262 2702 cd

100 2747 220 2824 nupttits
237 2743 392 2824 confugito.
438 2738 540 2824 Pergit
559 2740 679 2804 deiude:
713 2744 772 2802 Sed
786 2745 893 2802 inuenti
909 2753 962 2802 out
970 2761 1081 2822 pauper
1098 2753 1141 2804 est
1155 2747 1260 2824 uliquis

100 2857 159 2908 out
172 2846 339 2927 proclivior,
364 2847 416 2904 doc
432 2854 474 2905 est
489 2845 654 2917 einbeeillcm
678 2865 766 2924 neque
783 2865 820 2904 ee
832 2847 984 2923 apostoleco
996 2856 1146 2925 praecepto
1158 2849 1260 2907 ducere

100 2956 132 3012 εἰ
151 2949 224 3010 utet
243 2965 376 3019 usonem,
410 2947 456 3008 dic
472 2967 490 3006 o
506 2947 602 3026 fratre
619 2949 730 3006 meieime
746 2949 880 3006 de'ecedot.
926 2943 1003 3008 'l'um
1025 2947 1259 3011 excusandorum

101 3050 284 3136 flagitiorum
304 3046 487 3132 excogitatas
506 3047 637 3110 notiones
655 3047 782 3111 efferens
804 3045 892 3110 miens
912 3047 1015 3111 infelix
1035 3049 1201 3132 tragoedias
1220 3052 1260 3112 lo·
1310 3059 1319 3084 ⁸

71 3177 74 3182 ·
101 3157 156 3219 cit.
200 3155 295 3224 Dicet,
319 3149 423 3234 inquit,
447 3155 669 3230 luffeescsenm
686 3154 714 3212 in
729 3161 838 3223 coneto,
860 3153 1141 3230 pnte'nt'dilpossnm.
1183 3156 1264 3230 (istud

100 3263 132 3319 m·
146 3257 286 3336 eogitotm
301 3273 362 3314 eum
378 3254 601 3334 adipiscendem,
626 3257 712 3326 dicat,
737 3256 850 3326 Frater,
875 3257 983 3333 sinpone
997 3257 1068 3314 milli
1079 3273 1202 3328 menum,
1226 3277 1262 3316 ne

96 3379 234 3442 peccemp
265 3367 294 3417 et
313 3357 457 3438 conjectum
475 3366 650 3435 promentem
671 3377 733 3416 eum
755 3359 784 3416 in
801 3375 919 3436 corpore
936 3359 1011 3434 epse,
1046 3365 1102 3416 tum
1126 3360 1155 3418 in
1172 3369 1261 3418 mento

101 3483 184 3544 opem
202 3462 373 3539 eupert'etur.
423 3459 496 3518 Velit
508 3462 587 3538 modo
604 3461 679 3539 quod
691 3461 834 3520 honestum
848 3469 893 3519 eet
900 3460 1051 3538 perficere,
1075 3469 1104 3520 ct
1117 3463 1177 3520 con·
1188 3481 1262 3521 com-

98 3587 156 3646 pos
174 3565 287 3624 excitet.
322 3558 397 3624 Post
412 3559 484 3622 heco
499 3559 539 3622 its
552 3561 724 3644 loquuntur:
745 3563 951 3641 Nonnunquam
969 3581 1018 3622 ore
1032 3572 1112 3622 tenne
1126 3566 1260 3624 deminus:

102 3672 230 3728 l'eecore
243 3667 388 3738 nodemus,
412 3665 463 3724 sed
476 3667 586 3724 nonnus
603 3667 632 3724 uie
645 3674 763 3744 peceato
775 3667 939 3744 propendet.
987 3667 1044 3742 (lui
1056 3667 1193 3725 et'usmode'
1206 3676 1258 3740 est,

103 3771 185 3852 quod
200 3769 264 3827 uult
270 3776 390 3848 propter
404 3777 503 3827 metum
519 3787 574 3827 non
583 3767 672 3849 soeit,
696 3788 731 3827 ne
747 3769 777 3827 ei
785 3787 877 3845 poeno
890 3771 1088 3828 constituntur.
1120 3771 1164 3828 At
1174 3769 1262 3828 domi·

101 3893 172 3934 num
183 3872 287 3950 generi
297 3872 456 3930 necessariis
470 3871 604 3949 quaedum
616 3880 729 3930 suntne
741 3871 886 3932 nulurulic
900 3873 1049 3932 doemone.
1091 3873 1165 3932 Nam
1180 3874 1262 3932 cesti·

103 3977 158 4036 due
171 3975 356 4034 ute'notmmle
366 3973 454 4033 eeinul
464 3991 498 4032 uc
508 3977 694 4034 neceesarium
707 3983 766 4046 est,-
784 3975 925 4034 noturole'e
938 3983 982 4033 est
994 3993 1109 4033 meren
1122 3976 1259 4054 uoluptas.

191 4071 274 4137 fluec
290 4073 404 4137 illorum
422 4073 451 4136 in
470 4072 594 4136 medium
612 4073 719 4137 nll'cnec
736 4073 825 4138 verbu
845 4095 908 4138 sum
926 4084 1062 4152 conotus,
1095 4085 1127 4138 ut
1142 4095 1194 4138 eos
1212 4095 1260 4138 re·
1280 4083 1339 4150 cip.
1359 4083 1390 4132 v.

135 4212 163 4265 6.
182 4209 225 4264 ent
241 4211 308 4260 dotet
326 4211 436 4260 anneus.
698 4203 857 4279 ’Δναγκαέως
871 4209 901 4266 δὲ
918 4210 1013 4272 ταύτας
1028 4209 1176 4277 παρεθέμην
1191 4217 1240 4262 cett.

135 4281 162 4334 7.
179 4295 205 4330 τι
220 4273 353 4344 ἀναγκαῖον
370 4279 469 4338 conset,
486 4291 539 4328 eum
553 4281 606 4329 litei
621 4279 664 4328 lto·
733 4280 791 4332 cun.
802 4281 833 4330 V.
844 4309 877 4319 —-
894 4284 915 4332 l.
928 4279 1038 4348 έλέγχων
1054 4283 1174 4344 empetne.
1192 4283 1264 4362 Apud

101 4351 183 4400 went
197 4343 227 4398 ed
244 4341 385 4411 ἀναγκαῖον.
416 4341 663 4413 αρνιινινάναγκαῖον
699 4351 836 4398 Clementem
856 4351 913 4400 noce
932 4352 967 4397 lto
987 4362 1011 4398 se
1032 4351 1131 4398 notent:
1157 4347 1264 4407 Tuosne

101 4423 151 4470 stne
169 4417 269 4466 oetteuo
286 4420 368 4464 tuom.
696 4415 843 4483 παρεθέμην
864 4413 911 4474 τὰς
927 4412 1015 4481 φωνὰς
1034 4414 1070 4475 εἰς
1091 4413 1191 4498 ἔλεγχον
1212 4417 1263 4468 τῶν

133 4485 159 4537 8.
183 4481 228 4536 καὶ
243 4479 272 4536 τὸ
290 4487 360 4545 oetqet
374 4484 426 4532 eod.
442 4484 512 4532 Velie.
697 4482 733 4551 μή
757 4479 874 4554 βιούντων
895 4479 979 4548 ὀρθῶς
996 4481 1201 4544 Βασιλιδιανων,
1227 4479 1264 4544 nic

133 4551 159 4604 9.
178 4553 215 4602 lto
231 4551 369 4612 coertqendo
384 4555 451 4600 mont
471 4552 526 4601 leone
542 4551 612 4600 uerte
633 4565 662 4600 ee
696 4547 754 4618 ἤτοι
767 4549 876 4620 έχόντων
890 4549 1004 4614 (enucleo
1024 4551 1070 4608 καὶ
1086 4553 1131 4608 τοῦ
1149 4547 1265 4618 dpnpnoi·

101 4623 227 4674 Clemente.
245 4614 488 4682 tumescentem
499 4612 661 4686 depotentes.
694 4637 743 4674 νειν
759 4625 810 4672 cett.
