3018 4994
294 286 354 350 378
715 295 835 350 θλΝίλΤί
853 296 1023 350 ΕΡΙΡΗΔΝΙΙ

295 413 360 478 7λ’τι
375 411 422 478 ότι
436 412 472 478 τά
489 410 696 498 ἀπεγνωσμένα
711 413 786 494 ἔθνη
805 413 1029 500 σνγιιληρονόμα
1043 415 1093 480 καλ
1109 412 1251 499 σύσσαμα
1266 417 1316 482 καί
1333 419 1427 499 σηιμέ·

292 541 362 597 τοηα
375 521 435 580 τῶν
449 512 540 600 άγίων
553 519 712 598 πεποίηκεν
725 511 744 579 ό
757 513 830 592 θεός
841 513 882 598 μῆ
896 523 1022 594 σιωπᾶν,
1039 519 1089 582 καλ
1103 523 1168 594 πῶς
1179 515 1213 584 τό
1227 515 1341 601 θνητόν
1353 525 1428 585 τοῦτο

293 620 415 702 σαρκίον
430 618 579 682 ἐνδύσεται
592 615 767 695 ἀθανασίαν,
789 618 840 683 καί
853 615 887 682 τό
902 617 1041 703 φθαρτόν
1054 616 1237 704 ἀφθαρσίαν,
1256 622 1429 706 διαγγέλλειν,

294 725 357 795 πῶς
371 745 400 784 τε
417 721 491 805 έρεῖ,
519 716 553 784 ‘0
570 716 607 784 ού
622 716 693 795 λαός
707 717 792 798 λαός,
820 721 871 787 καλ
884 717 905 802 ἡ
920 717 975 786 ούκ
990 718 1164 807 ἠγαπημένη
1177 718 1367 808 τίγαιτημένη,
1385 725 1429 790 καί

292 826 355 897 πῶς
375 824 495 886 πλείονα
516 828 569 905 τῆς
590 820 703 906 ἐρήμου
725 819 761 886 τά
782 822 869 886 τέκνα
890 829 998 906 μᾶλλον
1015 822 1037 906 ἢ
1055 831 1108 907 τῆς
1124 823 1248 907 ἐχούσης
1265 823 1317 892 τόν
1335 824 1430 909 ἀνδρα,

291 921 455 1009 κηρύσσειν.
496 920 564 988 Ἐπί
579 921 692 990 τούτων
711 922 767 1008 γάρ
788 926 841 990 καί
857 926 906 990 έπί
922 931 980 990 τῶν
998 923 1110 1009 όμοίων
1128 924 1230 1002 αύτοῑς
1246 925 1430 1011 έπεβόησενό

292 1023 471 1100 ἀπόστολος·
487 1017 527 1090 Ὦ
543 1024 643 1108 βάθος
659 1023 788 1092 πλούτου
803 1028 851 1092 καί
867 1031 974 1108 σοφίας
986 1029 1038 1094 καλ
1052 1027 1187 1114 γνόσεως
1199 1036 1287 1108 θεοῦ,
1306 1027 1347 1105 ἀς
1359 1027 1429 1106 ἀνεξ·

291 1125 431 1214 ερεύνητα
452 1125 488 1192 τά
508 1132 634 1213 κρίματα
656 1126 763 1207 αύτοῦ,
793 1131 844 1194 καί
861 1125 1069 1212 ἀνεξιχνίαστοι
1091 1133 1125 1195 αί
1142 1127 1210 1198 όδοὶ
1232 1129 1338 1198 αύτού·
1367 1129 1430 1198 ἀλλά

291 1229 347 1297 ούιι
360 1232 391 1296 έν
404 1237 445 1318 τῷ
458 1227 533 1315 ύπδρ
546 1228 599 1298 τόν
614 1235 730 1312 κτίστην
744 1231 796 1296 καλ
809 1229 990 1316 δημιουργόν
1004 1233 1114 1317 μητέρα
1127 1231 1239 1300 τούτων
1253 1235 1306 1298 καὶ
1323 1231 1429 1300 ἀὐτοῦ

288 1331 470 1415 Ὲνθύμησιν
485 1335 605 1408 Αίῶνος
620 1333 841 1415 πεπλανημένον
855 1343 1059 1418 παρεκινοεῐν,
1080 1336 1132 1399 καλ
1147 1337 1189 1411 είς
1202 1343 1343 1402 τοσοῦτον
1354 1336 1430 1419 ῆιιειν

290 1439 476 1518 βλασφημίας
492 1432 561 1502 ούδέ
574 1432 607 1500 τό
622 1431 695 1518 ύπέρ
711 1432 821 1516 ταύτην
836 1432 925 1500 πάλιν
941 1434 1098 1522 Πλήρωμα
1117 1435 1205 1502 οτότε
1220 1438 1273 1520 μέν
1287 1440 1355 1514 ἕνα,
1383 1445 1431 1504 νύν

290 1539 322 1604 δέ
339 1535 509 1622 ἀνήριθμον
527 1543 621 1618 φῦλον
639 1535 764 1602 Λίοίνων
783 1536 1015 1618 έπιψεύδεσθαι,
1045 1536 1149 1615 καθολς
1165 1539 1299 1624 λέγουσιν
1311 1532 1433 1608 οόεοιοί

289 1638 411 1722 ἀληθῶς
424 1642 528 1724 έρημοι
543 1644 628 1716 θείας
642 1640 781 1715 συνέσεως
795 1638 975 1720 διδάσκαλοι,
997 1648 1051 1724 τῆς
1064 1639 1156 1725 ούσης
1169 1643 1322 1724 ἐκκλησίας
1337 1641 1430 1708 Ναά-

290 1765 344 1826 σης
359 1745 431 1824 μίαν
445 1743 498 1806 καί
513 1739 567 1824 τὴν
582 1739 674 1825 αύτῆν
690 1745 787 1807 πίστιν
801 1741 924 1824 ἐχούσης
940 1745 982 1818 τίς
997 1741 1094 1810 πάντα
1109 1741 1161 1809 τόν
1174 1742 1305 1826 κόσμον,
1333 1743 1431 1821 καθείς

291 1845 470 1931 προέφαμεν.

140 1961 206 2027 Κεφ.
227 1957 273 2014 λε’.
364 1944 489 2028 Ἴδωμεν
510 1953 565 2012 νῦν
584 1947 635 2012 καί
654 1944 706 2028 τῆν
722 1944 835 2012 τούτων
851 1943 977 2013 ἀστατον
993 1945 1113 2032 γνάμην
1133 1946 1188 2015 δύο
1206 1974 1267 2016 πον
1283 1951 1335 2016 καλ
1349 1957 1431 2035 τρισίν

290 2047 394 2128 όντων,
415 2055 481 2126 πῶς
494 2051 561 2134 περί
578 2056 636 2116 τῶν
649 2046 746 2114 αὐτῶν
763 2046 800 2114 ού
814 2045 850 2114 τά
864 2045 939 2113 αότά
950 2049 1095 2134 λέγουσιν,
1116 2048 1187 2116 ἀλλά
1201 2047 1264 2128 τοῖς
1284 2049 1430 2137 ιιιράγμα-

288 2175 317 2220 σι
339 2154 390 2218 καί
411 2159 472 2227 τοῖς
493 2147 637 2234 όνόμασιν
653 2153 770 2218 έναντία
786 2148 1010 2232 ἀποφαίνονται.
1052 2149 1086 2217 ‘0
1102 2153 1155 2234 μέν
1169 2150 1225 2239 γάρ
1241 2160 1359 2240 πρῶτος
1375 2151 1430 2220 ἀπό

169 2285 219 2328 ηερ.
231 2271 276 2316 τοι
289 2262 341 2339 τῆς
354 2254 509 2340 λεγομένης
525 2260 691 2337 Γνωστικῆς
706 2253 842 2337 αίρέσεως
856 2251 909 2328 τάς
921 2250 1013 2339 άργάς
1026 2257 1068 2330 είς
1081 2257 1159 2320 ίδιον
1171 2262 1342 2342 χαρακτῆρα
1357 2258 1431 2322 δεδα·

288 2361 423 2424 σκαλείον
437 2354 626 2440 μεθαρμόσας
643 2353 832 2431 Ούαλεντῖνος
844 2353 940 2430 οὕτως
955 2353 1162 2443 2έξαφόρισεν,
1179 2354 1353 2442 ὁρισάμενος
1364 2354 1431 2422 τίνοι

290 2458 395 2526 Δνάδα
411 2456 628 2542 ἀνονόμαστον,
656 2451 694 2541 ῆς
714 2456 747 2523 τό
765 2459 819 2540 μέν
835 2484 864 2524 τι
878 2465 1033 2522 καλεῖσθαι
1042 2456 1203 2543 ”Αρρητον,
1234 2457 1269 2524 τό
1286 2460 1320 2526 δέ
1335 2457 1429 2544 Σιγῆν.

281 2560 402 2628 Ἔπειτα
415 2565 447 2628 έκ
461 2559 569 2644 ταύτης
582 2559 702 2637 Λούδας
715 2561 854 2644 δευτέραν
868 2557 976 2624 Δαάδα
990 2564 1224 2644 προβεβλῆσθαι,
1240 2553 1280 2642 ῆς
1293 2560 1326 2627 τό
1341 2563 1392 2643 μέν
1406 2586 1430 2624 τι

295 2666 415 2752 Πατέρα
430 2661 582 2746 ὀνομάζει,
604 2661 636 2728 τό
653 2663 685 2728 δέ
696 2661 860 2744 Ἀλήθειαν.
902 2658 952 2726 Ἐκ
967 2663 999 2728 δέ
1013 2670 1065 2744 τῆς
1084 2661 1229 2748 Τετράδος
1245 2662 1355 2746 ταύτης
1368 2689 1429 2744 ταρ-

289 2775 491 2852 ττοφορεῖσθαι
509 2764 611 2852 Λόγον
631 2765 682 2830 καί
701 2762 805 2848 Ζωῆν,
825 2761 1010 2849 ’Ἄνθρωπον
1031 2765 1081 2829 καί
1097 2761 1284 2846 Ἐκκλησίαν·
1315 2762 1387 2834 εἷναί
1404 2787 1430 2828 τε

288 2868 398 2952 ταύτην
411 2866 558 2955 ῗΟγδοάδα
571 2865 700 2953 πρύτην.
731 2869 791 2932 Καὶ
806 2863 865 2932 ἀπό
881 2867 935 2950 μέν
949 2873 1001 2932 τοῦ
1015 2865 1119 2952 Λόγον
1133 2867 1184 2932 καί
1199 2873 1252 2948 τῆς
1267 2873 1356 2948 Ζωῆς
1366 2865 1429 2932 δέκα

291 2969 430 3054 δυνάμεις
445 2971 519 3056 λέγει
536 2972 775 3056 προβεβλῆσθαι,
803 2966 909 3044 καθοίς
923 2967 1155 3053 προειρήκαμεν·
1184 2964 1243 3035 ἀπό
1264 2969 1298 3034 δέ
1312 2973 1365 3034 τοῦ
1375 2965 1429 3032 Ἀν

290 3072 419 3159 θρόπον
440 3075 492 3139 καί
512 3080 565 3155 τῆς
579 3069 749 3154 Ἐκκλησίας
764 3069 896 3149 δυόδεκα,
925 3063 967 3136 οἷν
981 3074 1051 3152 μίαν
1067 3067 1238 3136 ἀποστᾶσαν
1252 3073 1307 3138 καλ
1321 3067 1430 3154 ύστεριέ

290 3199 382 3242 σασαν
403 3174 457 3258 τῆν
478 3173 584 3257 λοιπῆν
605 3177 803 3260 πραγματείαν
822 3178 1013 3254 πεποιῆσθαι.
1047 3171 1162 3257 ’Όρονς
1176 3197 1207 3237 τε
1224 3170 1281 3238 δύο
1301 3169 1430 3244 ύιτέθετο,

289 3283 342 3346 ἕνα
364 3280 417 3363 μέν
439 3274 545 3360 μεταξύ
564 3284 618 3343 τοῦ
638 3282 744 3341 Βοθοῦ
761 3277 813 3340 καί
830 3280 884 3340 τοῦ
900 3280 1006 3341 λοιποῦ
1024 3272 1246 3359 Πληριύματος,
1276 3278 1431 3358 διορίζοντα

289 3380 360 3458 τούς
375 3377 514 3468 γενητοός
528 3382 649 3454 Αίοῖνας
664 3375 721 3444 ἀπό
740 3384 793 3444 τοῦ
809 3374 952 3461 ἀγενῆτον
971 3374 1105 3461 Πατρός,
1136 3377 1233 3460 ἕτερον
1249 3377 1283 3442 δέ
1298 3374 1351 3442 τόν
1365 3373 1432 3454 ἀφο

290 3489 406 3570 ρίζοντα
425 3480 547 3548 ίαύτάν
562 3480 616 3565 τῆν
629 3482 757 3564 Μητέρα
772 3477 831 3545 ἀπό
845 3485 898 3544 τοῦ
913 3477 1125 3563 Πληροόματος.
1168 3480 1231 3544 Καί
1244 3477 1298 3545 τόν
1314 3472 1434 3560 Χριστόν

290 3588 323 3652 δέ
343 3583 400 3652 ούκ
422 3581 481 3649 ἀπό
503 3590 563 3648 τάν
580 3586 612 3649 έν
625 3589 665 3672 τῷ
682 3579 864 3667 Πληρύματι
878 3577 1006 3646 Λίοόνων
1023 3584 1262 3666 προβεβλῆσθαι,
1292 3577 1363 3646 ἀλλά
1379 3572 1432 3642 άπδ

290 3697 343 3773 τῆς
359 3683 487 3774 Μητρός
508 3687 563 3762 ίξω
584 3686 744 3770 γενομένης
763 3682 838 3750 κατά
859 3681 913 3765 τὴν
928 3681 1049 3767 γνύμην
1067 3690 1125 3748 τοῖν
1141 3681 1316 3768 κρειττόνων
1333 3677 1433 3746 dnm·

290 3795 420 3874 κατῆσθαι
439 3786 511 3872 μετά
531 3792 617 3864 σκιάς
637 3813 724 3863 τινος.
767 3787 828 3851 Καί
846 3792 951 3852 τοῦτον
970 3785 1043 3867 μέν,
1066 3783 1117 3850 ἀτε
1134 3782 1246 3870 ἀρρενα
1261 3781 1432 3872 όκάργεντε,

291 3891 489 3974 ἀποκόψαντα
507 3887 560 3971 ἀφ’
574 3891 679 3954 ἑαυτοῦ
695 3887 748 3972 τῆν
762 3887 865 3967 σκιάν,
886 3884 1067 3972 ἀναδραμεῖν
1087 3889 1128 3963 είς
1144 3883 1177 3952 τό
1197 3885 1365 3973 Πλῆραμα,
1385 3877 1434 3960 τῆν

292 3996 325 4060 δέ
340 3995 467 4078 Μητέρα
482 3989 716 4072 ἀπολειφθεῖσαν
731 3988 802 4074 μετά
819 3997 873 4071 τῆς
891 3994 990 4068 σκιάς,
1022 3989 1223 4072 κεκενωμένην
1238 4013 1269 4053 τε
1283 3995 1336 4071 τῆς
1353 4009 1433 4052 πνεν

292 4103 418 4180 μανικῆς
437 4093 639 4172 ύποστάσεως,
671 4095 769 4179 ἕτερον
790 4090 859 4158 νίδν
876 4093 1151 4178 *προενέγκασθαη
1181 4092 1232 4156 καί
1248 4098 1353 4158 τοῦτον
1368 4081 1437 4153 εἶναι

325 4319 350 4374 7.
367 4318 404 4372 ίτι
419 4313 460 4372 ’ότι
475 4323 568 4382 reposui
585 4334 614 4370 ετ
627 4320 679 4370 cod.
693 4321 782 4381 νιπαι,
797 4331 851 4369 σακε
884 4333 929 4378 το,
952 4326 980 4368 ut
1001 4333 1074 4385 supra
1096 4325 1234 4366 oratorem
1256 4324 1284 4366 et
1305 4309 1437 4364 subu-into-

292 4391 383 4452 νιιίςοίί
399 4391 451 4437 λελιτε·
468 4394 559 4438 teneant
578 4386 603 4440 τί
618 4381 666 4440 ὅτι.
884 4401 937 4436 rem
951 4394 1056 4435 matrem
1070 4383 1121 4434 ελσε
1137 4393 1163 4434 et
1176 4383 1286 4444 illorum,
1304 4379 1435 4446 unthyne·

327 4461 352 4507 θ.
369 4449 446 4507 αύτάν
470 4458 521 4506 cod.
541 4457 594 4506 Vm.
630 4455 665 4517 σί.
684 4457 797 4506 θνοοίαιιι
819 4456 852 4504 οδ
885 4452 923 4504 οἱα
942 4453 1033 4503 Aeonis
1050 4451 1153 4502 amnti:
1170 4449 1333 4502 adinveniret.

296 4529 342 4576 Υιλ
359 4525 522 4586 interpretem,
546 4527 587 4586 qui
603 4526 671 4574 λοοτλ
693 4521 809 4573 sednon
826 4520 852 4572 in
919 4518 944 4574 9.
961 4519 1019 4574 τότε
1032 4519 1077 4586 μέν
1091 4517 1199 4574 έναοοδ.
1212 4521 1266 4570 Vm.
1298 4513 1327 4570 τό
1339 4511 1383 4582 μέν
1396 4505 1433 4561 3⁹¹
