<?xml version="1.0" encoding="UTF-8"?>
<!DOCTYPE html PUBLIC "-//W3C//DTD XHTML 1.0 Transitional//EN"
    "http://www.w3.org/TR/xhtml1/DTD/xhtml1-transitional.dtd">
<html xmlns="http://www.w3.org/1999/xhtml" xml:lang="en" lang="en">
 <head>
  <title>
</title>
<meta http-equiv="Content-Type" content="text/html;charset=utf-8" />
  <meta name='ocr-system' content='tesseract 3.04.00' />
  <meta name='ocr-capabilities' content='ocr_page ocr_carea ocr_par ocr_line ocrx_word'/>
</head>
<body>
  <div class='ocr_page' id='page_1' title='image "./corporishaerese03oehlgoog_0722.png"; bbox 0 0 2984 4996; ppageno 0'>
   <div class='ocr_carea' id='block_1_1' title="bbox 355 0 1129 4">
    <p class='ocr_par' dir='ltr' id='par_1_1' title="bbox 355 0 1129 4">
     <span class='ocr_line' id='line_1_1' title="bbox 355 0 1129 4; baseline 0 0"><span class='ocrx_word' id='word_1_1' title='bbox 355 0 1129 4; x_wconf 95' lang='lat' dir='ltr'> </span> 
     </span>
    </p>
   </div>
   <div class='ocr_carea' id='block_1_2' title="bbox 331 323 1205 386">
    <p class='ocr_par' dir='ltr' id='par_1_2' title="bbox 331 323 1205 386">
     <span class='ocr_line' id='line_1_2' title="bbox 331 323 1205 386; baseline 0 -2"><span class='ocrx_word' id='word_1_2' title='bbox 331 332 464 384; x_wconf 70' lang='lat' dir='ltr'>subsunt</span> <span class='ocrx_word' id='word_1_3' title='bbox 483 331 545 384; x_wconf 79' lang='lat' dir='ltr'>tte.</span> <span class='ocrx_word' id='word_1_4' title='bbox 558 331 578 383; x_wconf 91' lang='lat' dir='ltr'>l.</span> <span class='ocrx_word' id='word_1_5' title='bbox 595 331 676 384; x_wconf 84' lang='grc' dir='ltr'><strong>ΤΟΜ.</strong></span> <span class='ocrx_word' id='word_1_6' title='bbox 689 331 732 383; x_wconf 91' lang='lat' dir='ltr'>lll.</span> <span class='ocrx_word' id='word_1_7' title='bbox 749 332 846 384; x_wconf 71' lang='lat' dir='ltr'>ttutttt</span> <span class='ocrx_word' id='word_1_8' title='bbox 858 334 937 386; x_wconf 80' lang='lat' dir='ltr'>xtv.</span> <span class='ocrx_word' id='word_1_9' title='bbox 1146 323 1205 385; x_wconf 83' lang='grc'>705</span> 
     </span>
    </p>
   </div>
   <div class='ocr_carea' id='block_1_3' title="bbox 66 451 1247 1664">
    <p class='ocr_par' dir='ltr' id='par_1_3' title="bbox 66 451 1247 1664">
     <span class='ocr_line' id='line_1_3' title="bbox 67 451 1205 539; baseline -0.001 -20"><span class='ocrx_word' id='word_1_10' title='bbox 67 466 210 539; x_wconf 78' lang='lat' dir='ltr'>tumpusm</span> <span class='ocrx_word' id='word_1_11' title='bbox 224 453 255 517; x_wconf 91' lang='lat' dir='ltr'>in</span> <span class='ocrx_word' id='word_1_12' title='bbox 270 452 377 518; x_wconf 84' lang='lat' dir='ltr'>slvesri</span> <span class='ocrx_word' id='word_1_13' title='bbox 393 451 547 532; x_wconf 76' lang='lat' dir='ltr'><strong>construit,</strong></span> <span class='ocrx_word' id='word_1_14' title='bbox 571 451 668 537; x_wconf 79' lang='lat' dir='ltr'>ibique</span> <span class='ocrx_word' id='word_1_15' title='bbox 682 452 795 516; x_wconf 88' lang='lat' dir='ltr'>semine</span> <span class='ocrx_word' id='word_1_16' title='bbox 809 452 938 516; x_wconf 90' lang='lat' dir='ltr'>immisso</span> <span class='ocrx_word' id='word_1_17' title='bbox 956 451 1050 517; x_wconf 81' lang='lat' dir='ltr'>foetus</span> <span class='ocrx_word' id='word_1_18' title='bbox 1064 453 1205 534; x_wconf 87' lang='lat' dir='ltr'>exeludit,</span> 
     </span>
     <span class='ocr_line' id='line_1_4' title="bbox 66 553 1207 640; baseline -0.004 -16"><span class='ocrx_word' id='word_1_19' title='bbox 66 558 119 624; x_wconf 88' lang='lat' dir='ltr'>sed</span> <span class='ocrx_word' id='word_1_20' title='bbox 141 557 166 624; x_wconf 89' lang='lat' dir='ltr'>si</span> <span class='ocrx_word' id='word_1_21' title='bbox 185 555 248 640; x_wconf 81' lang='lat' dir='ltr'>puis</span> <span class='ocrx_word' id='word_1_22' title='bbox 266 555 361 620; x_wconf 81' lang='lat' dir='ltr'>vietor</span> <span class='ocrx_word' id='word_1_23' title='bbox 379 553 481 618; x_wconf 80' lang='lat' dir='ltr'>broulo</span> <span class='ocrx_word' id='word_1_24' title='bbox 499 555 546 618; x_wconf 82' lang='lat' dir='ltr'>nel</span> <span class='ocrx_word' id='word_1_25' title='bbox 564 554 645 640; x_wconf 80' lang='lat' dir='ltr'>virgo</span> <span class='ocrx_word' id='word_1_26' title='bbox 663 556 762 633; x_wconf 72' lang='lat' dir='ltr'>lusos,</span> <span class='ocrx_word' id='word_1_27' title='bbox 795 555 836 617; x_wconf 92' lang='lat' dir='ltr'>uti</span> <span class='ocrx_word' id='word_1_28' title='bbox 852 554 995 633; x_wconf 81' lang='lat' dir='ltr'>diximus,</span> <span class='ocrx_word' id='word_1_29' title='bbox 1025 555 1207 635; x_wconf 72' lang='lat' dir='ltr'>demoliatur,</span> 
     </span>
     <span class='ocr_line' id='line_1_5' title="bbox 67 655 1208 744; baseline -0.001 -20"><span class='ocrx_word' id='word_1_30' title='bbox 67 661 170 724; x_wconf 83' lang='lat' dir='ltr'>iurene</span> <span class='ocrx_word' id='word_1_31' title='bbox 182 657 260 723; x_wconf 85' lang='lat' dir='ltr'>illino</span> <span class='ocrx_word' id='word_1_32' title='bbox 276 657 434 744; x_wconf 78' lang='lat' dir='ltr'>prorumpit</span> <span class='ocrx_word' id='word_1_33' title='bbox 447 677 517 720; x_wconf 87' lang='lat' dir='ltr'>noer</span> <span class='ocrx_word' id='word_1_34' title='bbox 530 657 579 721; x_wconf 89' lang='lat' dir='ltr'>ille</span> <span class='ocrx_word' id='word_1_35' title='bbox 594 657 719 742; x_wconf 89' lang='lat' dir='ltr'>quidem,</span> <span class='ocrx_word' id='word_1_36' title='bbox 743 658 795 720; x_wconf 87' lang='lat' dir='ltr'>sed</span> <span class='ocrx_word' id='word_1_37' title='bbox 809 655 970 722; x_wconf 84' lang='lat' dir='ltr'>imbecillus</span> <span class='ocrx_word' id='word_1_38' title='bbox 983 656 1099 722; x_wconf 88' lang='lat' dir='ltr'>orubro.</span> <span class='ocrx_word' id='word_1_39' title='bbox 1132 655 1208 723; x_wconf 80' lang='lat' dir='ltr'>Tum</span> 
     </span>
     <span class='ocr_line' id='line_1_6' title="bbox 67 758 1210 846; baseline 0.002 -20"><span class='ocrx_word' id='word_1_40' title='bbox 67 763 195 828; x_wconf 78' lang='lat' dir='ltr'>virinum</span> <span class='ocrx_word' id='word_1_41' title='bbox 214 761 329 846; x_wconf 79' lang='lat' dir='ltr'>aliquod</span> <span class='ocrx_word' id='word_1_42' title='bbox 345 781 449 824; x_wconf 82' lang='lat' dir='ltr'>saxum</span> <span class='ocrx_word' id='word_1_43' title='bbox 465 759 610 843; x_wconf 77' lang='lat' dir='ltr'>lignumve</span> <span class='ocrx_word' id='word_1_44' title='bbox 628 769 731 824; x_wconf 79' lang='lat' dir='ltr'>neotus</span> <span class='ocrx_word' id='word_1_45' title='bbox 752 758 797 823; x_wconf 88' lang='lat' dir='ltr'>iru</span> <span class='ocrx_word' id='word_1_46' title='bbox 813 769 991 824; x_wconf 72' lang='lat' dir='ltr'>exaestuans</span> <span class='ocrx_word' id='word_1_47' title='bbox 1012 781 1048 826; x_wconf 90' lang='lat' dir='ltr'>eo</span> <span class='ocrx_word' id='word_1_48' title='bbox 1070 781 1135 830; x_wconf 88' lang='lat' dir='ltr'>oum</span> <span class='ocrx_word' id='word_1_49' title='bbox 1156 763 1210 828; x_wconf 89' lang='lat' dir='ltr'>im·</span> 
     </span>
     <span class='ocr_line' id='line_1_7' title="bbox 67 859 1210 952; baseline -0.003 -21"><span class='ocrx_word' id='word_1_50' title='bbox 67 875 137 952; x_wconf 84' lang='lat' dir='ltr'>petu</span> <span class='ocrx_word' id='word_1_51' title='bbox 155 868 263 942; x_wconf 84' lang='lat' dir='ltr'>lentur,</span> <span class='ocrx_word' id='word_1_52' title='bbox 286 884 320 926; x_wconf 87' lang='lat' dir='ltr'>ne</span> <span class='ocrx_word' id='word_1_53' title='bbox 336 863 446 926; x_wconf 86' lang='lat' dir='ltr'>siiieem</span> <span class='ocrx_word' id='word_1_54' title='bbox 462 862 555 926; x_wconf 88' lang='lat' dir='ltr'>tundit</span> <span class='ocrx_word' id='word_1_55' title='bbox 567 873 617 927; x_wconf 86' lang='lat' dir='ltr'>nut</span> <span class='ocrx_word' id='word_1_56' title='bbox 632 862 752 947; x_wconf 81' lang='lat' dir='ltr'>liguum.</span> <span class='ocrx_word' id='word_1_57' title='bbox 798 859 992 945; x_wconf 79' lang='lat' dir='ltr'>Quibuscum</span> <span class='ocrx_word' id='word_1_58' title='bbox 1008 875 1113 928; x_wconf 86' lang='lat' dir='ltr'>nouent</span> <span class='ocrx_word' id='word_1_59' title='bbox 1128 865 1210 945; x_wconf 92' lang='lat' dir='ltr'>nibil,</span> 
     </span>
     <span class='ocr_line' id='line_1_8' title="bbox 66 964 1211 1050; baseline -0.002 -18"><span class='ocrx_word' id='word_1_60' title='bbox 66 989 101 1032; x_wconf 85' lang='lat' dir='ltr'>ne</span> <span class='ocrx_word' id='word_1_61' title='bbox 122 988 161 1032; x_wconf 90' lang='lat' dir='ltr'>ue</span> <span class='ocrx_word' id='word_1_62' title='bbox 179 965 286 1032; x_wconf 86' lang='lat' dir='ltr'>bomini</span> <span class='ocrx_word' id='word_1_63' title='bbox 302 965 434 1050; x_wconf 91' lang='lat' dir='ltr'>quidem,</span> <span class='ocrx_word' id='word_1_64' title='bbox 458 965 642 1049; x_wconf 80' lang='lat' dir='ltr'>quantumvis</span> <span class='ocrx_word' id='word_1_65' title='bbox 660 974 782 1050; x_wconf 81' lang='lat' dir='ltr'>punget,</span> <span class='ocrx_word' id='word_1_66' title='bbox 809 964 885 1028; x_wconf 85' lang='lat' dir='ltr'>uliud</span> <span class='ocrx_word' id='word_1_67' title='bbox 902 976 1018 1049; x_wconf 79' lang='lat' dir='ltr'>praeter</span> <span class='ocrx_word' id='word_1_68' title='bbox 1033 966 1211 1032; x_wconf 84' lang='lat' dir='ltr'>levissimum</span> 
     </span>
     <span class='ocr_line' id='line_1_9' title="bbox 68 1065 1211 1147; baseline -0.003 -12"><span class='ocrx_word' id='word_1_69' title='bbox 68 1071 199 1135; x_wconf 87' lang='lat' dir='ltr'>dolorem</span> <span class='ocrx_word' id='word_1_70' title='bbox 224 1069 346 1146; x_wconf 73' lang='lat' dir='ltr'>inierat,</span> <span class='ocrx_word' id='word_1_71' title='bbox 376 1089 479 1132; x_wconf 81' lang='lat' dir='ltr'>snxnm</span> <span class='ocrx_word' id='word_1_72' title='bbox 505 1087 576 1132; x_wconf 86' lang='lat' dir='ltr'>vero</span> <span class='ocrx_word' id='word_1_73' title='bbox 600 1065 669 1130; x_wconf 91' lang='lat' dir='ltr'>nibil</span> <span class='ocrx_word' id='word_1_74' title='bbox 689 1066 839 1147; x_wconf 84' lang='lat' dir='ltr'>obluednt,</span> <span class='ocrx_word' id='word_1_75' title='bbox 870 1067 1001 1132; x_wconf 88' lang='lat' dir='ltr'>uonleum</span> <span class='ocrx_word' id='word_1_76' title='bbox 1019 1067 1075 1132; x_wconf 89' lang='lat' dir='ltr'>sibi</span> <span class='ocrx_word' id='word_1_77' title='bbox 1096 1069 1211 1132; x_wconf 88' lang='lat' dir='ltr'>iuterim</span> 
     </span>
     <span class='ocr_line' id='line_1_10' title="bbox 69 1165 1213 1256; baseline -0.003 -17"><span class='ocrx_word' id='word_1_78' title='bbox 69 1171 199 1249; x_wconf 84' lang='lat' dir='ltr'>exentit,</span> <span class='ocrx_word' id='word_1_79' title='bbox 221 1171 318 1255; x_wconf 77' lang='lat' dir='ltr'>itaque</span> <span class='ocrx_word' id='word_1_80' title='bbox 334 1168 466 1234; x_wconf 89' lang='lat' dir='ltr'>moritur.</span> <span class='ocrx_word' id='word_1_81' title='bbox 513 1165 565 1234; x_wconf 85' lang='lat' dir='ltr'>Sin</span> <span class='ocrx_word' id='word_1_82' title='bbox 585 1169 633 1234; x_wconf 87' lang='lat' dir='ltr'>illu</span> <span class='ocrx_word' id='word_1_83' title='bbox 653 1168 797 1234; x_wconf 76' lang='lat' dir='ltr'>simillima</span> <span class='ocrx_word' id='word_1_84' title='bbox 820 1169 922 1256; x_wconf 85' lang='lat' dir='ltr'>zopyri</span> <span class='ocrx_word' id='word_1_85' title='bbox 939 1170 1091 1234; x_wconf 73' lang='lat' dir='ltr'>crabronis</span> <span class='ocrx_word' id='word_1_86' title='bbox 1112 1171 1213 1236; x_wconf 86' lang='lat' dir='ltr'>boere-</span> 
     </span>
     <span class='ocr_line' id='line_1_11' title="bbox 69 1271 1216 1356; baseline -0.003 -17"><span class='ocrx_word' id='word_1_87' title='bbox 69 1278 129 1356; x_wconf 88' lang='lat' dir='ltr'>sis,</span> <span class='ocrx_word' id='word_1_88' title='bbox 164 1274 221 1338; x_wconf 82' lang='lat' dir='ltr'>lesi</span> <span class='ocrx_word' id='word_1_89' title='bbox 239 1273 338 1337; x_wconf 92' lang='lat' dir='ltr'>dolore</span> <span class='ocrx_word' id='word_1_90' title='bbox 354 1271 462 1336; x_wconf 90' lang='lat' dir='ltr'>inllioto</span> <span class='ocrx_word' id='word_1_91' title='bbox 479 1271 507 1334; x_wconf 92' lang='lat' dir='ltr'>in</span> <span class='ocrx_word' id='word_1_92' title='bbox 524 1282 652 1356; x_wconf 87' lang='lat' dir='ltr'>petrum,</span> <span class='ocrx_word' id='word_1_93' title='bbox 684 1271 738 1336; x_wconf 90' lang='lat' dir='ltr'>boo</span> <span class='ocrx_word' id='word_1_94' title='bbox 754 1282 800 1336; x_wconf 88' lang='lat' dir='ltr'>est</span> <span class='ocrx_word' id='word_1_95' title='bbox 815 1271 985 1352; x_wconf 86' lang='lat' dir='ltr'>veritntem,</span> <span class='ocrx_word' id='word_1_96' title='bbox 1015 1273 1168 1338; x_wconf 82' lang='lat' dir='ltr'>incurrens</span> <span class='ocrx_word' id='word_1_97' title='bbox 1185 1285 1216 1337; x_wconf 91' lang='lat' dir='ltr'>et</span> 
     </span>
     <span class='ocr_line' id='line_1_12' title="bbox 69 1357 1247 1460; baseline -0.001 -20"><span class='ocrx_word' id='word_1_98' title='bbox 69 1377 204 1442; x_wconf 83' lang='lat' dir='ltr'>seuleum</span> <span class='ocrx_word' id='word_1_99' title='bbox 223 1374 386 1460; x_wconf 76' lang='lat' dir='ltr'>infringens</span> <span class='ocrx_word' id='word_1_100' title='bbox 405 1372 585 1438; x_wconf 87' lang='lat' dir='ltr'>eueoubitur.</span> <span class='ocrx_word' id='word_1_101' title='bbox 630 1371 713 1438; x_wconf 85' lang='lat' dir='ltr'>lione</span> <span class='ocrx_word' id='word_1_102' title='bbox 730 1373 820 1460; x_wconf 73' lang='lat' dir='ltr'>igitur</span> <span class='ocrx_word' id='word_1_103' title='bbox 834 1384 1071 1459; x_wconf 76' lang='lat' dir='ltr'>praetergressus</span> <span class='ocrx_word' id='word_1_104' title='bbox 1091 1375 1127 1440; x_wconf 87' lang='lat' dir='ltr'>sd</span> <span class='ocrx_word' id='word_1_105' title='bbox 1143 1377 1215 1440; x_wconf 81' lang='lat' dir='ltr'>nlius</span> <span class='ocrx_word' id='word_1_106' title='bbox 1246 1357 1247 1365; x_wconf 8' lang='grc' dir='ltr'>ἵ</span> 
     </span>
     <span class='ocr_line' id='line_1_13' title="bbox 71 1475 1214 1564; baseline -0.002 -20"><span class='ocrx_word' id='word_1_107' title='bbox 71 1477 235 1544; x_wconf 77' lang='lat' dir='ltr'>orationem</span> <span class='ocrx_word' id='word_1_108' title='bbox 259 1479 423 1554; x_wconf 83' lang='lat' dir='ltr'>oonterum,</span> <span class='ocrx_word' id='word_1_109' title='bbox 455 1487 536 1541; x_wconf 82' lang='lat' dir='ltr'>nerts</span> <span class='ocrx_word' id='word_1_110' title='bbox 560 1476 605 1540; x_wconf 90' lang='lat' dir='ltr'>dei</span> <span class='ocrx_word' id='word_1_111' title='bbox 626 1475 731 1540; x_wconf 78' lang='lat' dir='ltr'>fiducie</span> <span class='ocrx_word' id='word_1_112' title='bbox 751 1478 858 1557; x_wconf 79' lang='lat' dir='ltr'>fretus,</span> <span class='ocrx_word' id='word_1_113' title='bbox 888 1477 1051 1542; x_wconf 90' lang='lat' dir='ltr'>institutum</span> <span class='ocrx_word' id='word_1_114' title='bbox 1073 1499 1120 1542; x_wconf 86' lang='lat' dir='ltr'>rue</span> <span class='ocrx_word' id='word_1_115' title='bbox 1143 1499 1214 1564; x_wconf 90' lang='lat' dir='ltr'>opus</span> 
     </span>
     <span class='ocr_line' id='line_1_14' title="bbox 70 1579 565 1664; baseline -0.004 -19"><span class='ocrx_word' id='word_1_116' title='bbox 70 1583 106 1646; x_wconf 84' lang='lat' dir='ltr'>nd</span> <span class='ocrx_word' id='word_1_117' title='bbox 128 1581 241 1647; x_wconf 86' lang='lat' dir='ltr'>exitum</span> <span class='ocrx_word' id='word_1_118' title='bbox 265 1599 331 1644; x_wconf 85' lang='lat' dir='ltr'>esse</span> <span class='ocrx_word' id='word_1_119' title='bbox 351 1579 565 1664; x_wconf 86' lang='lat' dir='ltr'>perducturum.</span> 
     </span>
    </p>
   </div>
   <div class='ocr_carea' id='block_1_4' title="bbox 218 2005 1058 2225">
    <p class='ocr_par' dir='ltr' id='par_1_4' title="bbox 218 2005 1058 2225">
     <span class='ocr_line' id='line_1_15' title="bbox 218 2005 1058 2101; baseline 0.005 -21"><span class='ocrx_word' id='word_1_120' title='bbox 218 2007 524 2086; x_wconf 60' lang='lat' dir='ltr'>CONTRA</span> <span class='ocrx_word' id='word_1_121' title='bbox 575 2005 1058 2101; x_wconf 73' lang='lat' dir='ltr'>sdvbltldttds,</span> 
     </span>
     <span class='ocr_line' id='line_1_16' title="bbox 234 2117 984 2225; baseline -0.001 -22"><span class='ocrx_word' id='word_1_122' title='bbox 234 2177 237 2184; x_wconf 87' lang='lat'>-</span> <span class='ocrx_word' id='word_1_123' title='bbox 303 2152 384 2225; x_wconf 82' lang='lat' dir='ltr'>quse</span> <span class='ocrx_word' id='word_1_124' title='bbox 411 2135 462 2203; x_wconf 88' lang='lat' dir='ltr'>est</span> <span class='ocrx_word' id='word_1_125' title='bbox 486 2125 633 2202; x_wconf 84' lang='lat' dir='ltr'>haeresis</span> <span class='ocrx_word' id='word_1_126' title='bbox 653 2117 780 2222; x_wconf 65' lang='lat' dir='ltr'>XXV„</span> <span class='ocrx_word' id='word_1_127' title='bbox 807 2129 860 2204; x_wconf 87' lang='lat' dir='ltr'>vel</span> <span class='ocrx_word' id='word_1_128' title='bbox 878 2125 984 2204; x_wconf 80' lang='lat' dir='ltr'>XLV.</span> 
     </span>
    </p>
   </div>
   <div class='ocr_carea' id='block_1_5' title="bbox 9 2279 1331 4010">
    <p class='ocr_par' dir='ltr' id='par_1_5' title="bbox 74 2279 1331 2780">
     <span class='ocr_line' id='line_1_17' title="bbox 160 2279 1331 2366; baseline 0.003 -20"><span class='ocrx_word' id='word_1_129' title='bbox 160 2281 218 2366; x_wconf 84' lang='lat' dir='ltr'>Qui</span> <span class='ocrx_word' id='word_1_130' title='bbox 234 2282 433 2366; x_wconf 88' lang='lat' dir='ltr'>superioribus</span> <span class='ocrx_word' id='word_1_131' title='bbox 449 2280 506 2344; x_wconf 89' lang='lat' dir='ltr'>illis</span> <span class='ocrx_word' id='word_1_132' title='bbox 521 2279 654 2364; x_wconf 84' lang='lat' dir='ltr'>proxime</span> <span class='ocrx_word' id='word_1_133' title='bbox 669 2301 685 2342; x_wconf 90' lang='lat' dir='ltr'>n</span> <span class='ocrx_word' id='word_1_134' title='bbox 699 2301 745 2345; x_wconf 92' lang='lat' dir='ltr'>me</span> <span class='ocrx_word' id='word_1_135' title='bbox 760 2279 956 2344; x_wconf 77' lang='lat' dir='ltr'>subiiciendus</span> <span class='ocrx_word' id='word_1_136' title='bbox 971 2289 1030 2358; x_wconf 89' lang='lat' dir='ltr'>est,</span> <span class='ocrx_word' id='word_1_137' title='bbox 1053 2280 1101 2344; x_wconf 85' lang='lat' dir='ltr'>vel</span> <span class='ocrx_word' id='word_1_138' title='bbox 1115 2280 1217 2344; x_wconf 88' lang='lat' dir='ltr'>iisdem</span> <span class='ocrx_word' id='word_1_139' title='bbox 1235 2297 1294 2366; x_wconf 72' lang='lat' dir='ltr'>cap.</span> <span class='ocrx_word' id='word_1_140' title='bbox 1311 2301 1331 2349; x_wconf 91' lang='lat' dir='ltr'>t.</span> 
     </span>
     <span class='ocr_line' id='line_1_18' title="bbox 74 2367 1220 2471; baseline -0.004 -20"><span class='ocrx_word' id='word_1_141' title='bbox 74 2385 253 2471; x_wconf 80' lang='lat' dir='ltr'>temporibus</span> <span class='ocrx_word' id='word_1_142' title='bbox 275 2383 366 2464; x_wconf 86' lang='lat' dir='ltr'>vixit,</span> <span class='ocrx_word' id='word_1_143' title='bbox 399 2383 448 2448; x_wconf 82' lang='lat' dir='ltr'>rel</span> <span class='ocrx_word' id='word_1_144' title='bbox 465 2383 588 2446; x_wconf 83' lang='lat' dir='ltr'>sulutem</span> <span class='ocrx_word' id='word_1_145' title='bbox 606 2393 652 2448; x_wconf 87' lang='lat' dir='ltr'>est</span> <span class='ocrx_word' id='word_1_146' title='bbox 667 2393 764 2448; x_wconf 85' lang='lat' dir='ltr'>netute</span> <span class='ocrx_word' id='word_1_147' title='bbox 783 2403 906 2469; x_wconf 79' lang='lat' dir='ltr'>suppnr3</span> <span class='ocrx_word' id='word_1_148' title='bbox 940 2403 1034 2468; x_wconf 92' lang='lat' dir='ltr'>neque</span> <span class='ocrx_word' id='word_1_149' title='bbox 1052 2367 1137 2447; x_wconf 87' lang='lat' dir='ltr'>enim</span> <span class='ocrx_word' id='word_1_150' title='bbox 1149 2394 1220 2446; x_wconf 90' lang='lat' dir='ltr'>tem·</span> 
     </span>
     <span class='ocr_line' id='line_1_19' title="bbox 77 2483 1221 2576; baseline -0.004 -20"><span class='ocrx_word' id='word_1_151' title='bbox 77 2510 131 2576; x_wconf 88' lang='lat' dir='ltr'>pus</span> <span class='ocrx_word' id='word_1_152' title='bbox 147 2489 242 2574; x_wconf 90' lang='lat' dir='ltr'>ipsum</span> <span class='ocrx_word' id='word_1_153' title='bbox 260 2497 396 2552; x_wconf 81' lang='lat' dir='ltr'>senoreto</span> <span class='ocrx_word' id='word_1_154' title='bbox 412 2505 639 2549; x_wconf 74' lang='lat' dir='ltr'>commemorare</span> <span class='ocrx_word' id='word_1_155' title='bbox 654 2507 784 2570; x_wconf 87' lang='lat' dir='ltr'>possum,</span> <span class='ocrx_word' id='word_1_156' title='bbox 808 2485 863 2550; x_wconf 87' lang='lat' dir='ltr'>uisi</span> <span class='ocrx_word' id='word_1_157' title='bbox 880 2486 957 2570; x_wconf 89' lang='lat' dir='ltr'>quod</span> <span class='ocrx_word' id='word_1_158' title='bbox 972 2484 1061 2548; x_wconf 80' lang='lat' dir='ltr'>vieini</span> <span class='ocrx_word' id='word_1_159' title='bbox 1076 2483 1133 2549; x_wconf 89' lang='lat' dir='ltr'>sibi</span> <span class='ocrx_word' id='word_1_160' title='bbox 1145 2484 1221 2551; x_wconf 90' lang='lat' dir='ltr'>invi-</span> 
     </span>
     <span class='ocr_line' id='line_1_20' title="bbox 75 2585 1219 2674; baseline -0.003 -18"><span class='ocrx_word' id='word_1_161' title='bbox 75 2613 140 2656; x_wconf 88' lang='lat' dir='ltr'>oenn</span> <span class='ocrx_word' id='word_1_162' title='bbox 168 2589 342 2654; x_wconf 87' lang='lat' dir='ltr'>extiterunt.</span> <span class='ocrx_word' id='word_1_163' title='bbox 392 2585 477 2672; x_wconf 78' lang='lat' dir='ltr'>Quen</span> <span class='ocrx_word' id='word_1_164' title='bbox 503 2608 575 2651; x_wconf 88' lang='lat' dir='ltr'>vero</span> <span class='ocrx_word' id='word_1_165' title='bbox 602 2587 831 2653; x_wconf 79' lang='lat' dir='ltr'>admemoriam</span> <span class='ocrx_word' id='word_1_166' title='bbox 856 2596 983 2652; x_wconf 82' lang='lat' dir='ltr'>nostrum</span> <span class='ocrx_word' id='word_1_167' title='bbox 1010 2601 1219 2674; x_wconf 82' lang='lat' dir='ltr'>pervenerunt,</span> 
     </span>
     <span class='ocr_line' id='line_1_21' title="bbox 75 2691 560 2780; baseline -0.012 -20"><span class='ocrx_word' id='word_1_168' title='bbox 75 2713 161 2780; x_wconf 82' lang='lat' dir='ltr'>quem</span> <span class='ocrx_word' id='word_1_169' title='bbox 184 2692 352 2756; x_wconf 86' lang='lat' dir='ltr'>fidelissime</span> <span class='ocrx_word' id='word_1_170' title='bbox 374 2691 560 2776; x_wconf 86' lang='lat' dir='ltr'>eompleotnr.</span> 
     </span>
    </p>

    <p class='ocr_par' dir='ltr' id='par_1_6' title="bbox 9 2788 1319 4010">
     <span class='ocr_line' id='line_1_22' title="bbox 164 2788 1223 2878; baseline -0.001 -19"><span class='ocrx_word' id='word_1_171' title='bbox 164 2791 295 2859; x_wconf 86' lang='lat' dir='ltr'>Severus</span> <span class='ocrx_word' id='word_1_172' title='bbox 319 2793 450 2878; x_wconf 85' lang='lat' dir='ltr'>quidum,</span> <span class='ocrx_word' id='word_1_173' title='bbox 482 2813 577 2877; x_wconf 82' lang='lat' dir='ltr'>equo</span> <span class='ocrx_word' id='word_1_174' title='bbox 597 2788 767 2857; x_wconf 85' lang='lat' dir='ltr'>Severiunis</span> <span class='ocrx_word' id='word_1_175' title='bbox 791 2812 895 2856; x_wconf 89' lang='lat' dir='ltr'>nomen</span> <span class='ocrx_word' id='word_1_176' title='bbox 917 2791 1038 2856; x_wconf 86' lang='lat' dir='ltr'>inditum</span> <span class='ocrx_word' id='word_1_177' title='bbox 1062 2803 1124 2873; x_wconf 85' lang='lat' dir='ltr'>est,</span> <span class='ocrx_word' id='word_1_178' title='bbox 1156 2805 1223 2878; x_wconf 86' lang='lat' dir='ltr'>post</span> 
     </span>
     <span class='ocr_line' id='line_1_23' title="bbox 76 2890 1222 2984; baseline -0.003 -21"><span class='ocrx_word' id='word_1_179' title='bbox 76 2898 215 2984; x_wconf 80' lang='lat' dir='ltr'>Apellem</span> <span class='ocrx_word' id='word_1_180' title='bbox 228 2897 308 2960; x_wconf 81' lang='lat' dir='ltr'>illurn</span> <span class='ocrx_word' id='word_1_181' title='bbox 325 2895 443 2982; x_wconf 87' lang='lat' dir='ltr'>prodiit.</span> <span class='ocrx_word' id='word_1_182' title='bbox 488 2890 580 2960; x_wconf 89' lang='lat' dir='ltr'>Cuius</span> <span class='ocrx_word' id='word_1_183' title='bbox 597 2893 668 2958; x_wconf 81' lang='lat' dir='ltr'>bueo</span> <span class='ocrx_word' id='word_1_184' title='bbox 685 2905 754 2960; x_wconf 87' lang='lat' dir='ltr'>sunt</span> <span class='ocrx_word' id='word_1_185' title='bbox 770 2894 873 2959; x_wconf 84' lang='lat' dir='ltr'>tubulis</span> <span class='ocrx_word' id='word_1_186' title='bbox 890 2914 925 2957; x_wconf 85' lang='lat' dir='ltr'>ne</span> <span class='ocrx_word' id='word_1_187' title='bbox 940 2895 1098 2960; x_wconf 85' lang='lat' dir='ltr'>mooduoiis</span> <span class='ocrx_word' id='word_1_188' title='bbox 1114 2897 1222 2960; x_wconf 78' lang='lat' dir='ltr'>referte</span> 
     </span>
     <span class='ocr_line' id='line_1_24' title="bbox 77 2993 1223 3086; baseline -0.003 -20"><span class='ocrx_word' id='word_1_189' title='bbox 77 3005 225 3086; x_wconf 70' lang='lat' dir='ltr'>dogmate.</span> <span class='ocrx_word' id='word_1_190' title='bbox 268 2995 371 3064; x_wconf 84' lang='lat' dir='ltr'>Mundi</span> <span class='ocrx_word' id='word_1_191' title='bbox 393 2995 534 3082; x_wconf 76' lang='lat' dir='ltr'>originem</span> <span class='ocrx_word' id='word_1_192' title='bbox 555 2993 710 3082; x_wconf 80' lang='lat' dir='ltr'>Principiis</span> <span class='ocrx_word' id='word_1_193' title='bbox 732 2997 832 3062; x_wconf 85' lang='lat' dir='ltr'>neseio</span> <span class='ocrx_word' id='word_1_194' title='bbox 849 2995 953 3080; x_wconf 92' lang='lat' dir='ltr'>quibus</span> <span class='ocrx_word' id='word_1_195' title='bbox 973 3017 1008 3061; x_wconf 87' lang='lat' dir='ltr'>no</span> <span class='ocrx_word' id='word_1_196' title='bbox 1024 2994 1223 3062; x_wconf 85' lang='lat' dir='ltr'>Potestntibus</span> 
     </span>
     <span class='ocr_line' id='line_1_25' title="bbox 78 3099 1319 3186; baseline -0.002 -20"><span class='ocrx_word' id='word_1_197' title='bbox 78 3103 191 3168; x_wconf 82' lang='lat' dir='ltr'>tribuit.</span> <span class='ocrx_word' id='word_1_198' title='bbox 236 3099 313 3165; x_wconf 85' lang='lat' dir='ltr'>Esse</span> <span class='ocrx_word' id='word_1_199' title='bbox 328 3121 401 3166; x_wconf 83' lang='lat' dir='ltr'>vero</span> <span class='ocrx_word' id='word_1_200' title='bbox 417 3109 570 3186; x_wconf 81' lang='lat' dir='ltr'>praetereo</span> <span class='ocrx_word' id='word_1_201' title='bbox 586 3120 721 3186; x_wconf 86' lang='lat' dir='ltr'>supremo</span> <span class='ocrx_word' id='word_1_202' title='bbox 737 3099 767 3164; x_wconf 92' lang='lat' dir='ltr'>iu</span> <span class='ocrx_word' id='word_1_203' title='bbox 786 3099 869 3164; x_wconf 90' lang='lat' dir='ltr'>eoelo</span> <span class='ocrx_word' id='word_1_204' title='bbox 885 3121 919 3164; x_wconf 85' lang='lat' dir='ltr'>ue</span> <span class='ocrx_word' id='word_1_205' title='bbox 937 3100 1053 3179; x_wconf 88' lang='lat' dir='ltr'>seoulo,</span> <span class='ocrx_word' id='word_1_206' title='bbox 1077 3100 1153 3184; x_wconf 83' lang='lat' dir='ltr'>quod</span> <span class='ocrx_word' id='word_1_207' title='bbox 1172 3121 1224 3164; x_wconf 92' lang='lat' dir='ltr'>no·</span> <span class='ocrx_word' id='word_1_208' title='bbox 1316 3179 1319 3186; x_wconf 25' lang='grc' dir='ltr'><strong><em>Ι</em></strong></span> 
     </span>
     <span class='ocr_line' id='line_1_26' title="bbox 79 3199 1225 3289; baseline -0.004 -20"><span class='ocrx_word' id='word_1_209' title='bbox 79 3205 184 3268; x_wconf 80' lang='lat' dir='ltr'>minori</span> <span class='ocrx_word' id='word_1_210' title='bbox 203 3225 261 3269; x_wconf 91' lang='lat' dir='ltr'>nou</span> <span class='ocrx_word' id='word_1_211' title='bbox 280 3212 393 3289; x_wconf 87' lang='lat' dir='ltr'>potest,</span> <span class='ocrx_word' id='word_1_212' title='bbox 424 3199 539 3267; x_wconf 89' lang='lat' dir='ltr'>Bonum</span> <span class='ocrx_word' id='word_1_213' title='bbox 556 3203 696 3288; x_wconf 86' lang='lat' dir='ltr'>quendem</span> <span class='ocrx_word' id='word_1_214' title='bbox 716 3203 813 3266; x_wconf 86' lang='lat' dir='ltr'>deum.</span> <span class='ocrx_word' id='word_1_215' title='bbox 857 3199 1011 3267; x_wconf 77' lang='lat' dir='ltr'>Diabolum</span> <span class='ocrx_word' id='word_1_216' title='bbox 1030 3203 1128 3286; x_wconf 76' lang='lat' dir='ltr'>magni</span> <span class='ocrx_word' id='word_1_217' title='bbox 1145 3201 1225 3287; x_wconf 92' lang='lat' dir='ltr'>prin·</span> 
     </span>
     <span class='ocr_line' id='line_1_27' title="bbox 79 3301 1226 3394; baseline -0.003 -24"><span class='ocrx_word' id='word_1_218' title='bbox 79 3307 152 3392; x_wconf 81' lang='lat' dir='ltr'>ripis</span> <span class='ocrx_word' id='word_1_219' title='bbox 168 3307 253 3372; x_wconf 83' lang='lat' dir='ltr'>filium</span> <span class='ocrx_word' id='word_1_220' title='bbox 269 3326 347 3385; x_wconf 81' lang='lat' dir='ltr'>esse,</span> <span class='ocrx_word' id='word_1_221' title='bbox 372 3305 419 3389; x_wconf 86' lang='lat' dir='ltr'>qui</span> <span class='ocrx_word' id='word_1_222' title='bbox 436 3303 634 3370; x_wconf 84' lang='lat' dir='ltr'>Potestntibus</span> <span class='ocrx_word' id='word_1_223' title='bbox 649 3304 805 3394; x_wconf 75' lang='lat' dir='ltr'>praesidet,</span> <span class='ocrx_word' id='word_1_224' title='bbox 830 3305 911 3368; x_wconf 89' lang='lat' dir='ltr'>euius</span> <span class='ocrx_word' id='word_1_225' title='bbox 926 3325 1031 3369; x_wconf 89' lang='lat' dir='ltr'>uomen</span> <span class='ocrx_word' id='word_1_226' title='bbox 1049 3303 1151 3390; x_wconf 86' lang='lat' dir='ltr'>purtim</span> <span class='ocrx_word' id='word_1_227' title='bbox 1167 3301 1226 3367; x_wconf 85' lang='lat' dir='ltr'>lul·</span> 
     </span>
     <span class='ocr_line' id='line_1_28' title="bbox 81 3404 1225 3493; baseline -0.003 -21"><span class='ocrx_word' id='word_1_228' title='bbox 81 3409 223 3486; x_wconf 83' lang='lat' dir='ltr'>dnbaotb,</span> <span class='ocrx_word' id='word_1_229' title='bbox 255 3407 359 3493; x_wconf 88' lang='lat' dir='ltr'>purtim</span> <span class='ocrx_word' id='word_1_230' title='bbox 378 3404 508 3472; x_wconf 83' lang='lat' dir='ltr'>Snbnotb</span> <span class='ocrx_word' id='word_1_231' title='bbox 527 3407 660 3493; x_wconf 81' lang='lat' dir='ltr'>appellat.</span> <span class='ocrx_word' id='word_1_232' title='bbox 705 3406 736 3470; x_wconf 78' lang='lat' dir='ltr'>A</span> <span class='ocrx_word' id='word_1_233' title='bbox 753 3429 809 3492; x_wconf 89' lang='lat' dir='ltr'>quo</span> <span class='ocrx_word' id='word_1_234' title='bbox 827 3408 943 3491; x_wconf 78' lang='lat' dir='ltr'>genitus</span> <span class='ocrx_word' id='word_1_235' title='bbox 959 3408 1007 3472; x_wconf 89' lang='lat' dir='ltr'>ille</span> <span class='ocrx_word' id='word_1_236' title='bbox 1027 3427 1148 3492; x_wconf 89' lang='lat' dir='ltr'>serpens</span> <span class='ocrx_word' id='word_1_237' title='bbox 1166 3405 1225 3491; x_wconf 91' lang='lat' dir='ltr'>pri·</span> 
     </span>
     <span class='ocr_line' id='line_1_29' title="bbox 80 3507 1222 3593; baseline -0.004 -16"><span class='ocrx_word' id='word_1_238' title='bbox 80 3534 157 3577; x_wconf 85' lang='lat' dir='ltr'>mum</span> <span class='ocrx_word' id='word_1_239' title='bbox 178 3511 246 3588; x_wconf 83' lang='lat' dir='ltr'>luit,</span> <span class='ocrx_word' id='word_1_240' title='bbox 275 3509 344 3573; x_wconf 88' lang='lat' dir='ltr'>inde</span> <span class='ocrx_word' id='word_1_241' title='bbox 366 3508 402 3572; x_wconf 86' lang='lat' dir='ltr'>sb</span> <span class='ocrx_word' id='word_1_242' title='bbox 421 3509 542 3574; x_wconf 79' lang='lat' dir='ltr'>coelesti</span> <span class='ocrx_word' id='word_1_243' title='bbox 561 3507 675 3574; x_wconf 88' lang='lat' dir='ltr'>Virtute</span> <span class='ocrx_word' id='word_1_244' title='bbox 693 3509 822 3574; x_wconf 86' lang='lat' dir='ltr'>deiectus</span> <span class='ocrx_word' id='word_1_245' title='bbox 843 3507 874 3572; x_wconf 92' lang='lat' dir='ltr'>in</span> <span class='ocrx_word' id='word_1_246' title='bbox 892 3521 999 3574; x_wconf 82' lang='lat' dir='ltr'>terrum</span> <span class='ocrx_word' id='word_1_247' title='bbox 1023 3530 1059 3572; x_wconf 85' lang='lat' dir='ltr'>ue</span> <span class='ocrx_word' id='word_1_248' title='bbox 1076 3509 1222 3593; x_wconf 77' lang='lat' dir='ltr'>delapsus,</span> 
     </span>
     <span class='ocr_line' id='line_1_30' title="bbox 80 3610 1224 3700; baseline -0.003 -22"><span class='ocrx_word' id='word_1_249' title='bbox 80 3613 227 3700; x_wconf 88' lang='lat' dir='ltr'>serpentis</span> <span class='ocrx_word' id='word_1_250' title='bbox 251 3613 360 3690; x_wconf 82' lang='lat' dir='ltr'>forms,</span> <span class='ocrx_word' id='word_1_251' title='bbox 392 3610 518 3676; x_wconf 86' lang='lat' dir='ltr'>libidinis</span> <span class='ocrx_word' id='word_1_252' title='bbox 540 3611 663 3675; x_wconf 88' lang='lat' dir='ltr'>stimulis</span> <span class='ocrx_word' id='word_1_253' title='bbox 686 3612 814 3696; x_wconf 87' lang='lat' dir='ltr'>pernitus</span> <span class='ocrx_word' id='word_1_254' title='bbox 838 3633 900 3676; x_wconf 89' lang='lat' dir='ltr'>oum</span> <span class='ocrx_word' id='word_1_255' title='bbox 924 3622 1003 3675; x_wconf 81' lang='lat' dir='ltr'>terro</span> <span class='ocrx_word' id='word_1_256' title='bbox 1025 3631 1080 3675; x_wconf 87' lang='lat' dir='ltr'>oen</span> <span class='ocrx_word' id='word_1_257' title='bbox 1101 3610 1224 3675; x_wconf 86' lang='lat' dir='ltr'>muliere</span> 
     </span>
     <span class='ocr_line' id='line_1_31' title="bbox 79 3709 1224 3802; baseline -0.004 -20"><span class='ocrx_word' id='word_1_258' title='bbox 79 3718 202 3802; x_wconf 76' lang='lat' dir='ltr'>quodum</span> <span class='ocrx_word' id='word_1_259' title='bbox 220 3714 299 3780; x_wconf 88' lang='lat' dir='ltr'>ooiit.</span> <span class='ocrx_word' id='word_1_260' title='bbox 347 3709 415 3797; x_wconf 82' lang='lat' dir='ltr'>Quo</span> <span class='ocrx_word' id='word_1_261' title='bbox 434 3735 475 3780; x_wconf 85' lang='lat' dir='ltr'>ex</span> <span class='ocrx_word' id='word_1_262' title='bbox 490 3725 556 3780; x_wconf 88' lang='lat' dir='ltr'>sntu</span> <span class='ocrx_word' id='word_1_263' title='bbox 570 3714 639 3778; x_wconf 85' lang='lat' dir='ltr'>vitis</span> <span class='ocrx_word' id='word_1_264' title='bbox 656 3713 814 3799; x_wconf 78' lang='lat' dir='ltr'>puttntnvit.</span> <span class='ocrx_word' id='word_1_265' title='bbox 859 3711 944 3778; x_wconf 84' lang='lat' dir='ltr'>Unde</span> <span class='ocrx_word' id='word_1_266' title='bbox 963 3714 999 3777; x_wconf 87' lang='lat' dir='ltr'>nd</span> <span class='ocrx_word' id='word_1_267' title='bbox 1016 3713 1224 3778; x_wconf 85' lang='lat' dir='ltr'>oonoilinndsm</span> 
     </span>
     <span class='ocr_line' id='line_1_32' title="bbox 80 3815 1303 3904; baseline -0.004 -21"><span class='ocrx_word' id='word_1_268' title='bbox 80 3818 168 3904; x_wconf 74' lang='lat' dir='ltr'>nugis</span> <span class='ocrx_word' id='word_1_269' title='bbox 190 3817 251 3881; x_wconf 88' lang='lat' dir='ltr'>suis</span> <span class='ocrx_word' id='word_1_270' title='bbox 274 3817 356 3880; x_wconf 81' lang='lat' dir='ltr'>fidem</span> <span class='ocrx_word' id='word_1_271' title='bbox 378 3817 515 3882; x_wconf 88' lang='lat' dir='ltr'>sinuosos</span> <span class='ocrx_word' id='word_1_272' title='bbox 536 3816 637 3881; x_wconf 86' lang='lat' dir='ltr'>vitium</span> <span class='ocrx_word' id='word_1_273' title='bbox 660 3815 753 3880; x_wconf 83' lang='lat' dir='ltr'>flexus</span> <span class='ocrx_word' id='word_1_274' title='bbox 775 3837 810 3880; x_wconf 83' lang='lat' dir='ltr'>en</span> <span class='ocrx_word' id='word_1_275' title='bbox 829 3817 987 3895; x_wconf 87' lang='lat' dir='ltr'>rotundos,</span> <span class='ocrx_word' id='word_1_276' title='bbox 1020 3826 1050 3881; x_wconf 88' lang='lat' dir='ltr'>et</span> <span class='ocrx_word' id='word_1_277' title='bbox 1066 3815 1228 3881; x_wconf 83' lang='lat' dir='ltr'>cuiusmodi</span> <span class='ocrx_word' id='word_1_278' title='bbox 1292 3849 1303 3862; x_wconf 87' lang='lat'><strong>·</strong></span> 
     </span>
     <span class='ocr_line' id='line_1_33' title="bbox 9 3918 1225 4010; baseline -0.004 -24"><span class='ocrx_word' id='word_1_279' title='bbox 9 3999 11 4010; x_wconf 68' lang='lat'>,</span> <span class='ocrx_word' id='word_1_280' title='bbox 80 3919 260 4008; x_wconf 85' lang='lat' dir='ltr'>serpentium</span> <span class='ocrx_word' id='word_1_281' title='bbox 282 3919 378 4005; x_wconf 90' lang='lat' dir='ltr'>spirne</span> <span class='ocrx_word' id='word_1_282' title='bbox 401 3931 486 3999; x_wconf 88' lang='lat' dir='ltr'>suut,</span> <span class='ocrx_word' id='word_1_283' title='bbox 519 3919 668 4004; x_wconf 86' lang='lat' dir='ltr'>obliquos,</span> <span class='ocrx_word' id='word_1_284' title='bbox 699 3919 734 3984; x_wconf 88' lang='lat' dir='ltr'>nd</span> <span class='ocrx_word' id='word_1_285' title='bbox 757 3919 825 3984; x_wconf 94' lang='lat' dir='ltr'>illud</span> <span class='ocrx_word' id='word_1_286' title='bbox 845 3918 1062 4004; x_wconf 78' lang='lat' dir='ltr'>significandum</span> <span class='ocrx_word' id='word_1_287' title='bbox 1083 3921 1225 3983; x_wconf 78' lang='lat' dir='ltr'>referunt.</span> 
     </span>
    </p>
   </div>
   <div class='ocr_carea' id='block_1_6' title="bbox 81 4101 1229 4512">
    <p class='ocr_par' dir='ltr' id='par_1_7' title="bbox 81 4101 1229 4512">
     <span class='ocr_line' id='line_1_34' title="bbox 81 4101 1227 4190; baseline -0.008 -26"><span class='ocrx_word' id='word_1_288' title='bbox 81 4109 171 4180; x_wconf 74' lang='grc' dir='ltr'>κιανῷ,</span> <span class='ocrx_word' id='word_1_289' title='bbox 188 4110 224 4160; x_wconf 84' lang='lat' dir='ltr'>ou</span> <span class='ocrx_word' id='word_1_290' title='bbox 239 4101 357 4190; x_wconf 50' lang='lat' dir='ltr'>{berlint</span> <span class='ocrx_word' id='word_1_291' title='bbox 370 4105 414 4160; x_wconf 78' lang='grc' dir='ltr'>καὶ</span> <span class='ocrx_word' id='word_1_292' title='bbox 431 4108 570 4190; x_wconf 74' lang='lat' dir='ltr'>Aooxouppi.</span> <span class='ocrx_word' id='word_1_293' title='bbox 587 4179 592 4190; x_wconf 34' lang='grc' dir='ltr'>ι</span> <span class='ocrx_word' id='word_1_294' title='bbox 671 4104 771 4174; x_wconf 77' lang='grc' dir='ltr'>σπέρμα</span> <span class='ocrx_word' id='word_1_295' title='bbox 784 4121 829 4171; x_wconf 84' lang='lat' dir='ltr'>pro</span> <span class='ocrx_word' id='word_1_296' title='bbox 843 4107 887 4160; x_wconf 85' lang='grc' dir='ltr'>τοῦ</span> <span class='ocrx_word' id='word_1_297' title='bbox 906 4105 1063 4175; x_wconf 67' lang='grc' dir='ltr'><strong>σπέρματος,</strong></span> <span class='ocrx_word' id='word_1_298' title='bbox 1080 4108 1144 4171; x_wconf 80' lang='lat' dir='ltr'>pund</span> <span class='ocrx_word' id='word_1_299' title='bbox 1158 4109 1183 4157; x_wconf 80' lang='lat' dir='ltr'>to</span> <span class='ocrx_word' id='word_1_300' title='bbox 1198 4109 1227 4156; x_wconf 87' lang='lat' dir='ltr'>tt·</span> 
     </span>
     <span class='ocr_line' id='line_1_35' title="bbox 116 4172 1166 4258; baseline -0.003 -28"><span class='ocrx_word' id='word_1_301' title='bbox 116 4177 141 4230; x_wconf 78' lang='lat'>3.</span> <span class='ocrx_word' id='word_1_302' title='bbox 161 4177 250 4258; x_wconf 69' lang='lat' dir='ltr'>Ser-ipo</span> <span class='ocrx_word' id='word_1_303' title='bbox 268 4172 298 4230; x_wconf 73' lang='lat' dir='ltr'>bl</span> <span class='ocrx_word' id='word_1_304' title='bbox 311 4189 356 4239; x_wconf 81' lang='lat' dir='ltr'>pro</span> <span class='ocrx_word' id='word_1_305' title='bbox 372 4191 415 4238; x_wconf 77' lang='lat' dir='ltr'>sn,</span> <span class='ocrx_word' id='word_1_306' title='bbox 441 4177 504 4239; x_wconf 76' lang='lat' dir='ltr'>qnod</span> <span class='ocrx_word' id='word_1_307' title='bbox 527 4191 553 4226; x_wconf 87' lang='lat' dir='ltr'>m</span> <span class='ocrx_word' id='word_1_308' title='bbox 576 4177 640 4227; x_wconf 80' lang='lat' dir='ltr'>bbrts</span> <span class='ocrx_word' id='word_1_309' title='bbox 672 4177 720 4226; x_wconf 81' lang='lat' dir='ltr'>brts</span> <span class='ocrx_word' id='word_1_310' title='bbox 735 4179 841 4256; x_wconf 74' lang='lat' dir='ltr'>munitus</span> <span class='ocrx_word' id='word_1_311' title='bbox 856 4180 978 4258; x_wconf 70' lang='lat' dir='ltr'>reperitur.</span> <span class='ocrx_word' id='word_1_312' title='bbox 1108 4242 1121 4258; x_wconf 85' lang='lat'>.</span> <span class='ocrx_word' id='word_1_313' title='bbox 1158 4236 1166 4258; x_wconf 42' lang='lat'><em>2</em></span> 
     </span>
     <span class='ocr_line' id='line_1_36' title="bbox 82 4239 1229 4382; baseline -0.006 -14"><span class='ocrx_word' id='word_1_314' title='bbox 82 4249 640 4382; x_wconf 59' lang='lat' dir='ltr'>””i⁹.⁰sbfl⁸d&#39;ibb2npm.‚,nmmne</span> <span class='ocrx_word' id='word_1_315' title='bbox 673 4239 1072 4363; x_wconf 48' lang='lat' dir='ltr'>toireiimmmffi</span> <span class='ocrx_word' id='word_1_316' title='bbox 1088 4239 1229 4311; x_wconf 44' lang='lat' dir='ltr'>mm·</span> 
     </span>
     <span class='ocr_line' id='line_1_37' title="bbox 84 4375 1107 4448; baseline -0.005 -14"><span class='ocrx_word' id='word_1_317' title='bbox 84 4381 128 4448; x_wconf 82' lang='lat' dir='ltr'>5i,</span> <span class='ocrx_word' id='word_1_318' title='bbox 142 4379 184 4434; x_wconf 80' lang='grc'>35.</span> <span class='ocrx_word' id='word_1_319' title='bbox 200 4383 270 4431; x_wconf 81' lang='lat' dir='ltr'>edom</span> <span class='ocrx_word' id='word_1_320' title='bbox 287 4377 484 4446; x_wconf 75' lang='grc' dir='ltr'>μακροεῑκελλος.</span> <span class='ocrx_word' id='word_1_321' title='bbox 706 4377 731 4433; x_wconf 78' lang='lat' dir='ltr'>i·</span> <span class='ocrx_word' id='word_1_322' title='bbox 750 4375 878 4433; x_wconf 74' lang='grc' dir='ltr'>σκαλεινόν</span> <span class='ocrx_word' id='word_1_323' title='bbox 893 4381 976 4445; x_wconf 74' lang='lat' dir='ltr'>boitro</span> <span class='ocrx_word' id='word_1_324' title='bbox 991 4383 1017 4432; x_wconf 84' lang='lat' dir='ltr'>tn</span> <span class='ocrx_word' id='word_1_325' title='bbox 1033 4381 1107 4433; x_wconf 78' lang='lat' dir='ltr'>edtds.</span> 
     </span>
     <span class='ocr_line' id='line_1_38' title="bbox 118 4443 640 4512; baseline -0.004 -8"><span class='ocrx_word' id='word_1_326' title='bbox 118 4451 143 4504; x_wconf 80' lang='lat'>5.</span> <span class='ocrx_word' id='word_1_327' title='bbox 155 4451 273 4502; x_wconf 64' lang='lat' dir='ltr'>menso</span> <span class='ocrx_word' id='word_1_328' title='bbox 283 4449 416 4512; x_wconf 68' lang='lat' dir='ltr'>perorator</span> <span class='ocrx_word' id='word_1_329' title='bbox 427 4453 453 4499; x_wconf 82' lang='lat' dir='ltr'>ot</span> <span class='ocrx_word' id='word_1_330' title='bbox 467 4443 640 4502; x_wconf 65' lang='lat' dir='ltr'>renonent</span> 
     </span>
    </p>
   </div>
   <div class='ocr_carea' id='block_1_7' title="bbox 137 4525 1025 4601">
    <p class='ocr_par' dir='ltr' id='par_1_8' title="bbox 137 4525 1025 4601">
     <span class='ocr_line' id='line_1_39' title="bbox 137 4525 1025 4601; baseline -0.016 -25"><span class='ocrx_word' id='word_1_331' title='bbox 137 4529 224 4588; x_wconf 80' lang='lat' dir='ltr'>(terpus</span> <span class='ocrx_word' id='word_1_332' title='bbox 237 4527 370 4574; x_wconf 75' lang='lat' dir='ltr'>tismessnt.</span> <span class='ocrx_word' id='word_1_333' title='bbox 382 4525 411 4572; x_wconf 87' lang='lat' dir='ltr'>tt.</span> <span class='ocrx_word' id='word_1_334' title='bbox 985 4537 1025 4601; x_wconf 69' lang='lat'>45</span> 
     </span>
    </p>
   </div>
   <div class='ocr_carea' id='block_1_8' title="bbox 0 0 1517 4996">
    <p class='ocr_par' dir='ltr' id='par_1_9' title="bbox 0 0 1517 4996">
     <span class='ocr_line' id='line_1_40' title="bbox 0 0 1517 4996; baseline 0 0"><span class='ocrx_word' id='word_1_335' title='bbox 0 0 1517 4996; x_wconf 95' lang='lat' dir='ltr'> </span> 
     </span>
    </p>
   </div>
  </div>
 </body>
</html>
