2994 5024
272 290 333 354 584
693 300 814 354 sanem
831 301 1001 354 εειειιιαιι

355 416 389 503 γ’.
417 415 620 502 Μορτάρομαι
632 416 665 482 δέ
681 416 767 483 πάλιν
781 417 828 484 άτι
840 417 1004 503 άνθραπος
1016 421 1259 504 περιτετμημένος
1271 415 1416 500 άφειλέτηι

273 523 351 588 ἐστίν
374 519 442 585 ὅλου
463 519 515 584 τάν
535 519 627 600 νόμον
647 527 806 604 πληρῶσαι.

261 653 263 658 ’
358 621 392 687 δ’.
422 619 500 688 Ἀντλ
526 629 596 700 τοῦ,
628 621 735 709 Μικρά
759 625 835 706 ζύμη
861 623 929 690 ὅλον
953 623 987 690 τά
1008 623 1134 710 φάραμα
1160 633 1260 707 ζυμοῖ,
1292 625 1416 704 έποίησε,

274 732 373 790 Δολοῖ.
428 811 429 816 ¹

240 889 244 900 ,
359 827 389 894 ε’.
419 825 452 891 ‘0
473 826 528 912 γάρ
546 834 605 904 πῶς
620 825 710 909 νόμος
726 826 797 910 ὑμῖν
811 827 1014 912 πεπλήρωται,
1042 826 1217 915 Ἀγαπήσεις
1234 827 1286 894 τάν
1301 832 1418 910 πλησίον

274 951 328 997 σου
350 927 390 1006 ῶς
410 927 541 995 σεαυτόν.

358 1031 392 1109 ς’.
425 1029 545 1116 Φανερά
561 1034 594 1096 δέ
609 1034 669 1097 έστι
683 1031 718 1096 τά
734 1035 803 1118 ἔργα
817 1041 869 1116 τῆς
882 1032 1002 1119 σαρκάς,
1025 1033 1111 1100 άτινά
1127 1024 1187 1100 ἔστι
1200 1038 1331 1118 πορνεία,
1353 1030 1418 1096 ἀκα-

273 1140 400 1220 θαρσία,
431 1131 577 1219 ἀσέλγεια,
605 1137 838 1220 είδωλολατρεία,
867 1141 1051 1220 φαρμακεία,
1078 1140 1200 1222 ἔχθραι,
1223 1139 1312 1222 έρεις,
1334 1143 1418 1218 ζῆλοι,

273 1240 384 1319 θυμοὶ,
408 1239 550 1322 έρίθειαι,
572 1241 766 1320 διχοστασίαι,
789 1242 912 1326 αἵρεσις,
935 1238 1040 1319 φόνοι,
1063 1241 1164 1322 μέθαι,
1187 1247 1294 1321 κῶμοι,
1316 1237 1418 1320 ἀπρο-

272 1343 346 1426 λέγω
362 1337 446 1422 ὑμῖν,
476 1337 581 1414 καθῶς
596 1342 646 1404 καί
662 1349 822 1423 προεῖπον,
845 1340 891 1406 ὅτι
908 1344 940 1406 οἱ
954 1341 990 1406 τά
1005 1351 1127 1408 τοιαῦτα
1145 1341 1325 1427 πράσσοντες
1341 1343 1419 1422 βασι-

274 1447 353 1508 λείαν
372 1449 450 1508 θεοῦ
472 1440 508 1507 οὐ
529 1441 809 1525 κληρονομήσουσιν.

361 1547 391 1623 ζ’.
427 1547 466 1608 Οἱ
478 1545 509 1608 δέ
523 1552 576 1610 τοῦ
596 1551 726 1630 Χριστοῦ
743 1543 797 1628 τήν
812 1545 907 1630 σάρκα
920 1544 1107 1633 ἐσταύρωσαν
1122 1546 1178 1612 σῦν
1190 1555 1253 1622 τοῖς
1269 1543 1422 1626 παθήμασι

278 1650 328 1713 καὶ
349 1655 413 1722 ταῖς
436 1649 616 1729 ἐπιθυμίαις.

362 1749 398 1831 η’.
434 1748 509 1814 Οάτε
530 1747 585 1836 γάρ
607 1752 639 1816 οῖ
657 1750 894 1835 περιτεμνόμενοι
915 1749 999 1818 αὐτοὶ
1020 1749 1114 1834 νόμον
1137 1750 1328 1832 φυλάσσουσι.

156 1987 207 2031 m.
221 1973 268 2020 ιιι.
349 1957 448 2011 Πεοε
465 1955 689 2011 ΚΟΡΙΝΘΙΟΥΣ
708 1955 744 2019 ε,
763 1959 835 2012 lm>
854 1957 965 2013 ιτεοι
984 1959 1029 2012 ιο
1046 1957 1227 2012 mmmm
1244 1955 1283 2027 ρ’,
1300 1958 1362 2010 m

735 2044 806 2098 Πιε
822 2044 918 2098 Hm
936 2041 968 2114 γ’.

366 2157 445 2224 88α’.
478 2162 643 2243 Γέγραπται
657 2159 730 2245 γάρ,
759 2159 875 2226 Ἀπολῶ
890 2159 943 2243 τήν
959 2165 1066 2242 σοφίαν
1081 2168 1141 2226 τῶν
1157 2167 1277 2240 σοφῶν,
1307 2162 1355 2224 ταί
1374 2158 1424 2240 τήν

279 2266 396 2330 σάνεσιν
417 2269 476 2328 τῶν
497 2270 625 2327 συνετῶν
646 2260 789 2346 ἀθετήσω.

364 2364 400 2449 β.
423 2363 506 2442 Ἵνα,
527 2363 632 2441 καθῶς
652 2367 826 2451 γέγραπται,
849 2364 1072 2449 δκααχῶμενος
1093 2369 1126 2432 έν
1146 2369 1240 2455 κυρίη)
1257 2363 1423 2447 καυχάσθω.

365 2570 399 2656 γ’.
433 2577 498 2636 Τῶν
521 2567 669 2654 ἀρχόντων
690 2579 743 2637 τοῦ
764 2574 872 2646 αίῶνος
893 2569 1015 2652 τούτου,
1037 2579 1095 2638 τῶν
1114 2571 1369 2656 καταργουμένων.

366 2670 401 2738 δ’.
432 2675 596 2758 Γέγραπται
614 2670 686 2758 γάρ,
716 2671 749 2736 Ὁ
764 2672 962 2758 δρασσόμενος
980 2673 1050 2751 τοῦς
1070 2672 1186 2754 σοφοάς
1201 2677 1234 2739 έν
1249 2679 1287 2761 τή
1303 2696 1424 2750 πανονρ

282 2780 332 2864 γίρι
350 2771 455 2840 αὐτῶν.
501 2776 558 2838 Καὶ
579 2775 681 2856 πάλιν,
712 2774 825 2863 Κύριος
840 2779 973 2862 γινοίσκει
995 2775 1065 2853 τοῦς
1081 2773 1289 2861 διαλογισμοῦς
1306 2781 1364 2839 τῶν
1381 2771 1426 2838 α’ν·

282 2876 418 2964 θροίπαν
439 2876 485 2942 ὅτι
506 2878 560 2940 εἰσί
582 2875 708 2959 μάταιοι.

368 2978 397 3044 ε’.
431 2981 492 3043 Καὶ
512 2976 568 3065 γάρ
589 2978 622 3044 τά
644 2978 740 3064 πάσχα
761 2978 846 3063 ήμῶν
868 2979 962 3064 έτάθη
986 2980 1121 3062 Χριστός.

367 3081 401 3158 ς’.
435 3079 498 3146 Οάκ
512 3085 609 3147 οἴδατε
622 3080 667 3148 άτι
683 3079 701 3148 ά
716 3082 896 3165 κολλώμενος
909 3091 944 3172 τῇ
957 3086 1053 3172 πάρνγγ
1065 3087 1100 3148 ἓν
1114 3079 1198 3164 σῶμά
1212 3084 1304 3159 έστινς
1328 3079 1426 3144 Ἔσον-

284 3211 331 3251 ται
352 3183 425 3270 γάρ,
447 3185 554 3266 φησίν,
576 3186 608 3248 οί
627 3183 680 3248 δάο
703 3188 745 3261 είς
764 3185 860 3272 σάρκα
881 3191 957 3268 μίαν.

369 3285 400 3365 ζ’.’
434 3287 729 3372 ΝΜετηλλαγμένως.
771 3285 848 3352 'Ani
871 3288 926 3373 γάρ
950 3295 1017 3368 τοῦ,
1049 3289 1109 3353 Καί
1130 3284 1148 3354 ά
1170 3285 1261 3368 νάμος
1283 3279 1427 3349 ταῦταοά

285 3393 378 3476 λέγει,
401 3389 475 3472 φησί
497 3390 621 3467 έκεῖνος,
645 3393 687 3453 Et
707 3393 754 3455 καί
777 3387 796 3454 o‘
816 3390 908 3471 νόμος
929 3392 1085 3465 Μωῦσέας
1106 3397 1198 3454 ταῦτα
1219 3385 1257 3453 οά
1278 3389 1361 3471 λέγει

369 3490 404 3574 η’.
436 3489 494 3573 Μή
516 3499 574 3556 τῶν
595 3496 676 3574 βοῶν
698 3492 774 3573 μέλει
794 3499 835 3580 τῷ
857 3500 934 3582 θεῷ,

370 3591 411 3660 θ’.
445 3591 490 3659 Οά
505 3597 584 3660 θέλω
604 3591 658 3679 γάρ
675 3592 754 3676 ἀμᾶς
772 3591 902 3680 ἀγνοεῖν,
932 3593 1071 3674 ἀδελφοί,
1100 3593 1146 3661 ὅτι
1162 3597 1193 3658 οί
1208 3593 1329 3676 πατέρες
1348 3587 1427 3673 ήμῶν

287 3694 347 3763 άπδ
361 3695 415 3778 τήν
428 3698 553 3778 νεφέλην
567 3689 651 3779 ήσαν,
667 3699 717 3762 καί
730 3695 836 3773 πάντες
851 3700 901 3762 διά
914 3706 967 3780 τῆς
978 3697 1130 3778 θαλάσσης
1144 3701 1279 3779 διῆλθον,
1294 3693 1343 3758 καλ
1361 3690 1426 3756 τεάν-

287 3825 334 3876 τες
348 3799 381 3864 τὸ
398 3796 470 3864 αάτά
485 3798 681 3880 πνευματικῶν
695 3801 807 3884 έφαγον
823 3803 938 3884 βρῶμα.
972 3799 1100 3864 Ἕπινον
1116 3796 1170 3883 γάρ
1187 3801 1220 3864 έτ
1236 3800 1428 3876 πνευματικῆς

288 3899 511 3983 ἀκολουθούσης
533 3904 654 3981 πέτρας,
687 3899 705 3984 ή
726 3903 757 3967 δὲ
778 3905 869 3988 πέτρα
890 3893 926 3984 ἦν
949 3900 967 3968 0‘
991 3899 1131 3986 Χριστός·
1162 3897 1220 3964 ἀλλ’
1241 3895 1296 3964 οάιι
1318 3899 1353 3962 έν
1374 3904 1428 3969 τοῖς

288 4009 417 4070 πλείοσιν
437 4000 534 4068 αάιῶν
554 4001 709 4086 ηάδόκησε.
757 4011 855 4069 Ταῦτα
876 4006 908 4070 δέ
924 4003 1013 4069 τύποι
1029 4002 1115 4088 ήμῶν
1133 4001 1328 4088 έγενήθησαν,
1360 3997 1428 4083 πρδς

289 4105 321 4173 τά
340 4104 426 4189 40μή
442 4103 517 4172 εἶναι
531 4103 610 4189 ήμῦς
624 4104 810 4190 έπιθυμητάς
826 4113 942 4185 κακῶν,
965 4105 1070 4182 καθείς
1086 4103 1218 4172 κάκεῖνοι
1230 4100 1427 4184 έπεθάμηστν·

290 4210 363 4292 μηδὲ
382 4209 585 4294 εἰδωλολάτραι
602 4213 732 4295 γίνεσθε,
754 4209 859 4285 καθάς
875 4233 951 4285 τινες
966 4207 1079 4288 αὐτῶν,
1102 4206 1142 4284 ἀς
1159 4209 1331 4294 γέγραπται,
1354 4201 1428 4267 Ἐιιά

290 4321 375 4376 θισεν
390 4309 488 4388 άλαάς
503 4321 607 4398 φαγεῖν
619 4314 668 4376 καί
684 4321 772 4390 πιεῖν,
794 4313 845 4378 καὶ
859 4309 1017 4394 ἀνέστησαν
1030 4316 1152 4390 παίζειν·
1175 4310 1249 4392 μηδέ
1262 4305 1428 4392 έκπειράζα·

324 4463 364 4518 38.
380 4470 414 4519 ne
427 4472 477 4520 σοιλ.
493 4473 603 4520 Vaticano
616 4473 640 4520 ιἰι
654 4472 759 4531 exemplo
769 4471 849 4520 δαλοῖ-
883 4469 993 4536 εεηιιίιοτ
1004 4484 1126 4527 numerus,
1140 4477 1167 4517 ut
1180 4483 1261 4534 ιορττ,
1275 4474 1301 4514 τε
1315 4474 1373 4531 post
1383 4461 1428 4528 ρῶ-

290 4537 355 4584 ιίαιιο
365 4542 477 4588 annotata
490 4542 581 4590 λοντιιῖο
593 4541 665 4590 λοισι
682 4539 749 4600 „flio
759 4538 848 4588 iterum
883 4555 949 4588 mum
967 4537 1042 4588 habet
1057 4535 1089 4600 ff.
1108 4546 1167 4604 post
1182 4533 1316 4586 τεαιτιδαιττ
1334 4531 1363 4596 ι’,
1379 4539 1428 4600 ρον
