3018 4994
288 402 422 454 canaan
439 402 500 454 nun.
513 405 531 455 1.
549 401 933 455 nemorumnemorum
1115 391 1176 454 437

124 517 185 584 lam
208 543 278 585 nero
301 523 385 585 etiam
409 521 510 607 philtra
531 533 560 586 ct
578 523 732 586 amatorias
751 521 901 585 illecebras
920 523 954 586 ad
975 523 1175 587 contumeliam
1195 540 1253 608 cap.
1269 541 1311 592 111.

51 642 192 707 corporum
208 646 223 686 a
240 621 343 688 Marco
358 625 526 709 quibusdum
542 624 708 688 mulieribus
724 624 831 703 oblata,
850 645 907 688 non
923 636 1017 690 tamen
1031 625 1175 704 omnibns,

49 722 182 807 ipsaemet
197 727 231 788 ad
248 727 399 791 ecclesiam
417 748 554 791 reversae
569 747 709 812 persaepe
725 728 820 790 lassae
835 717 922 808 sunt,
942 749 975 790 se
991 727 1026 790 ab
1041 728 1090 791 illo
1108 749 1177 790 con·

48 837 184 910 stupratas
200 849 267 892 esse
286 841 315 892 et
328 828 419 914 ipsius
436 850 534 893 amore
550 829 751 912 illecebrisque
770 840 880 913 captas.
927 829 1010 892 Adeo
1032 841 1064 893 ut
1080 830 1176 893 diaco·

49 951 96 992 nus
112 930 224 1014 quidam
244 953 260 994 e
279 933 387 995 nostris
405 931 432 993 iu
451 931 524 995 Asia
542 953 605 994 curn
623 930 746 1015 hospitio
763 931 841 994 illum
858 931 1041 1016 excepisset,
1064 931 1093 994 in
1112 953 1175 994 eam

48 1032 229 1096 calamitatem
245 1032 394 1110 inciderit,
419 1033 537 1118 eiusque
554 1033 662 1096 coniux
679 1032 795 1116 egregia
812 1035 902 1097 lorma
920 1033 1022 1097 mulier
1036 1044 1066 1096 et
1080 1033 1175 1098 auimo

47 1145 72 1194 et
87 1156 235 1218 corporea
252 1157 337 1216 mago
349 1134 399 1208 illo
413 1146 549 1220 corrrrpta
563 1137 650 1218 longo
666 1155 730 1198 eum
748 1145 875 1219 tempore
890 1146 999 1199 sectata
1013 1136 1062 1214 ait,
1084 1136 1176 1198 dorrec

46 1257 142 1320 magno
158 1259 220 1299 cnm
235 1219 334 1300 labore
349 1237 543 1301 adnitentibus
560 1237 695 1300 iratribus
711 1238 745 1300 ad
762 1237 909 1302 meliorem
926 1239 1036 1318 lraagcm
1053 1249 1175 1303 conver-

45 1358 74 1400 sa
89 1339 229 1423 reliquum
246 1341 324 1402 vitae
341 1350 454 1425 tempus
471 1341 499 1402 in
519 1339 696 1425 poenitentia
713 1339 857 1418 traduxit,
882 1361 1015 1404 moerens
1034 1361 1069 1404 ac
1087 1339 1175 1404 vehe-

43 1451 151 1504 menter
167 1443 320 1527 dcplorans
334 1444 408 1526 qarod
425 1464 440 1506 a
458 1463 542 1527 mago
559 1441 703 1526 corrumpi
718 1463 750 1506 se
764 1462 798 1505 ac
813 1440 907 1504 vitiari
923 1441 1052 1506 sivisset.
1083 1439 1175 1524 Quin·

44 1543 123 1605 etiam
147 1543 276 1629 discipuli
301 1545 413 1628 quidam
437 1545 514 1607 illins
538 1545 619 1607 varia
643 1544 745 1630 oppida
769 1555 955 1629 peragrantes
981 1544 1174 1630 compluribus

43 1646 213 1710 mulierculis
227 1645 327 1709 iisdem
342 1645 451 1710 artibus
465 1646 629 1724 illuserunt,
653 1667 715 1710 cum
734 1648 878 1731 perlectos
894 1666 1005 1709 ecesse
1020 1646 1173 1724 iactarcnt,
1246 1637 1252 1650 '

44 1767 130 1832 neque
151 1769 319 1833 quemquem
340 1769 425 1834 posse
442 1769 540 1812 secum
559 1749 698 1811 scientiae
715 1747 797 1834 copia
813 1748 958 1826 conferri,
982 1769 1039 1811 non
1057 1747 1081 1810 si
1099 1745 1176 1811 Pan·

43 1847 94 1911 lom
117 1849 294 1934 Petrnmqne
320 1850 470 1928 nomines,
502 1861 551 1912 aut
576 1871 614 1914 ex
639 1851 834 1936 apostolorum
860 1871 980 1914 numero
1002 1850 1173 1935 qnernlihet;

41 1951 117 2033 plura
141 1953 216 2015 enim
242 1973 275 2015 se
298 1953 376 2016 solos
400 1953 532 2016 omnibus
554 1952 733 2036 intelligere,
767 1954 845 2016 solos
866 1952 1077 2038 inexplicabilis
1099 1953 1174 2017 illius

40 2050 163 2117 Virtutis
186 2053 318 2118 hausisse
339 2055 577 2138 magnitudinem.
623 2052 766 2136 Quocirca
788 2076 875 2138 supra
895 2053 1038 2119 Virtutem
1061 2075 1173 2118 omnem

40 2155 175 2219 sublimes
192 2157 282 2220 attolli
299 2178 383 2236 sese,
416 2167 501 2240 atque
517 2157 625 2219 idcireo
640 2155 730 2220 libere
746 2155 841 2220 omnia
859 2160 955 2220 lacere
972 2167 1065 2220 metus
1082 2157 1174 2222 enanis

40 2269 187 2340 expertes.
231 2256 308 2321 Nam
327 2260 362 2321 ob
378 2259 622 2342 redemptionem,
649 2280 732 2343 quam
751 2259 844 2344 adepti
862 2269 946 2337 suot,
972 2259 1089 2322 minime
1108 2279 1173 2324 see

38 2357 128 2424 iudice
144 2363 361 2446 comprehendi,
386 2383 420 2425 ac
435 2382 471 2424 ne
487 2362 578 2425 videri
596 2361 720 2446 quidem,
744 2383 841 2446 posse.
887 2358 971 2443 Quod
987 2363 1011 2424 si
1027 2362 1103 2425 lorte
1118 2361 1174 2424 sibi

38 2483 137 2526 marrus
158 2460 309 2542 iniiceret,
341 2475 399 2527 tum
417 2485 488 2526 vero
506 2485 570 2527 enm
587 2465 783 2549 redemptione
801 2463 849 2526 illa
867 2485 919 2527 sua
938 2483 1033 2526 corana
1050 2484 1085 2526 eo
1105 2464 1173 2528 talia

37 2563 180 2628 dicturos:
213 2569 299 2626 Odei
313 2587 347 2626 oc
362 2571 494 2646 mystr'cue
514 2579 578 2628 unte
599 2569 691 2628 seculo
707 2571 789 2646 Sigea
804 2587 944 2640 assessor,
975 2587 1029 2647 quo
1049 2569 1119 2627 doce
1138 2587 1173 2628 oe

38 2671 220 2729 conciliatore
234 2671 445 2748 Magnitudines
459 2690 523 2743 coe,
548 2691 618 2750 pune
633 2673 724 2730 Patres
731 2671 838 2751 steca'ern
848 2681 981 2750 perpetuo
993 2681 1169 2742 contereretur,

37 2773 127 2832 cultus
145 2792 213 2832 snos
231 2775 263 2831 in
278 2773 382 2832 coelum
400 2773 581 2846 submittent,
612 2774 703 2832 nultus
721 2775 831 2852 sirpeam
850 2793 912 2845 eos,
944 2772 1043 2851 quibes
1060 2775 1172 2832 numilem

37 2875 130 2934 nudum
143 2875 196 2933 illo
209 2877 363 2952 conspectis
377 2873 411 2934 od
424 2878 525 2935 rumori
535 2876 679 2935 bonitatem
696 2877 822 2936 Parentis
835 2894 886 2934 nos
899 2875 974 2934 uelat!
985 2875 1095 2955 effigim
1103 2895 1172 2953 pro-

37 2976 134 3049 ducit,
161 2995 223 3034 eum
240 2977 398 3036 coelestrum
415 2980 607 3055 cogitationem
625 2978 701 3036 uelut
712 2997 765 3055 per
781 2981 914 3036 sonantem
931 2979 1115 3054 concepisset:
1138 2997 1172 3036 en

37 3078 118 3138 iudear
133 3081 350 3158 appropinquet,
367 3098 401 3138 ue
416 3099 458 3137 me
467 3099 570 3158 praeco
583 3099 707 3138 conessum
724 3079 799 3138 abdet
813 3097 906 3156 ogere.
955 3081 996 3139 Tu
1010 3081 1109 3156 apator,
1128 3087 1173 3137 nt·

33 3191 96 3254 pote
110 3201 186 3259 pune
200 3200 246 3239 res
262 3183 407 3259 utrimque
415 3181 503 3260 prode
519 3191 625 3254 tenens,
650 3201 814 3242 communem
828 3183 917 3241 iudici
924 3201 978 3260 pro
994 3189 1111 3260 utroque
1124 3201 1173 3240 no·

36 3291 122 3342 strum
139 3286 292 3342 cretionem
309 3286 474 3361 expromite.
521 3278 633 3363 Quibus
649 3282 744 3346 statim
758 3280 862 3344 auditis
876 3279 975 3345 Mater
989 3277 1172 3344 Homericam

35 3377 169 3445 Plutonis
192 3381 303 3464 galeam
326 3384 382 3446 illis
404 3382 540 3468 imponit,
572 3383 612 3446 uti
635 3405 667 3448 se
682 3383 784 3447 iudicis
803 3384 929 3468 aspectui
946 3382 1101 3446 subductos
1117 3383 1173 3446 eri·

36 3481 124 3564 piant.
174 3483 253 3546 Tum
274 3483 337 3546 sine
358 3505 438 3547 mora
457 3505 569 3548 sursum
589 3495 706 3548 evectos
728 3497 758 3548 et
778 3485 806 3548 io
825 3486 977 3548 thalamum
996 3485 1173 3548 introductos

35 3588 152 3668 sponsis
175 3587 236 3650 suis
259 3585 395 3650 restituit.
442 3585 522 3650 Haec
542 3587 588 3650 illi
604 3586 686 3650 dictis
705 3586 842 3671 lactisque
859 3587 1044 3672 prolitentes,
1073 3587 1121 3650 vel
1142 3585 1171 3648 in

37 3685 88 3750 hoc
107 3699 212 3752 nostro
229 3686 362 3751 Rhodani
381 3699 475 3750 tractu
494 3689 644 3773 plerasque
659 3689 794 3752 mulieres
809 3689 838 3752 in
858 3709 986 3754 errorem
1006 3698 1169 3752 traxerunt.

38 3786 120 3870 Quae
137 3797 321 3852 conterentem
337 3793 466 3852 dedentes
478 3797 671 3854 concrematum
688 3792 788 3876 partim
800 3792 826 3854 id
844 3791 978 3877 perfricta
993 3792 1087 3853 fronte
1102 3809 1170 3874 prae
1184 3803 1319 3859 1.'t·ruut,n

36 3911 67 3951 se
84 3893 198 3970 lerunt,
222 3892 324 3977 partim
338 3893 513 3958 verecundia
527 3895 640 3974 ductae,
664 3917 697 3958 ac
712 3893 843 3980 paulatim
861 3905 956 3958 tannen
971 3891 999 3955 in
1014 3894 1091 3956 vitae
1105 3913 1172 3955 coe·

35 3993 116 4058 lestis
133 3995 367 4079 desperationem
380 3997 537 4081 impulsae,
561 3998 674 4062 tandem
691 4009 740 4060 aut
755 3997 788 4060 ah
803 3997 928 4060 veritate
942 4015 975 4058 se
991 3995 1104 4080 penitus
1122 3993 1172 4056 ab·

35 4105 221 4176 struxerunt,
246 4107 295 4160 aut
310 4097 399 4161 adbuc
415 4099 568 4163 dubitando
585 4099 721 4163 fluctuant
735 4110 830 4184 atque,
854 4108 886 4162 nt
900 4097 1052 4184 proverbio
1068 4098 1169 4176 lectur,

32 4353 122 4404 irenaei
148 4355 288 4416 interprete,
313 4356 421 4404 emtentlo
445 4355 594 4419 eibopilnnle.
626 4353 733 4404 reddidit
754 4355 802 4404 enin
820 4352 916 4423 sponsis
938 4355 1172 4405 benevenerunt

34 4422 99 4470 La'trt
117 4435 199 4472 omnes
217 4423 300 4472 babent
315 4417 443 4488 peripsam
626 4426 743 4486 interpres.

66 4487 89 4540 7.
179 4491 365 4542 senescendo.
378 4492 592 4552 Potesttamen.
659 4489 683 4542 9.
700 4489 733 4556 bal
758 4493 825 4543 codd.
840 4494 894 4542 ten.
912 4493 1007 4556 llbedtp.
1040 4488 1171 4556 abretteni

66 4557 90 4606 u.
177 4557 210 4608 cir
226 4558 354 4608 emendatio
368 4564 407 4608 eat
439 4559 503 4608 ntem
516 4571 593 4608 omnes
625 4560 685 4610 labri.

35 4625 119 4675 babent
137 4623 236 4677 ἑαυτοῦ.
270 4627 378 4676 Petuntur
391 4629 488 4677 cernerit
501 4619 591 4679 αὐτῶν.
