3036 4998
315 249 450 304 rnunnu
468 249 530 302 uua.
545 250 565 302 1.
581 249 662 302 ron.
675 250 706 300 u.
732 247 830 300 nanu.
847 249 950 299 xxxo.
1142 237 1202 300 315

61 373 181 436 aliarum
198 370 373 447 haereseon,
397 389 470 454 qnae
486 367 542 434 sibi
558 367 696 450 tragicam
716 368 879 432 istiusmodi
895 389 1027 454 pompam
1043 367 1201 446 asciscunt,

61 474 259 560 propagandas
278 471 408 556 origines
424 492 501 536 nova
516 471 657 555 quaedam
675 471 811 535 addidere
829 471 954 534 somnia.
998 469 1116 534 Etenim
1139 480 1205 556 post

61 575 214 662 superiora
235 575 283 638 illa
305 572 421 638 nomina
437 571 603 649 Hesiodus,
628 568 763 658 Orpheus
781 583 810 635 et
826 570 1013 638 Stesichorus
1030 584 1114 638 natos
1137 593 1204 638 esse

60 680 159 744 dieunt
175 674 299 744 Caelum
321 687 351 740 et
365 675 541 754 Tartarum,
566 671 724 740 Saturnum
744 697 778 738 ae
794 673 925 752 eream,
951 672 1068 755 lovena,
1093 675 1205 760 Apolli·

60 803 144 861 nem,
166 778 337 865 Neptunum
358 788 445 862 utque
458 775 632 855 Plutonem,
656 775 802 860 aliosque,
827 797 900 861 quos
917 777 1083 860 singillatim
1103 799 1204 842 reeen-

59 895 142 961 sent‚
165 883 346 946 innumeros.
390 877 547 944 Facundus
572 879 649 944 euim
672 879 787 942 illorum
813 899 898 944 error
921 890 967 943 est
987 900 1022 941 ac
1039 879 1202 964 multiplex,

59 987 105 1070 qui
124 984 252 1048 absurda
270 982 462 1066 nescioquas
481 981 688 1046 vocabulorum
707 991 836 1046 monstra
856 981 1021 1066 parturiens
1043 991 1130 1064 atqum
1152 1001 1205 1044 ex·

59 1087 192 1172 cogitans
208 1086 348 1150 inlinitum
369 1085 528 1150 fabularum
544 1095 675 1168 segetem
694 1085 833 1170 proludit.
879 1080 964 1166 Quae
979 1104 1037 1148 uua
1052 1103 1101 1146 res
1118 1083 1204 1146 mise·

60 1211 160 1254 rorum
184 1187 298 1254 illorum
322 1187 434 1252 animos
461 1187 533 1252 lalsa
555 1187 652 1273 specie
669 1185 788 1252 deludit.
834 1184 894 1252 Sed
912 1187 948 1250 iis
967 1207 1088 1270 quorum
1107 1185 1206 1249 diuina

59 1291 125 1356 luae
144 1290 313 1356 collustrata
335 1311 419 1354 meos
438 1301 502 1368 est,
525 1288 622 1374 inepta
645 1289 717 1352 luaee
739 1289 837 1354 statim
863 1309 897 1352 aa
917 1289 1036 1354 ridicula
1056 1285 1202 1352 videntur.

60 1392 175 1477 Quibus
199 1393 285 1458 modo
301 1390 533 1477 praetermissis,
564 1410 637 1474 quac
658 1390 773 1454 illorum
793 1391 875 1457 libris
893 1391 1096 1468 continentur,
1120 1397 1206 1473 prout

58 1499 94 1560 ad
116 1495 239 1562 uerbum
263 1495 372 1580 scripta
389 1495 543 1578 leguntur,
567 1493 621 1558 hoe
638 1492 703 1558 loeo
723 1513 893 1576 proponam.
940 1489 1016 1558 Sunt
1033 1491 1106 1556 haee
1128 1490 1205 1555 eius·
1244 1573 1245 1578 ἵ

59 1599 151 1664 modi.

145 1899 229 1968 llaec
244 1902 319 1988 apud
335 1900 498 1986 sapientes:
523 1902 575 1966 sed
592 1902 667 1988 apud
685 1902 843 1982 animales,
867 1903 941 1988 apud
957 1903 1108 1984 carnales,
1132 1903 1207 1990 apud
1226 1907 1286 1976 cap.
1303 1907 1334 1958 V·

57 2005 241 2086 mundanos,
272 2007 346 2089 apud
367 2015 575 2090 exaggeratam
598 2004 687 2070 animi
709 2005 784 2083 uim,
816 2002 882 2069 Nus
903 2027 1048 2091 nunquam
1068 1989 1358 2087 desinensffl‘JsslJl’ll',

57 2108 210 2194 perpetuis
228 2127 263 2170 ac
280 2127 425 2191 nunquam
441 2105 656 2184 desinentibus,
679 2105 815 2171 salutem.
859 2106 1001 2194 Equidem
1017 2129 1119 2171 eorum
1135 2127 1208 2190 quac

57 2231 156 2294 neque
175 2208 318 2274 nominari
336 2229 390 2272 nac
406 2209 546 2294 explicari
565 2209 697 2272 aratione
715 2219 852 2293 possunt,
883 2231 1015 2295 quaeque
1031 2209 1208 2274 coelestibus

58 2313 132 2396 ipsis
156 2312 310 2398 superiora
330 2321 416 2389 suut,
448 2312 623 2376 mentionem
645 2313 721 2396 apud
743 2333 796 2378 uns
819 2313 984 2393 instituam
1018 2333 1092 2397 quae
1114 2331 1208 2396 neque

56 2411 266 2498 principatus,
290 2433 385 2497 neque
401 2410 585 2491 potestates,
618 2434 672 2477 nec
689 2435 762 2498 quae
779 2413 836 2478 illis
852 2413 980 2478 subiecta
997 2427 1081 2494 sunt,
1113 2435 1208 2500 neque

58 2516 138 2580 aliud
162 2516 314 2600 quiequam
336 2515 527 2599 intelligentia
549 2527 645 2600 potest
663 2517 819 2600 consequi,
851 2515 962 2601 solique
982 2517 1062 2593 eius,
1096 2517 1144 2600 qni
1164 2525 1210 2578 est

58 2617 275 2696 immutabilis,
307 2628 374 2685 suut
398 2617 558 2701 cogruitioni
580 2619 735 2704 patefacta.
778 2616 927 2702 Principio
948 2618 1088 2702 siquidem
1111 2638 1209 2682 rerum

58 2720 192 2784 omnium
209 2720 235 2782 is
252 2721 300 2804 qui
316 2739 369 2805 per
384 2739 417 2782 se
434 2720 526 2804 ipsum
543 2718 634 2783 Pater
650 2729 695 2784 est
711 2720 850 2784 universa
865 2721 895 2784 iu
913 2721 1069 2806 semetipso
1086 2719 1209 2784 obseura

55 2825 222 2908 ignotaque
242 2821 425 2904 continebat,
458 2842 542 2906 quem
564 2821 694 2884 nonnulli
720 2822 853 2886 Aeonem
874 2825 1033 2888 senectutis
1058 2833 1208 2907 expertem

55 2944 238 3012 semperque
253 2925 417 3004 llorenteun,
441 2933 470 2986 et
485 2943 593 2987 marem
610 2924 802 3010 lenioremque
817 2935 934 3004 vocant,
958 2927 1005 3009 qui
1020 2925 1116 2989 omnia
1132 2945 1210 2988 eom·

56 3031 170 3114 plexns
186 3027 264 3092 nulla
279 3047 311 3090 re
326 3026 390 3112 ipse
405 3025 671 3112 comprehenditur.
715 3025 799 3092 Touo
814 3048 887 3112 quae
904 3028 933 3092 in
948 3029 997 3092 illo
1015 3029 1108 3092 inerat
1122 3024 1210 3090 Mens

56 3132 115 3212 (ita
131 3130 209 3194 enim
221 3128 333 3212 quidam
346 3127 503 3214 appellent,
522 3128 571 3192 alii
585 3129 702 3214 proprio
716 3129 832 3194 nominc
846 3127 989 3209 Gratiam,
1006 3130 1080 3214 quod
1092 3125 1210 3214 lllagui·

55 3233 172 3298 tudinis
191 3229 344 3296 thesauros
361 3231 391 3294 in
409 3250 460 3294 eos
479 3230 526 3314 qni
544 3251 584 3294 ex
601 3229 804 3316 Magnitudine
822 3243 906 3296 erant
924 3230 1126 3317 insumpserit,
1158 3230 1210 3294 sed

53 3335 169 3400 melios
184 3331 220 3398 alr
230 3332 296 3396 aliis
311 3330 464 3396 Silentium
478 3341 610 3411 voantur,
628 3335 761 3418 quoniam
775 3335 848 3397 citra
860 3334 1004 3398 sermonis
1019 3355 1100 3398 usum
1114 3331 1211 3396 anaunia

54 3435 239 3522 Magnitudo
256 3433 432 3518 cogitatione
451 3434 513 3500 sola
531 3435 684 3520 perfecit),
715 3435 783 3513 sed,
808 3447 840 3500 nt
858 3435 937 3514 dixi,
962 3459 1025 3500 cunr
1045 3436 1210 3521 incorrupta

52 3541 134 3604 daec
150 3559 191 3604 ex
203 3538 339 3604 Aeonum
354 3556 475 3602 numero
490 3537 598 3602 femina
611 3536 734 3602 vinculis
749 3537 887 3623 expedire
900 3558 966 3602 sese
981 3539 1080 3617 vellet,
1095 3537 1210 3624 Magni-

53 3643 194 3706 tudinem
216 3639 342 3704 libidinis
364 3637 509 3704 illecebris
531 3639 634 3704 adsui
656 3639 893 3706 consuetudinem
916 3641 1041 3706 inflexit.
1085 3639 1135 3706 Ex
1153 3663 1209 3726 qua

52 3743 207 3810 Veritatis
223 3739 315 3809 Pater
336 3753 506 3825 procreatus
528 3753 591 3822 ost,
624 3763 708 3826 quern
727 3742 775 3826 qui
793 3743 913 3826 perlecti
931 3755 999 3808 sunt
1016 3743 1131 3829 proprie
1148 3743 1209 3807 llo·

52 3849 171 3910 minem
190 3844 351 3930 appellant,
384 3843 458 3928 quod
478 3844 541 3910 eius
559 3844 608 3928 qui
626 3844 705 3929 prior
722 3854 783 3922 est,
817 3865 871 3910 neo
889 3845 925 3910 ab
942 3846 999 3910 ullo
1018 3857 1062 3908 est
1078 3844 1207 3930 genitus,

51 3945 282 4014 similitudinem
298 3946 418 4010 relerat.
462 3943 576 4012 Deinde
593 3943 666 4030 Siga
680 3948 839 4012 naturalem
857 3947 973 4012 luminis
989 3948 1126 4012 unitatem
1145 3970 1209 4012 eum

86 4135 116 4190 8.
140 4136 250 4186 rutam
266 4129 350 4200 ἐκείνη
366 4135 530 4197 reponendum.
693 4134 731 4188 13.
745 4109 1151 4253 nluulufoulqieiouemotoutpo.
1163 4137 1210 4186 Sed

86 4205 116 4258 9.
140 4200 225 4268 ἕτερον
241 4203 378 4272 papiniani<
394 4203 444 4254 eod.
461 4203 514 4254 Ven.
653 4205 714 4254 illud
728 4202 817 4256 simulo
847 4207 953 4256 elendona
969 4207 1046 4254 censui
1064 4217 1092 4253 ca
1109 4206 1209 4254 nodon-

88 4275 136 4325 1⁰.
158 4267 370 4357 danaeqmpqaduua
387 4271 437 4322 cad.
454 4269 528 4320 Venet.
655 4277 700 4322 tote
715 4273 765 4322 cod.
778 4273 832 4322 Ven.
860 4275 970 4324 Petuntur
983 4273 1084 4320 molebat
1097 4267 1157 4322 alala
1172 4285 1209 4320 re·

89 4345 136 4394 tt.
159 4337 324 4406 Βησαυρισμα
340 4333 372 4392 τὰ
388 4337 430 4390 τοῦ
456 4339 507 4388 eod
525 4341 621 4403 Rluedip.
655 4343 754 4389 stituere.
790 4341 866 4402 lloqie
880 4343 1005 4402 placuisset
1016 4331 1127 4391 Ἔννοια.

47 4405 234 4532 §qqrqedpqqpq
249 4405 437 4540 wlleultlm}
451 4489 487 4526 om
504 4475 547 4528 md
567 4477 586 4526 γ
691 4405 730 4460 tt.
748 4399 827 4472 ὄρεξιν
844 4409 895 4460 cod.
911 4410 964 4460 Ven.
1000 4409 1072 4470 Vuatpo
1088 4400 1174 4473 ὀρέξει.

128 4513 137 4527 .
186 4491 209 4534 ις
232 4490 303 4530 arou
396 4490 423 4528 au
489 4511 494 4524 .
549 4511 554 4525 .
586 4489 620 4526 en.
