3010 5000
364 353 498 406 rauaun
516 355 579 406 Lttt.
594 357 613 406 t.
628 355 709 408 rou.
725 355 768 408 tn.
784 356 884 408 anuo.
895 357 1021 409 xxxnn
1207 347 1269 409 527

116 495 206 559 porro
223 473 365 539 imbecilla
381 496 415 538 ao
431 495 506 538 vane
523 473 582 538 sint
598 497 673 559 quae
689 475 725 540 ab
739 475 796 542 illis
812 476 974 555 laetantur,
1000 498 1085 541 neruo
1102 499 1160 541 non
1177 477 1267 542 ridet.

115 573 222 660 Neque
242 577 319 640 enirn
338 578 396 642 duo
415 577 523 642 conditi
541 589 610 641 sunt
628 579 778 658 homines,
802 580 853 642 sed
874 600 949 643 unos
967 581 1109 643 duntaxat
1127 579 1269 658 Adamas,

116 699 132 740 a
155 698 212 762 quo
236 675 311 742 Caio
334 690 364 742 et
381 679 458 743 Abel
479 676 646 764 Sethusque
668 679 772 765 geniti.
818 679 897 745 Tum
919 681 1049 766 reliquae
1071 682 1208 766 deinceps
1232 682 1266 744 ad
1281 697 1370 746 uano.

115 779 255 844 diluvium
276 801 368 866 usque
387 783 595 865 generationes
617 805 674 846 uon
696 783 844 847 aduobus
864 783 1047 862 hominibus,
1079 785 1131 846 sed
1151 804 1192 848 ex
1211 804 1269 847 uno

116 881 210 944 solum
232 883 341 966 eapite,
365 883 502 948 nimirum
519 885 652 964 Adamo,
676 887 805 970 prolecta
825 896 905 948 sunt.
949 882 1011 950 Sed
1030 896 1057 948 et
1075 883 1111 948 alt
1130 907 1187 949 uno
1205 906 1270 948 rur·

115 1004 167 1047 sus
182 982 300 1049 Nodmo
317 997 383 1070 post
399 985 554 1065 diluvium,
579 1009 637 1052 uon
654 1007 671 1052 a
687 987 824 1065 diversis,
849 987 1062 1071 insequentium
1081 987 1164 1071 origo
1181 988 1271 1050 dedn-

115 1086 210 1165 σίων,
242 1108 259 1150 a
274 1085 392 1151 Nodum
409 1086 544 1173 inquam,
568 1089 616 1173 qui
633 1111 649 1154 e
666 1086 748 1153 Setlti
767 1090 903 1175 prosapia
919 1090 989 1168 luit,
1012 1110 1106 1174 genus
1123 1089 1269 1153 homiuum

115 1209 203 1251 omne
219 1189 381 1253 derivatum
400 1201 462 1268 est,
495 1213 553 1254 non
570 1191 700 1255 bifariam
719 1191 860 1270 divisum,
891 1192 942 1255 sed
960 1212 1016 1255 una
1031 1192 1122 1276 stirpe
1139 1212 1270 1275 eompre-

115 1290 250 1354 ltensum.
296 1290 346 1355 Ex
364 1313 420 1376 qua
436 1303 493 1356 tam
510 1291 662 1374 Nodmus,
686 1315 770 1378 qoam
788 1293 850 1357 eius
868 1314 945 1357 uxor
962 1293 1085 1378 prodiit,
1110 1315 1268 1378 eorumque
1283 1309 1340 1352 uon.
1355 1311 1385 1354 n.

114 1391 200 1456 liberi
223 1390 312 1470 Sem,
337 1389 449 1472 Citam,
474 1391 592 1480 lapltet:
618 1417 673 1460 neo
696 1417 754 1459 non
777 1407 807 1458 ot
828 1395 1009 1479 singolorum
1030 1396 1189 1480 coniuges3
1222 1395 1269 1479 qui

114 1495 232 1579 quidem
256 1515 359 1592 ornnes
381 1495 468 1560 unius
490 1517 507 1560 e
528 1494 612 1560 Sethi
635 1517 745 1581 genere
764 1498 908 1582 procreati
927 1509 1013 1578 sont,
1046 1519 1103 1562 non
1122 1519 1138 1562 a
1159 1497 1270 1561 duobus

114 1596 282 1665 homiuibus
299 1597 447 1683 producti,
479 1598 527 1683 qui
546 1619 690 1684 nunquam
708 1600 739 1663 in
758 1599 845 1664 terris
865 1601 998 1678 luerunt,
1030 1600 1269 1684 quemadmodum

114 1699 164 1763 isti
188 1699 364 1764 fabulantur.

199 1801 319 1864 Atenim
342 1812 439 1866 certos
463 1801 553 1866 libros
575 1802 801 1868 clarissimorum
825 1803 955 1868 virorum
977 1803 1142 1868 nominibus
1164 1803 1267 1866 lusori·
1287 1807 1345 1876 Gap.
1361 1809 1389 1858 V·

114 1914 180 1989 ptos
199 1903 418 1967 circumierunt.
464 1903 515 1968 Ex
531 1905 635 1990 quibus
651 1917 763 1990 septem
780 1906 898 1969 omnino
916 1903 1010 1970 Setho
1025 1906 1173 1983 tribuunt,
1198 1905 1270 1970 alios

114 2027 189 2069 vero
202 1999 393 2088 Ἀλλογενεῖς,
419 2006 474 2070 ltoo
492 2018 537 2070 est
553 2007 671 2092 generis
689 2009 826 2086 alterius,
851 2017 1029 2092 trunoupaut.
1075 2006 1132 2072 list
1147 2019 1177 2071 et
1196 2008 1270 2072 alius

113 2108 197 2180 liber¹
212 2108 287 2172 lalso
306 2108 446 2172 Abraaori
466 2109 600 2190 nomino,
625 2132 709 2194 qoem
729 2131 782 2196 pro
799 2107 978 2195 Apocalypsi
998 2110 1165 2187 venditant,
1192 2110 1269 2172 omni

114 2210 248 2294 nequitia
266 2212 405 2274 relertus.
450 2209 575 2276 Praeter
590 2234 675 2296 quem
693 2212 814 2276 alterum
830 2234 847 2275 a
861 2209 986 2296 llloyse,
1011 2211 1140 2295 reliquos
1156 2211 1192 2274 ab
1206 2211 1271 2274 aliis

114 2313 212 2376 editos
228 2333 295 2376 esse
310 2314 502 2378 mentiuntur.
548 2314 596 2378 at
613 2313 702 2393 haee,
726 2325 862 2398 quaeest
878 2314 991 2377 illorum
1008 2313 1153 2376 stoliditas
1169 2335 1203 2377 ao
1219 2335 1269 2376 ve·

114 2413 235 2492 eordia,
259 2435 383 2479 uxorem
399 2412 483 2480 Sothi
503 2415 651 2480 Horaeam
669 2417 872 2500 nescioquam
890 2413 1060 2479 nominatim
1077 2426 1195 2480 voeaot.
1236 2413 1269 2478 ln

114 2539 174 2602 quo
192 2516 277 2594 vide,
307 2537 435 2601 quaeso,
465 2539 550 2603 quam
568 2519 656 2603 inepti
674 2518 750 2595 sint,
781 2529 814 2580 ut
829 2517 943 2580 illorum
964 2517 1044 2580 velut
1057 2516 1176 2581 soonioa
1192 2538 1270 2580 oom-

114 2629 215 2683 mento
243 2618 488 2703 stultissimasque
516 2620 628 2684 fabulas
659 2641 694 2682 ae
724 2630 835 2682 temore
863 2618 985 2682 condeta
1014 2620 1162 2683 mendacia
1191 2619 1269 2683 omni

112 2731 254 2807 exparte
271 2721 460 2786 condemnes.
505 2719 583 2786 Nom
600 2743 666 2785 oum
682 2720 839 2784 nonnullae
858 2721 917 2784 sint
933 2720 1085 2799 haereses,
1109 2742 1183 2805 quae
1201 2719 1269 2784 Vim

113 2825 259 2908 quandam
282 2843 349 2887 esse
371 2833 502 2888 statuunt
523 2843 597 2908 quae
618 2821 735 2886 lloraea
761 2823 943 2901 nominetur,
975 2822 1015 2886 illi
1034 2820 1103 2885 Vim
1127 2823 1270 2887 eiusmodi

114 2924 323 3010 Horaeomqne
342 2923 425 2990 Setini
448 2926 601 3010 coniugem
623 2924 759 2989 extitisse
779 2925 959 3010 praedicant.
1005 2923 1054 2988 Ex
1074 2947 1131 3009 quo
1151 2926 1270 2988 denton-

113 3028 225 3106 strari,
249 3038 280 3091 ut
295 3027 419 3106 videtis,
443 3029 511 3092 illud
527 3037 624 3114 potest
639 3027 783 3090 hominem
801 3027 892 3090 luisse
908 3026 1030 3090 Sethum
1042 3026 1140 3106 illum,
1166 3049 1220 3090 neo
1235 3027 1271 3090 ab

113 3131 183 3195 aliis
200 3130 314 3214 origine
331 3129 496 3208 diuersum,
521 3139 620 3215 utpote
639 3125 725 3195 Caini
741 3139 770 3192 et
787 3128 874 3192 Abeli
890 3149 1077 3212 germanum,
1101 3128 1137 3191 ab
1154 3129 1271 3192 iisdem·

113 3253 174 3318 quo
192 3232 362 3318 parentibus
380 3232 408 3295 in
428 3232 521 3295 lovem
540 3233 660 3295 editum.
707 3236 844 3312 Cognovit
857 3235 944 3305 corin,
976 3241 1006 3294 ot
1024 3229 1169 3314 scriptura
1187 3231 1267 3311 dicit,
1283 3249 1339 3296 ean.
1351 3253 1372 3308 t,
1386 3255 1404 3297 1.

113 3340 213 3398 Adam
231 3357 345 3396 uxorem
360 3356 440 3396 suunt
455 3339 553 3408 Eoum,
579 3339 800 3415 praeconcepit,
825 3345 854 3394 et
863 3337 974 3414 peperit
989 3337 1068 3395 Coria.
1115 3331 1181 3396 lloc
1195 3334 1271 3396 enim

113 3438 142 3501 oi
165 3457 273 3500 nomeu
293 3435 449 3520 imposuit,
481 3436 556 3519 quod
578 3436 794 3520 possessionem
814 3435 977 3519 signifieat,
1011 3434 1128 3512 dicens,
1158 3439 1275 3497 Posseda'

105 3543 209 3622 filium
232 3541 447 3619 perdomitum
471 3541 561 3599 deum.
609 3537 656 3600 Ao
680 3558 783 3601 rursus
807 3537 928 3601 Altelunr
955 3535 1076 3621 peperit.
1123 3541 1269 3617 Cognovit,

113 3641 229 3726 inquil,
253 3645 347 3703 Adam
366 3644 452 3702 Eoum
470 3643 616 3719 cunengem
631 3661 726 3711 suum,
752 3643 977 3721 praeconcepit,
1002 3651 1033 3700 et
1041 3643 1153 3720 peperit
1158 3641 1268 3718 stiriam,

113 3766 197 3826 quent
219 3745 340 3805 Adetum
363 3746 480 3804 voouor't.
527 3739 605 3803 'l'om
632 3738 728 3804 multis
751 3740 912 3804 interiectis
937 3740 1110 3833 postIAbeli
1135 3751 1269 3816 mortem,

115 3849 274 3927 Cognovit,
307 3843 416 3928 inquit,
447 3847 540 3905 Adoro
566 3863 682 3904 onorem
710 3846 812 3916 Evurn,
843 3866 914 3925 quoe
940 3848 1079 3924 concepit,
1111 3854 1139 3904 et
1162 3847 1275 3923 peperit

105 3952 228 4029 filium,
260 3960 290 4010 et
311 3950 420 4008 vooovr't
440 3949 570 4019 Sotium,
604 3945 678 4028 quod
701 3944 967 4030 oompensationem
986 3954 1082 4006 sonat.
1128 3947 1273 4006 Evor'tuoe't

115 4055 209 4124 enim,
243 4049 355 4134 iuquit,
386 4051 546 4110 madidans
568 4052 757 4129 stripempro
780 4049 889 4121 Ateto,
919 4069 997 4128 quern
1022 4031 1164 4127 interfecit
1188 4049 1268 4107 Coeia.

117 4151 184 4217 lam
203 4173 268 4214 oum
288 4151 328 4214 ita
344 4151 489 4235 loquitur:
513 4153 775 4213 Possedt'domt'nevr
789 4153 951 4230 perderem,
977 4159 1024 4226 et,
1047 4152 1194 4210 Excitavit
1205 4151 1276 4210 mv'di

115 4258 205 4327 deus,
239 4271 327 4316 unum
345 4272 412 4316 osse
431 4252 659 4330 deumiudioat,
690 4252 739 4336 qui
757 4261 788 4314 et
806 4249 1141 4330 universaoondiderit,
1173 4259 1203 4313 et
1220 4269 1273 4312 eos

116 4357 202 4442 ipsos
219 4353 268 4438 qui
284 4353 374 4436 geniti
394 4365 462 4418 sunit
480 4353 605 4437 benigne
624 4353 815 4418 ooooosserit.
863 4349 948 4434 Quod
967 4371 1040 4416 vero
1060 4371 1171 4416 uxores
1187 4351 1273 4415 umbo
