3010 5000
269 305 331 368 484
691 313 812 365 εεαοτι
830 313 997 364 εειειειαν

270 429 328 498 ἀλλ’
342 429 398 497 οῦκ
415 428 524 516 ἀνδρα·
547 428 593 496 διδ
610 434 662 494 καλ
676 427 695 494 δ
708 427 871 512 άνθρυπος
882 431 1013 515 λέγομεν,
1031 429 1080 493 καλ
1095 426 1116 510 ἡ
1130 426 1297 514 ἄνθρωπος.
1335 437 1412 492 Διαι-

271 541 391 621 ροῦντες
417 533 450 598 δέ
471 530 503 599 τδ
529 534 614 618 γένος
637 530 805 610 ἰδιαζόντως
825 530 880 614 τὴν
901 533 954 613 μέν
974 529 1098 613 θήλειαν
1119 540 1246 616 γυναῖκα
1264 537 1411 612 καλοῦμεν,

270 634 322 702 τάν
343 637 375 702 δλ
396 633 504 720 άρρενα
526 633 629 720 ἀνδρα.
673 632 758 715 Αῦτη
781 632 837 720 γάρ
860 633 1006 718 διάκρισίς
1027 636 1086 698 έστι
1107 635 1282 717 τοῦγένους
1299 629 1412 717 άρρενος

268 740 320 803 παλ
335 741 471 820 θηλείας,
492 734 525 802 τδ
541 734 617 821 ἀνήρ
634 739 685 800 καί
699 734 790 822 γυνή,
817 737 1025 821 διαιρουμένης
1040 742 1092 818 τῆς
1107 743 1165 800 τῶν
1178 742 1271 820 γενῶν
1285 737 1411 817 σχέσεως·

270 838 466 924 ύμεονυμιιιοῦς
487 841 519 906 δὲ
541 837 705 925 ἀνθρωπος
725 841 776 904 καλ
798 835 816 904 δ
836 836 912 923 ἀνὴρ
934 841 985 904 ιιαλ
1006 835 1026 921 ἡ
1047 835 1122 923 μονὴ
1144 846 1281 904 καλεῖται.

133 1047 199 1115 Κῑθ
213 1042 249 1131 λ’·
356 1043 476 1111 Τούτων
492 1047 592 1110 τοίνυν
607 1041 701 1118 οῦτως
717 1041 844 1125 ἐχόντων
858 1041 944 1125 ἣτετέ
961 1069 1011 1126 μοι
1027 1042 1133 1118 πάντες
1150 1049 1228 1108 θεοῦ
1244 1046 1360 1118 δοῦλοι,
1388 1041 1415 1103 οἱ

268 1154 320 1230 τῆς
335 1145 476 1230 ἀληθείας
491 1147 609 1231 ἐρασταὶ
617 1196 625 1224 ,
647 1147 695 1210 καὶ
713 1143 848 1230 γελάσατε
864 1143 915 1210 τδν
929 1142 1086 1211 ἀπατεῶνα
1099 1148 1151 1210 καλ
1164 1143 1294 1230 ἀγύρτην
1308 1141 1410 1224 Κυλάρ-

267 1254 377 1334 βασον,
400 1256 507 1332 μᾶλλον
522 1249 555 1314 δὲ
569 1247 735 1330 πενθήσατε
750 1245 821 1324 τούς
837 1245 1057 1332 ἀπατηθέντας,
1078 1251 1129 1314 καλ
1147 1247 1271 1324 ἑαυτούς
1287 1249 1339 1312 καὶ
1352 1253 1412 1310 πολ-

267 1350 337 1428 λὀῦς
352 1349 559 1426 ἀπολέσαντας.
603 1348 699 1415 Αῦτολ
715 1351 747 1415 δέ
761 1359 825 1439 θεῷ
840 1349 1102 1434 εῦχαριστήσοιμεν,
1125 1348 1165 1426 ἀς
1179 1349 1228 1415 διά
1242 1357 1357 1436 μοιρῶν
1368 1349 1413 1412 ταί

268 1453 369 1520 ἀπλτῦν
392 1457 486 1540 λόγον
506 1451 527 1536 ἡ
548 1451 672 1536 ἀλήθεια
692 1451 762 1528 τοῦς
781 1455 888 1536 ἑαυτῆς
910 1456 951 1528 εἰς
968 1451 1040 1519 άδδν
1058 1451 1179 1518 εύθείαν
1195 1450 1316 1536 ὁδηγεῖν
1331 1454 1413 1516 ελοθε

267 1560 318 1624 καί
333 1555 371 1622 τά
387 1559 500 1640 σχέτλια
513 1558 563 1622 καλ
578 1554 756 1638 πολύκομπα
770 1555 821 1620 δ-ιά
836 1563 945 1638 πολλῆς
959 1562 1090 1638 μηχανῆς
1103 1556 1345 1621 ταλλωπισθέντα
1358 1556 1413 1617 διτ-

267 1658 472 1738 σκεδάννυσιν,
496 1655 651 1742 ἀνατρέπει
665 1659 716 1722 καλ
732 1655 865 1738 ἀφανίζει
879 1656 972 1746 ἡσυχῇ
986 1662 1148 1741 βαίνουσα,
1170 1655 1210 1733 ἀς
1225 1663 1331 1737 σαφοῦς
1344 1657 1413 1720 ίστα

267 1765 340 1827 ἰδεῖν
364 1759 422 1826 ἀπδ
444 1767 498 1826 τοῦ
512 1767 701 1846 προφητικοῦ
715 1759 813 1846 λόγου.
854 1758 1002 1846 Ἐγκαλοῦν
1022 1758 1078 1846 γάρ
1101 1757 1119 1824 δ
1135 1759 1290 1844 προφήτης
1309 1768 1370 1834 τοῖς
1381 1755 1412 1822 τά

267 1862 349 1929 δεινά
366 1865 639 1949 περιεργαζομένοις
655 1864 705 1927 καλ
727 1862 912 1945 ιπολῦιρημα
928 1865 1099 1928 ἐπινοοῦσιν
1115 1865 1157 1938 εἰς
1173 1864 1284 1928 έαυτῦν
1301 1861 1413 1942 ἀπάτην

266 1969 359 2050 έλεμε,
390 1963 448 2030 Διά
464 1963 497 2030 τδ
515 1963 556 2048 μή
571 1965 670 2030 θέλειν
684 1962 762 2046 ἀμᾶς
777 1963 810 2030 τά
828 1964 909 2048 ὕδωρ
924 1973 979 2030 τοῦ
997 1963 1136 2047 Σιλωάμ,
1166 1963 1200 2030 τδ
1219 1964 1413 2047 πορευόμενον

266 2065 378 2157 ἡσυχῇ,
409 2065 508 2154 ἀνάγει
531 2065 578 2148 ἐφ’
600 2064 679 2150 ἡμᾶς
700 2066 802 2151 κύριος
823 2067 856 2134 τά
875 2067 957 2151 ὕδωρ
975 2075 1030 2132 τοῦ
1049 2074 1201 2150 ποταμοῦ,
1231 2064 1281 2132 τάν
1302 2066 1413 2150 βασιλέα

265 2177 325 2234 τῶν
339 2167 507 2256 Ἀσσυρίων.
535 2169 637 2254 Ὕδοτρ
654 2168 710 2254 γάρ
723 2169 845 2252 Σιλωάμ
862 2171 922 2235 έστι
938 2173 1110 2234 διδασκαλία
1125 2177 1178 2234 τοῦ
1191 2166 1411 2252 ἀπεσταλμένον.

271 2276 321 2347 Τίς
339 2269 364 2335 δ’
384 2270 483 2354 ἀνείη
502 2264 604 2351 οὗτος,
635 2268 693 2336 ἀλλ’
713 2270 734 2355 ἢ
755 2269 890 2357 διιῦριος
907 2269 991 2354 ἡμῶν
1005 2270 1134 2354 Ἰησοῦς,
1164 2268 1260 2336 δάπδ
1274 2279 1332 2337 τοῦ
1345 2275 1413 2335 θεοῦ

266 2372 378 2460 πατρδς
401 2369 493 2438 αὐτοῦ
517 2372 744 2456 άπεσταλμένοςς
778 2372 873 2457 ἡσυχῆ
895 2374 942 2452 δέ,
973 2372 1023 2439 διά
1047 2371 1080 2438 τδ
1105 2375 1196 2455 μηδὲν
1219 2372 1411 2455 καινάφοινον,

265 2474 337 2558 μήτε
354 2477 546 2556 ἐπίπλαστον,
578 2473 647 2541 ἀλλά
666 2479 697 2542 έν
716 2475 839 2565 ἀληθείᾳ
855 2473 909 2558 τήν
926 2473 1014 2561 ἀμίαν
1031 2473 1124 2541 αὐτοῦ
1140 2474 1263 2557 νύμφην
1281 2474 1337 2558 τήν
1351 2469 1412 2554 παρ’

265 2575 360 2643 αῦτοῦ
372 2577 546 2663 περιστεράν
557 2580 750 2661 καλουμένην,
764 2579 813 2644 διά
827 2577 860 2644 τύ
872 2577 984 2644 ἀκακον
996 2579 1047 2643 καί
1059 2576 1171 2662 ἥμερον
1183 2580 1235 2642 παλ
1244 2576 1409 2662 καθαράτα-

265 2705 317 2745 τον
330 2686 384 2744 τοῦ
395 2679 483 2759 ζάου,
498 2683 530 2746 έν
540 2678 735 2763 τοῖς”Ασμασι
749 2689 803 2746 τοῦ
813 2688 999 2764 Σολομῶνος.
1024 2681 1084 2744 Καὶ
1095 2682 1155 2744 έστι
1165 2680 1331 2763 θαυμάσαι,
1345 2676 1411 2751 θτάς

265 2781 317 2864 μέν
333 2779 420 2857 ἀλλας
434 2779 476 2864 μὴ
492 2782 584 2858 οῦσας
597 2779 700 2862 αὐτοῦ,
716 2786 765 2850 έπὶ
778 2784 810 2848 δέ
822 2791 862 2872 τῷ
874 2781 996 2864 ὀνόματι
1010 2781 1103 2847 αὐτοῦ
1115 2779 1222 2858 ἑαυτάς
1234 2786 1409 2857 κεκλυευίας,

264 2888 444 2959 παλλακίδας
458 2881 591 2967 ἀνύμασε
605 2887 656 2950 καὶ
671 2887 846 2966 βασιλίσσας,
868 2883 919 2950 διά
933 2885 966 2951 ἰδ
982 2889 1139 2967 βασιλεῦον
1154 2881 1258 2967 ὄνομα,
1280 2883 1408 2961 δίιάστη

269 2985 401 3072 Χριστάν
416 2988 638 3070 έπιγραφομένη
652 2989 742 3077 ἑαυτῇ
757 2987 935 3071 σεμνύνεται.
977 2984 1048 3052 Ἀλλ’
1061 2989 1089 3051 εί
1101 2989 1151 3052 καλ
1166 2985 1348 3072 ὀγδοήκοντά
1361 2987 1409 3049 ιλσι

140 3114 193 3161 pag.
206 3103 251 3150 εστ.
265 3090 425 3167 παλλακαλ,
448 3091 557 3164 α’ίτινές
574 3092 646 3154 εἰσιν
663 3093 696 3153 αί
711 3093 851 3175 αἱρέσεις,
874 3089 972 3155 ἔπειτα
989 3090 1021 3154 δέ
1039 3087 1185 3168 νεάνιδες,
1209 3081 1251 3154 ἀν
1266 3087 1322 3154 οῦκ
1338 3089 1410 3153 ἔστιν

263 3187 408 3276 άριθμδς,
438 3193 512 3272 φησλ
534 3183 586 3273 μία
603 3193 664 3256 έστλ
681 3191 835 3276 περιστερά
854 3219 929 3274 μου,
957 3196 1050 3255 τελεία
1070 3217 1144 3274 μου,
1175 3192 1324 3257 τουτέστιν
1341 3185 1408 3268 αῦτη

263 3291 332 3377 ἀμία
347 3291 450 3375 νύμφη
465 3298 516 3357 καί
531 3292 679 3376 καθολική
693 3297 836 3376 έκιιλησία.
883 3291 1046 3378 Περιστερά
1061 3293 1129 3375 μέν,
1152 3290 1194 3368 οἷς
1207 3296 1297 3374 ἔφην,
1320 3289 1367 3356 διά
1379 3285 1407 3352 τδ

262 3394 374 3480 ἥμερον
389 3397 440 3459 τιυὶ
456 3394 570 3460 άιιαιιον
585 3398 635 3461 ιιαλ
652 3394 791 3480 καθαράν
806 3403 860 3461 τοῦ
876 3393 968 3473 ζάου·
1000 3398 1091 3459 τελεία
1107 3395 1155 3474 δὲ,
1185 3393 1235 3459 διά
1253 3394 1286 3460 τδ
1303 3393 1357 3475 τὴν
1370 3415 1407 3456 τε·

260 3501 339 3562 λείαν
361 3499 394 3562 έιι
414 3504 490 3562 θεοῦ
511 3505 610 3584 λαβεῖν
628 3496 712 3582 χάριν
728 3500 780 3562 ααλ
796 3505 906 3581 γνῶσιν
922 3494 990 3580 παρ’
1010 3494 1103 3562 αάτοῦ
1118 3504 1172 3561 τοῦ
1188 3503 1336 3581 σωτῆρος,
1363 3491 1406 3557 διά

262 3598 428 3682 πνεύματος
445 3596 538 3684 ἀγίου.
583 3597 684 3675 Αύτδς
699 3592 754 3664 οῦν
770 3597 788 3664 o‘
803 3605 946 3682 νυμφίος,
970 3595 989 3663 ὅ
1004 3597 1235 3681 ἀπεσταλμένος,
1259 3592 1405 3683 ἑρμηνευό-

262 3725 365 3784 μενος,
388 3703 520 3766 τουτέστι
534 3700 672 3782 Σιλοιάμ,
694 3702 775 3786 ῦδωρ
792 3705 848 3784 έχει
862 3699 1063 3786 πορευόμενον
1076 3697 1187 3782 ἡσυχῆ,
1207 3703 1355 3766 τουτέστιν
1368 3701 1404 3761 δι·

261 3799 422 3868 δἀσιιαλίαν
443 3800 576 3869 ἀδουπυν
597 3805 647 3868 καλ
665 3801 862 3883 ἀψοφοποιδν
885 3806 936 3868 καὶ
955 3801 1192 3883 ἀφαντασίαστυν
1210 3805 1261 3866 καὶ
1278 3800 1404 3882 ἀκόμπα-

262 3925 338 3971 στον.
377 3903 455 3970 Ἡδὲ
468 3904 560 3971 αύτυῦ
575 3904 678 3988 νύμφη
693 3907 744 3970 καὶ
760 3902 833 3987 αύτῆ
845 3905 955 3988 ἥσυχος
967 3902 1130 3990 περιστερά,
1153 3903 1225 3986 μήτε
1239 3902 1285 3970 ίδν
1298 3907 1403 3986 ἔχουσα,

262 4006 335 4088 μήτε
355 4013 585 4090 μυλοστομίδας,
617 4007 688 4089 μήτε
706 4010 827 4092 κέντρα,
858 4006 899 4082 τδς
917 4000 999 4073 οὗτοι
1018 4005 1125 4080 πάντες
1143 4008 1173 4070 ολ
1187 4005 1403 4092 ἓρπετδμορφσι,

260 4110 311 4173 καί
334 4109 381 4176 ι’δν
402 4108 680 4194 ἀναβλαστάνοντος,
707 4111 827 4186 ἕκαστος
848 4109 1114 4192 φιλοτιμησάμενος
1132 4107 1310 4192 δηλητιίριάν
1327 4133 1354 4170 τι
1368 4109 1402 4189 τῷ

264 4209 388 4301 3νύσμςο
410 4211 626 4278 κατασκευάσαι
633 4262 642 4290 ,
672 4214 722 4276 καλ
743 4211 932 4296 λυμήνασθαι
949 4209 1020 4287 τοῦς
1038 4209 1118 4299 ου’τῷ
1135 4212 1317 4284 πεισθέντας.
1354 4199 1403 4269 Ὧν

293 4400 352 4450 θεν.
369 4401 412 4450 111.
428 4429 459 4440 -
481 4402 501 4452 1.
517 4402 673 4468 παλίμφημα
684 4407 819 4455 micolavi&
886 4402 909 4454 3.
927 4407 963 4454 λετ
980 4405 1078 4454 coma]
1092 4405 1203 4452 petavius
1219 4417 1249 4452 ετ
1261 4401 1312 4452 ond.
1330 4399 1402 4452 θέσθε,

259 4471 385 4528 Ριιανίαι,
403 4485 478 4534 nugas
495 4474 605 4522 οοανεειίλ
623 4474 759 4521 comorius.
852 4486 905 4522 ουοι
917 4473 1053 4534 eduma.
1067 4471 1158 4521 λοοιτιλ
1168 4467 1244 4537 κάμῳ
1255 4483 1299 4532 μεν
1310 4462 1401 4530 >tiow-

292 4537 316 4586 2.
333 4538 419 4598 „Deest
436 4533 489 4597 ω’ς“
507 4541 629 4590 annotavit
646 4541 763 4590 Ριισνλυσ.
