3006 4990
298 334 432 386 namnam
450 335 526 389 anv.
545 335 715 387 mananseo
732 335 796 386 ern.
809 337 828 386 t.
846 337 927 388 nom.
940 337 971 388 n.
1151 325 1208 388 133

241 471 539 548 Αυνεεεεεε
573 449 1023 566 mnmanoaramos

180 616 260 686 quae
294 599 345 666 est
376 593 523 668 haeresis
555 599 634 690 post
664 593 841 667 adrentum
876 592 1000 666 Christi
1028 591 1087 686 Π.,

504 710 619 785 ordine
644 709 758 786 xxtt.

143 856 282 924 Proxime
303 860 417 943 qnidam
441 859 506 923 huie
524 857 690 924 Menander
710 859 910 943 adiungendus
932 868 994 940 est,
1025 861 1073 944 qui
1095 881 1204 945 genere
1224 866 1284 934 cap.
1305 869 1323 918 t.

77 954 260 1025 Samaritanus
283 961 429 1045 aliquanto
456 973 586 1047 tempore
612 958 724 1025 Simoni
750 981 867 1045 operam
896 960 985 1025 dedit.
1036 966 1135 1046 Atque
1161 964 1206 1028 laio

77 1061 177 1142 perinde
198 1073 230 1127 ot
248 1063 332 1126 alteri
351 1063 486 1127 mnndum
506 1065 542 1128 ab
562 1061 687 1147 Angelis
705 1062 892 1140 fabricatum,
923 1061 1049 1147 seipsum
1069 1085 1141 1127 vero
1160 1065 1207 1128 dei

77 1161 122 1224 rim
141 1185 206 1229 esse
231 1167 266 1228 de
288 1165 371 1229 ooelo
389 1165 509 1229 missam
528 1165 645 1228 asserit.
690 1161 726 1227 ln
747 1185 804 1247 quo
826 1163 938 1246 quidem
959 1165 1097 1228 maiorem
1120 1186 1204 1248 quam

76 1266 199 1347 tnagister
219 1267 270 1330 ille
290 1287 360 1331 suus
383 1254 646 1330 eirenmrenieodis
667 1262 830 1328 bominibus
852 1265 983 1356 lrandem
1008 1287 1041 1328 ae
1062 1265 1205 1330 fallacinm

77 1379 240 1432 commentos
262 1379 320 1433 est.
365 1365 407 1432 Se
430 1367 506 1432 enim
526 1367 624 1431 aiebat
644 1366 679 1430 ad
703 1365 819 1429 bomani
840 1366 958 1450 generis
977 1367 1099 1430 salutem
1118 1365 1205 1431 ernis-

76 1485 141 1544 sun,
163 1481 249 1553 atque
269 1481 300 1532 nt
315 1468 468 1533 nonnullos
484 1489 566 1534 sunm
585 1468 620 1531 ad
637 1467 808 1552 mysterium
825 1467 1027 1546 contraheret,
1051 1488 1089 1532 ae
1105 1469 1205 1552 Ariga-

76 1565 152 1632 lorum
173 1591 207 1634 ae
227 1569 442 1656 Prineipatunna
458 1567 716 1652 potestatumque,
749 1587 823 1652 quae
846 1569 982 1631 mnndum
1001 1569 1203 1648 condiderant,

76 1667 246 1735 dominationi
261 1671 426 1734 subessent.
458 1666 585 1735 Caetera
601 1671 712 1734 dootori
726 1690 780 1733 sno
793 1679 991 1734 eonsentaoea
1004 1669 1105 1734 iisdem
1121 1693 1205 1756 prae-

76 1770 154 1854 stigiis
170 1793 204 1836 ae
223 1773 371 1836 malebeiis
389 1771 562 1850 adtexebat,
587 1791 640 1834 neo
661 1772 697 1834 ab
715 1771 779 1834 eius
796 1771 932 1854 dogmate
950 1772 1124 1852 dissidebat,
1149 1773 1204 1836 nisi

76 1873 137 1952 qnod
157 1874 296 1937 maiorem
316 1895 349 1939 se
370 1884 560 1938 antecessore
580 1894 614 1936 ae
637 1883 826 1957 praeceptore
849 1893 902 1936 sno
924 1871 1062 1938 iactabat.

143 1973 253 2040 Verum
272 1976 303 2038 in
322 1977 423 2039 eadem
441 1996 505 2039 enm
523 1974 581 2038 isto
600 1973 781 2038 incommoda
798 1973 932 2057 delapsus
951 1984 1014 2053 est,
1046 1975 1204 2061 iisdemque
1224 1977 1282 2046 casp.
1300 1979 1331 2030 1¹·

75 2075 188 2141 veritatis
211 2077 363 2142 eonviotns
386 2074 571 2140 sermonibus
594 2086 754 2139 evertetur.
800 2073 856 2138 Est
870 2075 946 2138 enim
964 2074 1027 2161 ipse
1044 2076 1205 2142 subversus

75 2175 177 2262 eiusque
197 2199 302 2262 magna
322 2199 362 2242 ex
380 2189 461 2262 parte
479 2176 611 2241 haeresis
629 2177 771 2240 extimata.
817 2173 1015 2259 Quamobrem
1034 2179 1152 2242 missam
1170 2179 1205 2242 il·

75 2277 119 2340 lam
135 2281 290 2358 laeiemns,
321 2280 403 2343 etad
422 2277 506 2343 aliam
524 2299 611 2363 porro
630 2277 852 2361 disputationem
869 2287 999 2342 nostram
1019 2281 1204 2364 promovebi-

74 2398 135 2443 mus.
178 2381 328 2465 Siquidem
352 2381 423 2444 baeo
444 2402 461 2443 a
483 2379 631 2443 veteribus
650 2378 770 2441 historia
790 2379 902 2462 prodita
924 2389 986 2458 est,
1017 2403 1081 2443 enm
1106 2381 1204 2465 plures

74 2480 209 2566 aliquando
235 2481 350 2566 aspides
375 2483 406 2545 ia
432 2503 519 2545 omnm
544 2481 630 2544 botilo
653 2501 705 2543 vas
729 2481 880 2543 oonieotae
903 2490 932 2542 et
955 2481 985 2544 in
1008 2482 1203 2546 tentamentis

74 2584 227 2666 angolorum
252 2595 378 2668 quatuor
398 2583 538 2665 uniusque
559 2581 701 2644 idolorum
723 2581 820 2666 templi
843 2581 872 2644 iu
895 2580 1031 2666 Aegypto
1054 2582 1203 2668 depositae

74 2695 174 2763 emant,
197 2684 292 2748 exiis
308 2685 456 2771 aspidibus
475 2703 549 2768 qnae
567 2683 669 2746 lortior
686 2694 750 2747 erat
770 2683 799 2745 in
818 2683 891 2746 alias
907 2683 1071 2762 invasisse,
1095 2704 1203 2768 easque

74 2785 228 2851 devorasse.
281 2783 365 2870 Quae
386 2807 451 2850 enm
473 2785 535 2849 sola
559 2785 749 2849 remansisset
774 2793 805 2846 et
828 2805 885 2868 qno
910 2805 944 2848 se
967 2784 1062 2848 aleret
1083 2784 1203 2850 baberet

74 2885 147 2966 nibil,
176 2889 204 2951 iu
224 2886 349 2972 seipsam
370 2897 479 2950 retorta
499 2895 562 2948 eta
580 2887 671 2948 canda
689 2884 824 2971 paulatim
843 2887 984 2948 arrodens
1001 2897 1083 2971 parto
1100 2908 1133 2950 se
1150 2888 1202 2951 ali-

73 3009 117 3068 qna
137 2999 218 3053 tenus
241 2989 373 3073 eorporis
396 2989 515 3072 depasta
539 2997 601 3065 est,
632 2989 706 3050 adeo
725 2999 756 3050 nt
773 3009 831 3050 ooo
848 2987 970 3071 amplius
987 2988 1118 3071 integra,
1149 2989 1202 3052 sed

74 3089 173 3153 dimidia
191 3091 237 3154 sni
256 3101 339 3176 parte
357 3089 487 3153 mutilata
502 3089 706 3173 permanserit.
752 3085 864 3151 ldoiroo
878 3087 1152 3174 Aspidogorgonern
1169 3090 1203 3153 il·

74 3187 118 3252 lam
134 3192 329 3278 appellarunt,
358 3201 390 3253 nt
405 3211 470 3254 oum
489 3209 553 3252 eam
570 3189 719 3270 videmus,
751 3189 839 3254 luisse
856 3190 998 3272 quondam
1014 3190 1091 3253 istud
1107 3190 1202 3275 ipsum

75 3290 265 3377 intelligamus,
297 3313 373 3356 trumo
396 3312 469 3357 vero
489 3289 607 3353 minime
627 3311 801 3375 superesse,
833 3309 867 3352 aa
887 3290 1002 3374 penitus
1021 3311 1087 3354 esse
1104 3291 1201 3356 subla·

75 3399 131 3454 tum.
172 3392 257 3478 Quod
282 3395 317 3457 ad
342 3413 405 3456 eam
427 3402 529 3455 eontra
551 3413 634 3475 qnam
657 3391 770 3475 agimus
792 3391 926 3454 haeresin
949 3393 1098 3456 convenit.
1145 3387 1201 3456 Cui

76 3513 126 3554 rum
148 3495 367 3581 disputationem
391 3505 520 3558 masuam
543 3493 781 3578 opposuerimus,
814 3489 924 3556 Christi
951 3503 1047 3556 tamen
1074 3502 1120 3556 est
1142 3493 1201 3557 rir-

75 3601 124 3656 tute
138 3597 296 3680 profligata.
341 3593 441 3678 Quare
458 3595 494 3659 ab
511 3595 559 3660 illa
575 3615 647 3674 uos,
671 3593 832 3674 rarissimi,
856 3595 891 3658 ad
910 3594 1098 3658 refellendam
1116 3593 1200 3658 aliam

74 3711 271 3762 convertamus.

237 4023 473 4131 codrus
514 4022 1016 4115 SATURNILIANOS,

89 4163 161 4231 qnae
182 4149 234 4216 est
253 4143 400 4216 haeresis
423 4146 462 4217 ab
485 4147 630 4219 adventu
652 4143 777 4218 ulmeri
796 4143 881 4236 tlt,
906 4143 1022 4217 ordine
1042 4139 1173 4214 XXIII.

139 4287 208 4356 Post
229 4293 305 4358 boae
323 4289 497 4358 SatornIlus
513 4295 613 4358 neseio
631 4295 696 4380 quis
713 4294 858 4357 excitatus
877 4303 939 4374 est,
969 4291 1017 4376 qui
1035 4291 1146 4355 erroris
1165 4290 1199 4352 il·
1217 4305 1274 4372 cap.
1289 4305 1308 4354 1.

69 4381 116 4449 dne
135 4405 318 4476 argumenta,
343 4395 396 4458 boo
414 4407 459 4459 est
474 4418 493 4459 a
510 4393 673 4459 Menandro
689 4417 723 4460 ae
739 4395 884 4482 prioribus
899 4395 956 4460 illia
973 4393 1096 4479 aceepit.
1143 4391 1199 4455 llio

95 4520 149 4578 Car.
162 4529 193 4580 tl.
210 4557 243 4571 -
262 4533 285 4582 l.
302 4527 457 4600 tegmenta«
473 4534 557 4595 ubique
572 4533 665 4595 mmet
679 4534 798 4584 Patauina.
