2984 4996
353 283 488 354 ransart
505 299 568 352 ern
581 301 601 351 r.
618 300 698 354 rou.
711 302 756 353 ru.
771 301 871 354 anun.
885 302 966 354 xuu.
1175 295 1235 360 665

77 417 138 482 illo
156 427 288 506 tempore
305 419 442 506 deinceps
461 421 565 486 mulier
581 420 680 486 divino
698 421 832 485 mandato
849 422 915 484 viro
932 421 1063 487 subiecta
1083 443 1149 488 csse
1169 445 1237 488 coe·

77 521 183 605 perit,
216 534 246 585 et
266 523 294 586 id
310 533 427 586 secutus
443 524 592 609 apostolas
609 523 731 586 eandem
748 522 922 602 subiecerit,
955 525 1155 606 necillidco,
1188 528 1235 611 qui

77 625 184 688 virum
208 625 401 709 feminamque
429 625 556 690 condidit
581 626 755 690 contrarium
780 625 893 710 quidam
916 629 1115 713 praeceperit,
1152 630 1236 715 plane

76 727 166 790 istud
184 727 308 805 indicat,
333 727 461 792 eiusdem
479 747 512 791 sc
528 728 575 790 dei
594 728 756 813 apostolum
774 748 808 792 ac
824 729 1019 812 legislatorem
1036 750 1120 808 esse,
1145 753 1235 816 aquo

75 830 140 893 lex
154 829 218 914 ipsa
231 841 372 915 vetusque
387 841 432 894 est
446 841 649 895 testamentum
663 850 748 894 omne
763 831 937 908 derivatam,
954 831 1000 894 aui
1013 853 1119 894 novum
1136 834 1234 912 etiam,

76 933 220 1016 adeoque
241 943 392 1017 utrumqne
418 943 621 998 testamentum
645 931 732 997 tribui
757 942 905 1018 oporteat,
938 934 1013 1016 quod
1035 934 1186 998 mulierem
1206 945 1237 999 ut

77 1034 171 1114 olim,
195 1035 235 1098 ita
251 1046 281 1098 et
294 1057 382 1113 nanc,
405 1035 441 1098 ob
456 1035 530 1120 piam
545 1048 630 1119 atque
646 1035 825 1118 aequabilem
844 1036 1072 1100 moderationem
1088 1037 1153 1099 viro
1168 1037 1237 1100 sula·

78 1137 178 1200 ditem
201 1157 269 1201 esse
291 1137 458 1222 praecipiat.

176 1237 275 1303 Sclaol.
294 1238 370 1304 xvi
393 1251 423 1302 et
439 1236 560 1304 XXIV.
595 1235 641 1302 De
662 1239 879 1303 resurrectione
901 1250 1098 1304 mortuoram:
1132 1246 1236 1306 Natam
1250 1259 1388 1316 amoenat.

77 1355 180 1404 naman
195 1345 375 1426 vadrssaric,
396 1345 520 1422 fratres,
544 1345 733 1422 evangelium,
757 1346 833 1423 qaod
841 1347 1007 1423 pracdr'cavi
1019 1345 1106 1407 codas.
1148 1341 1234 1424 llam,

80 1449 126 1508 Si
141 1449 270 1510 Cdrr'stas
284 1467 339 1508 non
354 1450 528 1518 ressurexit,
563 1449 655 1506 manas
671 1457 724 1506 eir.
772 1448 821 1507 Sic
834 1449 1045 1525 praedicamus,
1077 1451 1160 1508 etsr'c
1176 1469 1237 1508 cre-

79 1552 218 1610 didistis.-
252 1552 385 1627 Quoniam
404 1551 533 1609 Cirn'stas
549 1559 676 1608 mortuns
691 1559 776 1609 estet
790 1549 931 1627 sepelires,
963 1560 992 1610 et
1004 1554 1166 1610 resurrexit
1180 1562 1236 1612 ter·

81 1656 130 1712 te'a
150 1654 205 1712 die.
254 1655 320 1712 Cum
342 1661 434 1712 camni
456 1653 573 1712 mortale
596 1652 648 1712 dor
670 1654 794 1712 induerit
814 1654 1065 1726 immortalilatem,
1101 1663 1166 1712 tvnc
1179 1655 1239 1733 flet

80 1775 197 1827 sermo,
222 1758 274 1834 qai
290 1758 413 1834 scraptae
434 1765 492 1814 esi:
516 1754 660 1832 Adsvrpta
681 1765 725 1813 est
744 1774 819 1814 mare
840 1758 869 1814 air
891 1759 1019 1815 venienda.
1262 1825 1263 1832 ἵ

174 1853 275 1918 Refut.
292 1851 368 1919 XVl
385 1866 414 1918 et
430 1852 551 1918 XXIV.
586 1859 690 1916 Natam
704 1867 795 1916 aalma
809 1857 886 1916 vodis
894 1858 989 1936 sacra,
1011 1859 1130 1936 fraires,
1154 1878 1236 1918 evan·

78 1962 210 2039 galiam,
233 1961 307 2038 qaod
320 1962 486 2038 medicam·
500 1959 585 2018 vviri.
631 1954 666 2020 Si
683 1956 836 2040 aliquando
854 1959 1047 2040 praedicavit,
1071 1969 1100 2020 et
1114 1958 1237 2043 idipsam

81 2071 190 2124 notum
207 2061 287 2138 facit,
313 2058 419 2123 nullam
437 2059 551 2124 aliunde
568 2058 728 2122 demnatum
745 2060 928 2143 evangelium
945 2071 1001 2138 cst,
1025 2059 1118 2124 aliare
1137 2061 1236 2144 cogni·

82 2164 131 2226 tio
154 2173 271 2247 praeter
286 2182 372 2225 uuam
392 2162 487 2242 illam,
520 2182 664 2245 auumque
681 2161 767 2240 illud,
798 2163 874 2246 quod
890 2162 919 2226 ia
937 2173 1060 2246 quatuor
1076 2164 1236 2246 eran'geliis

83 2275 118 2328 et
143 2264 281 2349 apostolis
305 2263 438 2328 omnibus
464 2265 579 2328 unicam
602 2275 657 2328 est.
708 2261 758 2326 Ex
780 2285 837 2348 quo
859 2261 975 2328 Marcio
997 2265 1157 2344 refellitur,
1189 2266 1236 2350 qui

82 2377 171 2430 tauto
193 2366 346 2430 intervallo
369 2365 527 2452 prodierim
559 2367 694 2430 nimirum
718 2379 784 2451 post
807 2367 923 2430 Aniceti
946 2365 1072 2432 Romani
1094 2369 1236 2452 pontilicis

84 2481 223 2555 tempus,
256 2468 304 2553 qai
328 2467 363 2531 ab
381 2468 578 2554 apostolorum
599 2465 678 2532 Petri
701 2489 735 2531 ac
753 2466 836 2532 Pauli
859 2469 996 2553 passione
1018 2491 1111 2533 nonus
1136 2471 1237 2534 ordine

84 2581 271 2636 numeratur.
318 2566 463 2652 Quocirca
488 2582 520 2634 nt
541 2591 594 2634 uos
616 2571 691 2632 idem
710 2571 907 2655 praemuniret
926 2572 1091 2655 apostolas,
1123 2572 1234 2636 aiebat:

82 2679 214 2738 Eteiamsi
228 2696 295 2748 nos,
326 2687 378 2735 avt
392 2678 510 2754 angelus
527 2676 764 2752 evangelizaverit
780 2675 854 2733 vadai
868 2686 983 2754 praeter
1000 2696 1081 2755 qaam
1098 2680 1173 2756 qaod
1189 2697 1236 2737 ac·
1250 2691 1302 2736 dat.
1316 2692 1335 2748 r,
1348 2693 1367 2736 a.

83 2782 217 2858 repulsi,
241 2779 387 2838 anathema
404 2781 451 2836 sit.
498 2773 598 2840 Sancti
615 2776 718 2860 quippe
736 2774 855 2859 spiritus
871 2775 1009 2838 instinctu
1026 2787 1150 2840 noverat
1165 2798 1236 2840 ven-

84 2891 186 2943 turum
210 2878 363 2963 aliquando
392 2901 456 2941 cum
481 2877 628 2962 discipulis
649 2873 847 2954 Marcionem,
880 2877 928 2960 qui
955 2878 1074 2962 egregie
1097 2878 1235 2942 munitam

84 2981 168 3046 riam
193 2980 357 3044 niterentur
380 2991 560 3066 pervertere.
607 2975 708 3061 Quare
730 3001 787 3042 nou
812 2980 915 3042 iterum
939 2979 1030 3042 dixit:
1062 2985 1236 3062 Evangelrav

85 3085 182 3157 mvn,
217 3083 285 3160 sed,
319 3087 422 3145 Notum
445 3084 520 3144 vodis
532 3087 617 3165 jacan
637 3085 825 3162 evangelium,
859 3103 916 3144 non
938 3082 1014 3146 aliud
1033 3083 1236 3166 abeuntique

86 3185 166 3272 quad
182 3187 237 3248 iam
254 3185 418 3271 praedicavi
437 3185 519 3250 rolris
534 3205 568 3248 ac
585 3186 680 3247 denuo
694 3183 777 3248 vobis
793 3185 827 3246 in
838 3184 1007 3249 memoriam
1022 3205 1142 3250 revoco.
1177 3189 1236 3247 No-

88 3303 149 3352 tum
174 3291 250 3350 nodas
264 3291 346 3371 sacia
369 3311 487 3370 quanam
510 3293 619 3350 ratione
642 3289 891 3366 evangelizaverint
916 3289 1009 3362 vadis,
1042 3293 1071 3349 si
1090 3294 1235 3364 retinetis,-

85 3393 358 3473 nisisortefrastra
371 3395 539 3454 credidistis.
577 3387 645 3452 Nisi
662 3388 737 3451 enim
752 3389 884 3452 retinetis
900 3390 1137 3472 quemadmodum
1154 3411 1236 3475 prae·

86 3491 302 3571 dimicatis,
327 3493 391 3556 sine
409 3492 457 3558 illo
474 3495 580 3556 frastra
598 3490 772 3554 credidistis.
818 3489 883 3554 lloc
900 3493 976 3556 enim
994 3492 1123 3556 nuntiavi
1140 3483 1248 3572 voluis,

86 3593 240 3660 Christum
263 3617 314 3679 pro
337 3595 464 3681 peccatis
487 3593 595 3658 nostris
617 3592 775 3658 secuudum
798 3593 958 3678 scripturas
975 3594 1083 3658 obiisse
1101 3607 1235 3674 mortem,

86 3720 124 3762 ac
139 3699 299 3761 secandam
317 3699 433 3762 casdem
452 3697 536 3762 tertia
553 3698 600 3760 die
617 3697 835 3775 resurrexisse,
861 3717 918 3759 non
937 3697 1095 3760 secundum
1112 3697 1236 3763 fabulam

87 3801 236 3884 aliquam,
260 3801 305 3864 rel
325 3820 423 3864 earum
444 3801 604 3864 doctrinam
621 3799 669 3883 qui
684 3819 723 3861 ex
739 3818 806 3861 sese
824 3819 897 3882 qaae
913 3799 1030 3862 minime
1046 3801 1154 3884 scripta
1171 3811 1238 3864 sunt

86 3904 251 3988 proferent.
291 3901 408 3967 Etenim
424 3899 522 3966 ludaei
539 3923 579 3966 ex
594 3923 660 3966 sese
676 3897 824 3964 Christum
838 3901 1007 3966 surrexisse
1019 3915 1139 3986 negant,
1155 3901 1237 3966 Mar-

86 4006 136 4068 eio
153 4006 295 4068 annotari
313 4005 432 4090 perinde
449 4027 489 4068 ex
504 4025 571 4070 sese
588 4004 686 4088 specie
703 4013 788 4068 tenus
805 4024 871 4068 esse
888 4025 1017 4090 passam,
1042 4026 1076 4068 ac
1093 4006 1236 4090 sepultam

86 4107 270 4193 praedicant.
306 4105 370 4192 llgc
385 4129 457 4171 vero
473 4129 513 4172 ex
526 4107 733 4193 scripturarum
749 4127 803 4170 vos
819 4106 991 4170 auctoritate
1008 4108 1159 4171 confirmo.
1191 4108 1236 4172 Ac

88 4209 213 4274 subinde
230 4209 348 4274 scribit:
372 4213 409 4271 Si
419 4215 630 4291 praedicamus,
655 4222 684 4272 ei
697 4215 739 4272 sic
758 4215 933 4272 medrifsitri:
959 4214 1093 4288 Quoniam
1108 4214 1237 4274 Christus

88 4324 219 4374 mortuas
237 4316 478 4392 aristemedes,
513 4327 542 4375 ct
556 4317 717 4375 resurrecti
731 4317 814 4374 tertia
831 4317 886 4374 dre.
932 4310 973 4374 Et
989 4313 1073 4397 paulo
1091 4324 1172 4397 past:
1205 4319 1241 4376 Si

88 4483 165 4518 naam
187 4476 213 4516 et
236 4465 342 4516 illudio
366 4481 415 4533 quo
436 4465 585 4533 colloquitur
601 4485 646 4538 per
712 4462 755 4519 64.
775 4464 898 4520 radiatam
920 4469 974 4518 edil.
989 4470 1065 4529 princ.
1100 4469 1186 4519 fitium
1209 4483 1238 4520 ea·

88 4545 198 4606 qaataar
213 4532 340 4600 evangelie
356 4543 382 4584 ct
398 4533 531 4602 apostolos.
678 4537 729 4590 rad.
746 4537 817 4588 Vatia.
834 4538 926 4588 sustulit
941 4538 1058 4590 aeacum.
