3008 4996
261 291 322 355 εει)
487 303 489 305 ·
681 301 800 354 τινοιν
818 301 984 354 nmmum

259 416 363 502 ἄνδρες
378 416 559 502 ελοτῆιιειοαν
573 419 615 493 εἰς
630 415 685 500 τῆν
698 419 809 498 ολαλαυ,
837 419 888 483 καλ
905 415 969 484 sm
986 443 1037 502 μοι
1053 416 1088 485 τό
1103 423 1236 502 πνεῦμα,
1266 417 1398 504 Πορεόου

261 517 316 584 σῦν
337 517 438 594 αῦτοῑς
459 519 550 602 μηθέν
570 517 800 604 διακρινόμενος.
844 520 904 584 Καλ
924 517 1030 586 λοιπόν
1045 523 1186 606 διηγεῖται
1202 517 1243 596 ῶς
1263 521 1297 586 έν
1311 545 1397 604 παρα-

260 625 333 710 βολῇ
346 628 438 686 ταῦτα
453 619 474 685 ῦ
488 618 564 705 πρός
579 617 669 685 αὐτόν
685 623 811 705 εἴρηται,
832 622 883 685 ιιαλ
899 618 941 696 ῶς
958 618 996 685 οῦ
1010 619 1075 687 τότε
1094 624 1266 700 ’έιλλθαξεῆ
1288 623 1343 698 ἕως
1356 621 1399 687 ότι

260 719 279 787 ό
292 722 394 808 πόριος
408 725 536 807 ἐναργῶς
551 724 657 798 ἔδειξεν
673 719 753 809 αῦτῶ
770 720 790 786 ά
806 719 855 788 διά
872 729 931 787 τῶν
945 721 1039 809 λόγων
1056 723 1105 788 καλ
1123 721 1225 787 τόπων
1241 720 1335 788 αὐτόν
1348 726 1399 790 §ab

260 825 373 888 ῦασκεν.
416 821 524 898 Εῦθῦς
540 819 597 907 γάρ
614 820 707 888 αῦτοῦ
726 820 897 901 άνολξαντος
914 822 948 888 τό
964 822 1075 906 στόμα,
1103 823 1152 890 ’ότε
1169 816 1261 906 ἦλθεν
1275 827 1317 901 εἰς
1333 831 1400 890 Kan-

259 923 393 1011 σάρειαν,
415 927 535 990 ἐπέπεσε
550 922 582 990 τό
597 931 713 1016 πνεῦμα
727 923 759 989 τό
774 923 858 1010 άγιον
875 925 924 990 έπλ
939 925 1114 1011 Κορνήλιον,
1134 925 1185 990 καλ
1201 923 1273 990 ἰλῶν
1291 928 1399 1012 Πέτρος

259 1024 337 1106 εέπε,
363 1025 421 1109 Μή
438 1053 481 1102 τις
497 1025 619 1090 δύναται
634 1025 764 1091 κωλῦσαι
779 1025 812 1090 τό
831 1027 913 1111 ῦῦωρ
929 1023 989 1091 άπῦ
1004 1025 1118 1092 τούτων
1132 1034 1192 1092 τῶν
1209 1029 1399 1104 καταξιωθέν-

258 1153 317 1193 των
333 1126 365 1193 τό
381 1135 495 1210 πνεῦμα
508 1123 541 1192 τό
557 1126 641 1212 άγιου
655 1131 770 1208 λαβεῖν,
792 1123 834 1202 ῶς
849 1128 900 1190 καλ
914 1124 998 1210 η’μεῖς
1012 1130 1042 1205 ἕξ
1058 1125 1164 1211 α’ρχῆςς
1191 1127 1230 1193 Τό
1245 1135 1307 1194 πᾶν
1321 1131 1354 1194 δέ
1366 1121 1400 1212 ἦν

258 1235 343 1294 τοῦτο
367 1229 527 1311 μυστήριον
546 1230 598 1292 ιιαλ
619 1235 672 1310 τῆς
690 1235 745 1292 τοῦ
765 1234 841 1293 θεοῦ
860 1233 1085 1315 φιλανθρωπίας
1101 1233 1201 1314 έργον,
1230 1230 1315 1306 ὅπως
1334 1229 1352 1296 ό
1373 1255 1400 1296 τε

258 1329 341 1415 άγιος
356 1333 470 1416 Πέτρος
482 1331 533 1394 καὶ
546 1336 606 1404 πῦς
616 1355 661 1406 τις
672 1327 811 1414 γνῶσεται
825 1327 872 1394 ότι
885 1327 941 1396 οῦκ
955 1327 1005 1395 ἄπ’
1018 1328 1218 1416 άνθρῶπωνή
1231 1338 1290 1397 τῶν
1304 1334 1399 1397 έθνῶν

258 1438 402 1517 σωτηρλα,
424 1429 480 1496 ἀλλ’
496 1435 528 1496 έκ
542 1437 626 1496 θεοῦ.
671 1427 829 1514 Προῦλαβε
841 1431 898 1516 γάρ
914 1429 932 1496 ό
947 1430 1020 1508 θεός
1035 1435 1138 1498 δοῦναι
1153 1431 1208 1516 τῆν
1223 1431 1336 1519 δωρεάν
1348 1435 1398 1523 τοῦ

257 1531 423 1616 πνεύματος
438 1534 488 1598 ιιαλ
503 1531 556 1615 τῆν
571 1539 624 1597 τοῦ
639 1529 761 1618 άγγέλου
776 1529 929 1612 όπτασλαν,
951 1535 1000 1598 παλ
1017 1533 1071 1616 τῆν
1087 1531 1236 1616 άποῦοχῆν
1250 1541 1304 1616 τῆς
1318 1532 1400 1617 εόχῆς

255 1636 306 1698 καλ
320 1642 460 1717 νηστειῶν
475 1636 525 1699 καλ
541 1631 762 1719 άγαθοποιϊῶν,
783 1635 834 1698 ἵνα
849 1633 868 1698 ό
882 1633 1097 1718 ἐπιστεύθησαν
1112 1639 1143 1701 οἴ
1151 1633 1326 1714 άπόστολοι,
1347 1635 1397 1718 μα’-

256 1741 338 1800 λιστα
356 1733 373 1801 ό
388 1737 472 1823 άγιος
489 1737 617 1821 Πέτρος,
639 1737 690 1800 καλ
705 1739 735 1801 οἱ
748 1736 848 1800 λοιπολ
862 1733 1035 1818 άπόστολοι,
1057 1735 1097 1820 μῆ
1114 1734 1335 1823 άποστερήοωσι
1350 1735 1399 1802 τόν

257 1840 289 1903 έιι
311 1845 386 1904 θεοῦ
406 1835 481 1903 κατά
503 1835 645 1920 άλιλθειαν
666 1837 850 1918 κεκλημένον.

119 1936 187 2004 Κῑφ·
206 1934 238 1992 δ’·
338 1935 422 2003 ’Λλλά
435 1946 526 2003 ταῦτα
542 1939 594 2020 μέν
607 1940 671 2005 τότε
686 1936 924 2024 έπραγματεάθη,
946 1941 1107 2022 κινηθέντα
1120 1938 1180 2006 όπό
1197 1947 1251 2006 τοῦ
1267 1965 1399 2026 προειρη-

256 2042 347 2123 μένου
363 2039 607 2122 ψευδαποστόλου
624 2044 791 2124 Κηρίνθου.
833 2038 885 2117 Ὦς
898 2043 951 2106 καλ
967 2040 1066 2106 άλλοτε
1082 2039 1183 2106 στάσιν
1199 2039 1289 2117 αῦτός
1305 2065 1335 2106 τε
1350 2044 1398 2106 καλ

255 2145 286 2207 ολ
301 2137 360 2225 μετ’
379 2141 470 2207 αὐτοῦ
488 2141 658 2228 εἰργάσαντο
680 2143 711 2206 έν
729 2138 804 2232 αὐτῇ
824 2149 881 2231 Ιτῆ
898 2138 1100 2227 Ἰερουσαλὴμ,
1131 2140 1260 2226 όπηνλκα
1281 2149 1399 2218 Παῦλος

255 2240 366 2326 άνῆλθε
382 2241 453 2326 μετά
474 2249 578 2322 Τίτου,
607 2240 649 2316 ῶς
662 2245 714 2307 καλ
730 2236 817 2320 οὗτος
830 2246 889 2326 ἔφη
904 2242 966 2324 ὅτι,
986 2242 1116 2330 ’Ἀνδρος
1130 2241 1333 2330 άιιροβόοτους
1347 2247 1398 2320 εἰς·

254 2341 356 2430 ῆυεγιιε
373 2343 441 2427 μεθ’
457 2347 580 2425 ἑαυτοῦ,
607 2343 665 2427 ῆλλη
682 2346 749 2430 περλ
765 2343 872 2410 τοῦτον
889 2345 995 2430 λέγων,
1019 2351 1200 2426 Κεκολνωιιε,
1230 2349 1319 2429 φησλ,
1349 2344 1399 2412 τόν

255 2443 339 2530 άγιον
360 2446 459 2513 τόπον.
504 2445 561 2513 Διό
582 2447 633 2511 καλ
652 2452 774 2522 Παῦλος
793 2447 883 2531 λέγει,
910 2444 981 2510 Ἀλλ’
1006 2445 1074 2512 ονίλέ
1097 2454 1184 2523 Τῖτος
1208 2444 1301 2513 όσῦν
1323 2450 1398 2532 έμολ,

245 2546 355 2629 Ἕλλην
370 2547 428 2628 ῶν,
450 2547 626 2633 ἠναγκάσθη
640 2555 870 2632 περιτμηθῆναι·
902 2545 951 2614 ῦιά
969 2549 1001 2614 ῦέ
1016 2546 1087 2624 τοῦς
1100 2548 1313 2635 παρειςάκτους
1327 2567 1399 2631 ψευ-

255 2651 435 2730 ῦαῦέλφους,
466 2652 570 2726 οἵτινες
586 2656 783 2735 παρειςῆλθον
799 2655 1023 2732 κατασκοπῆσαι
1042 2649 1097 2733 τῆν
1114 2653 1284 2736 έλενθερλαν
1303 2647 1398 2732 ἡμῶν,

253 2749 293 2832 ἢν
309 2753 412 2834 έχομεν
426 2753 458 2816 έν
476 2757 609 2840 Χριστῷ,
641 2748 687 2826 οἷς
702 2748 772 2816 οῦθέ
787 2748 863 2835 πρός
879 2749 959 2838 ῶραν
972 2755 1088 2833 εἴξαμεν
1102 2759 1139 2842 τῆ
1152 2750 1294 2840 όποτογῆ.
1339 2753 1399 2816 Καὶ

254 2861 316 2929 τοῖς
336 2855 368 2918 έν
384 2849 562 2940 άιιροβυστλμ
579 2853 782 2937 παραγγέλλων
799 2854 906 2937 ἔλεγεν,
936 2851 994 2936 Mn}
1009 2854 1229 2937 περιτέμνεσθε,
1260 2851 1332 2918 ’ότι
1348 2852 1400 2918 έάν

253 2955 483 3040 περιτέμνησθε,
507 2951 635 3040 Χριστός
649 2951 727 3036 όμᾶς
744 2950 831 3019 οῦιλέν
846 2951 996 3037 ω’φελῆοει.
1023 2954 1183 3044 ἸΔιῆριιεσε
1201 2956 1234 3021 δέ
1250 2951 1270 3038 ἡ
1285 2979 1399 3040 περιτο-

134 3078 185 3123 ειε-
199 3068 243 3113 ¹1³·
256 3053 297 3138 μῆ
311 3055 407 3144 χρόνῳ
421 3052 643 3141 ῦπηρετῆσαοα,
673 3057 728 3130 έοις
741 3052 762 3138 ἡ
776 3059 878 3137 μείζων
891 3054 1033 3141 περιτομῆ
1052 3059 1241 3143 παρεγένετο,
1269 3059 1400 3122 τουτέστι

253 3155 286 3222 τό
300 3155 425 3244 λουτρόν
435 3165 489 3240 τῆς
503 3161 726 3242 παλιγγενεσλας,
749 3154 791 3232 ῶς
804 3161 892 3222 παντλ
905 3183 945 3246 τρο
960 3156 1049 3239 δῆλόν
1063 3160 1133 3238 ἐστι,
1153 3160 1206 3223 καλ
1219 3159 1400 3245 σαφέστερον

253 3261 401 3324 ῦελιιννται
418 3257 478 3324 άπό
494 3265 554 3324 τῶν
569 3256 650 3344 παρά
664 3268 726 3334 τοῖς
741 3257 914 3335 άποστόλοις
928 3261 1103 3344 εἰρημένων,
1124 3258 1247 3341 μάλιστα
1262 3259 1345 3346 παρά
1358 3267 1399 3348 τῷ

254 3357 327 3450 άγλρο
344 3357 504 3449 άποστόλρι.
549 3360 662 3426 Φάσκει
676 3357 732 3445 γάρ
752 3361 860 3436 οὕτως·
886 3357 940 3436 Ολς
956 3358 1025 3425 mm
1040 3358 1116 3446 πρός
1132 3359 1213 3446 ῶραν
1230 3364 1346 3444 εἴξαμεν
1362 3369 1401 3450 τῆ

254 3458 397 3552 ῦποσαγῆ.
442 3465 538 3527 Παντλ
553 3463 585 3528 δέ
598 3470 639 3551 τοῦ
652 3463 822 3551 βουλομένῳ
834 3470 988 3527 κατανοεῖν
1001 3459 1037 3527 τά
1053 3460 1134 3547 παρά
1148 3471 1210 3539 τοῖς
1225 3459 1402 3538 ἀποστόλοις

253 3563 319 3631 τότε
331 3566 610 3650 πεπραγματευμένα
626 3562 779 3646 θαυμάσαι
797 3566 894 3628 έπεστι
908 3570 972 3639 πῶς
984 3563 1021 3628 τά
1035 3563 1115 3649 παρά
1128 3571 1164 3652 τῆ
1183 3565 1289 3650 αἱρέσει
1304 3563 1401 3652 ταύτῃ

254 3667 284 3744 l}
300 3669 433 3742 έπινολας
447 3665 613 3749 πνεύματος
625 3664 737 3748 πλάνης
751 3666 944 3750 ένεργηθέντα
960 3663 1013 3731 τόν
1026 3673 1193 3751 χαρακτῆρα
1209 3663 1403 3731 ῦποῦελκνωσι

254 3775 313 3833 τῶν
334 3766 384 3834 διά
404 3774 464 3833 τῶν
482 3771 621 3854 αἱρέσεων
636 3766 749 3832 τούτων
765 3768 797 3832 έν
815 3776 878 3842 τοῖς
893 3764 1065 3843 άποστόλοις
1081 3767 1133 3850 τῆν
1147 3772 1263 3850 κίνησιν
1276 3769 1402 3853 έργασα-

254 3870 357 3951 μένων.
400 3867 602 3935 Ἀποστάντων
618 3867 673 3954 γάρ
690 3867 804 3933 τοῦτον
819 3871 871 3933 καλ
889 3871 931 3945 εἰς
944 3869 1204 3950 ψευδαποστόλους
1221 3871 1401 3954 τραπέντων,

252 3973 304 4035 καλ
324 3969 430 4046 άλλους
451 3970 711 4053 ψευδαποστόλους
731 3968 979 4050 ἀποστειλάντων,
1009 3968 1051 4046 ῶς
1073 3974 1123 4036 ιιαλ
1138 3969 1197 4053 ἤδη
1215 3975 1400 4055 προείρηται,

253 4073 295 4146 εἰς
311 4069 364 4154 τῆν
377 4070 552 4156 Ἀντιόχειαν
566 4075 597 4138 έν
611 4070 685 4161 άρχῆ
703 4073 754 4136 καλ
770 4073 811 4148 ελς
828 4070 932 4148 ῦλλους
947 4071 1073 4152 τόπους,
1093 4074 1227 4156 λέγοντας
1240 4071 1299 4151 ότι,
1328 4069 1403 4136 Ἐάν

253 4171 295 4254 μῆ
309 4181 508 4260 περιιμηθῆτε
520 4176 571 4240 καλ
586 4173 731 4256 φολάξητε
743 4171 795 4238 τόν
808 4172 901 4256 νόμον
915 4175 1081 4254 Μωῦοέως,
1103 4171 1141 4240 οῦ
1152 4172 1284 4240 θῦνασθε
1297 4180 1402 4255 σωθῆ-

254 4299 317 4352 ναι,
345 4273 399 4358 οῦχ
415 4273 576 4359 ῆτνγοῦσα
594 4273 660 4341 τότε
673 4272 782 4362 ταραχῆ
800 4276 928 4360 ἐγένετο,
960 4273 1001 4352 ῶς
1017 4281 1195 4363 προείρηται.
1239 4276 1300 4340 Καὶ
1315 4268 1402 4340 οὗτολ

286 4427 313 4478 2.
330 4427 457 4492 έδλσταξει
474 4433 525 4482 τοῦ.
545 4433 617 4482 Vatia.
842 4435 890 4482 συλλ
903 4435 1007 4495 primum
1022 4434 1140 4484 Ριλοολυε.
1172 4435 1224 4486 θοι.
1241 4435 1327 4484 deo&
1339 4433 1399 4482 λλλι-

288 4495 347 4548 Gn.
358 4499 400 4548 lv.
414 4525 447 4536 -
466 4497 488 4548 l.
503 4499 537 4567 τῆ
552 4513 582 4550 τε
596 4501 647 4551 τοῦ.
663 4503 734 4550 vatic.
749 4502 809 4551 λινε·
842 4501 891 4562 dia.
909 4501 998 4551 οεοῶλ.
1011 4501 1087 4563 μήνιε.
