3006 4990
300 357 341 420 80
398 359 401 365 '
514 351 519 362 '
721 367 844 420 ειαετι
860 367 1027 421 εοιειιιαιι

299 481 518 550 ἀποκαλύπτειν
541 481 771 567 ἐπιτηδεύματα,
792 485 844 549 καί
864 482 914 552 διδ
937 480 1087 566 συντόμου
1108 481 1198 570 λύγου
1220 492 1376 551 ποιεῖσθαι
1395 484 1451 552 τδν

299 585 412 670 ἔλεγχον
424 569 479 669 τῆς
494 591 553 651 τῶν
567 593 667 650 κακῶν
681 587 731 651 καί
755 591 788 632 ¹⁶
799 581 954 671 ύλετηρίων
971 587 1099 669 ἑρπετῶν
1115 587 1253 668 ίοβολίας.

548 686 733 756 Πετιλῆριινται
749 689 777 742 αλ
792 690 843 744 τῶν
860 689 1028 757 Σαμαρειτῶν
1044 687 1154 756 αἱρέσεις
1170 685 1202 744 δ’.

620 865 635 934 l
661 866 690 933 Ο
715 865 743 934 Υ
768 866 794 933 Δ
820 867 849 933 Α
875 865 890 934 Ι
915 866 946 934 Σ
973 865 1006 934 Μ
1031 866 1060 935 0
1085 865 1116 934 Σ

442 961 551 1037 λοιπδν
578 965 734 1061 μερισθεὶς
758 968 818 1036 καὶ
843 960 945 1050 αύτὸς
970 966 1014 1050 είς
1040 966 1177 1062 αἱρέσεις
1202 962 1298 1039 ἑπτά.

579 1135 728 1204 ΚΑΤΑ
754 1135 1157 1206 ΣΑΔΔΟΥΚΑΙΩΝ

334 1232 447 1332 πρώτη
468 1236 589 1332 αἵρεσις
611 1231 678 1308 οίπὸ
695 1231 920 1327 Ἰουδαῐοραῦ,
945 1233 1284 1334 τεσσαρεςκοιιλεκιίτη
1306 1239 1341 1310 δὲ
1361 1244 1407 1332 τῆ

777 1333 963 1436 ἀκολουθίᾳ.

261 1433 278 1488 ’·
379 1449 515 1534 Λίρέσείς
530 1445 619 1513 πάλιν
642 1445 714 1530 μετά
737 1445 845 1522 ταύτας
868 1445 921 1525 τάς
939 1451 1151 1534 προειρημένας
1173 1455 1234 1515 τῶν
1250 1455 1450 1534 Σαμαρειτῶν

297 1551 349 1616 καί
366 1548 427 1616 ῦνω
446 1576 506 1615 που
526 1557 585 1614 τῶν
599 1547 743 1632 Ἑλλήνων
767 1553 1008 1634 προδηλωθείσας
1027 1549 1179 1636 γεγόνασιν
1200 1549 1272 1616 ἐπτύ
1286 1549 1338 1616 τδν
1355 1549 1450 1636 ύριθ-

297 1651 354 1736 μῦν
368 1650 449 1737 παρά
464 1648 622 1727 Ἰουδαίοις
636 1649 694 1737 πρδ
708 1659 762 1734 τῆς
776 1658 829 1718 τοῦ
844 1657 973 1736 Χριστοῦ
990 1649 1134 1736 ἐνσάρκου
1148 1657 1310 1737 παρουσίας
1326 1653 1357 1717 ἐν
1366 1647 1451 1718 Ἰον-

296 1757 366 1842 δαίμ
387 1779 417 1818 τε
439 1755 488 1818 καί
507 1750 732 1837 Ἰεροσολύμοις.

382 1861 504 1939 Πρῶτοι
517 1857 736 1934 Σαδδουκαῖοι,
759 1850 941 1936 άπόσπασμα
956 1851 1040 1930 ὄντες
1056 1850 1115 1921 άπδ
1133 1856 1285 1920 Δοσιθέου
1299 1859 1355 1920 τοῦ
1370 1881 1449 1940 προ-

296 1958 473 2043 λελεγμέυου.
516 1951 755 2037 Ἐστονομάζονσι
775 1955 807 2020 δέ
832 1947 915 2021 οῦτοι
937 1952 1061 2031 ἕαυτοῦς
1078 1959 1319 2034 Σαδδουκαίους,
1346 1957 1451 2037 δῆθεν

297 2055 357 2123 άπδ
376 2055 565 2139 δικαιοσύνης
581 2063 633 2139 τῆς
651 2055 828 2140 ἐπικλήσεως
844 2050 1024 2142 άρμωμένης.
1069 2057 1162 2122 Σεδὲκ
1183 2056 1237 2142 γάρ
1255 2049 1451 2142 ἑρμηνεύεται

295 2157 476 2241 δικαιοσύνη.
513 2150 568 2221 Ἦν
589 2158 621 2222 δέ
640 2157 689 2221 καί
705 2155 826 2223 Σαδούκ
843 2183 887 2234 τις
903 2155 1033 2240 τοῦνομα
1048 2157 1123 2223 κατά
1140 2155 1173 2223 τά
1188 2155 1314 2223 παλαιάν
1328 2165 1392 2223 τῶν
1409 2163 1450 2223 ιἐ·

296 2263 379 2348 ρέων.
416 2256 492 2324 Ἀλλ’
508 2257 562 2325 ούκ
579 2259 729 2341 ἐνέμειναν
747 2251 831 2324 οῦτοι
845 2259 878 2323 ἐν
893 2266 929 2348 τῆ
947 2268 1001 2324 τοῦ
1018 2259 1175 2324 ἐπιστάτου
1191 2259 1288 2323 αύτῶν
1302 2261 1449 2325 διδασκα-

295 2367 351 2452 λίμ.
385 2359 548 2444 Ἠθέτησαν
561 2361 613 2444 μίν
630 2357 684 2445 γάρ
703 2353 785 2426 οὗτοι
801 2367 913 2446 νεκρῶν
929 2359 983 2443 τῆν
998 2358 1169 2440 άνάστασιν,
1191 2359 1279 2443 ὅμοια
1295 2366 1451 2448 Σαμαρεί-

298 2490 363 2540 ταις
376 2470 569 2549 φρονοῦντες,
591 2459 628 2527 ού
646 2464 858 2547 παραδέχονται
877 2463 909 2526 δέ
926 2459 1076 2548 α’ργέλονς,
1098 2461 1171 2548 ὅπερ
1190 2469 1371 2546 Σαμαρεῖται
1390 2461 1452 2528 οῦκ

297 2555 446 2631 α’θετοῦσι.
492 2569 615 2645 Πνεῦμα
633 2563 665 2627 δὲ
680 2562 764 2649 δι’μιον
781 2560 837 2628 οῦκ
855 2567 965 2628 ίσασιν·
987 2561 1025 2629 ού
1045 2562 1100 2650 γάρ
1123 2567 1178 2629 είσι
1195 2563 1303 2629 τούτου
1319 2561 1451 2648 ἠξιωμέ-

296 2692 358 2732 νοι·
380 2663 416 2730 τά
433 2663 530 2730 πάντα
548 2665 580 2729 δέ
596 2667 645 2729 λ’σα
661 2669 857 2750 Σαμαρείταις
876 2663 1078 2746 φυλάττουσιν.
1125 2663 1189 2731 Ούκ
1210 2657 1285 2748 ῆσαν
1305 2665 1339 2730 δέ
1360 2659 1453 2732 οῦτοι

297 2775 492 2852 Σαμαρεῖται,
514 2762 737 2832 ύλλ”1ονδαῖοι.
778 2763 835 2832 Ἐν
851 2764 1068 2852 Ἰεροσολύμοις
1084 2765 1139 2852 γάρ
1158 2769 1330 2846 ἐθυσίαζον,
1352 2765 1393 2831 τά
1417 2768 1452 2832 δέ

297 2867 368 2934 άλλα
389 2866 486 2934 πάντα
503 2864 663 2942 Ἰουδαίοις
685 2869 891 2954 συνέπραττον.
935 2871 996 2933 Καί
1017 2866 1103 2934 αύτοί
1126 2868 1158 2932 δὲ
1183 2865 1451 2953 άνατραπήσονται

296 2966 355 3036 άπδ
372 2977 425 3035 τοῦ
441 2966 610 3047 άξιοπίστου
627 2975 681 3034 τοῦ
697 2974 802 3055 κυρίου
815 2977 928 3052 φωνῆς,
949 2969 989 3052 ῆν
1003 2968 1088 3036 αύτοί
1104 2966 1174 3034 καθ’
1189 2969 1300 3033 έαυτῶν
1313 2971 1452 3035 ἐπεσπά-

296 3093 399 3150 σαντο,
421 3069 470 3136 διά
486 3077 538 3153 τῆς
553 3077 606 3135 τοῦ
624 3069 784 3153 ζητήματος
801 3072 973 3150 ἐπιλύσεως,
994 3069 1042 3136 ὅτε
1057 3079 1225 3158 προςῆλθον
1246 3068 1326 3158 αύτρῐ
1343 3074 1453 3159 λέγον-

295 3199 352 3252 τες,
371 3175 397 3237 εί
410 3171 533 3236 δύναται
548 3168 623 3235 εἶναι
637 3179 748 3256 νεκρῶν
763 3171 929 3250 α’νάστασις,
946 3174 997 3237 καί
1012 3173 1059 3238 δτι
1073 3172 1146 3238 ἑπτά
1159 3171 1281 3254 α’δελφοί
1295 3173 1453 3256 ἐγένοντο,

295 3275 347 3339 καί
369 3271 522 3359 ύπρῶτος
544 3283 668 3358 γυναῖκα
688 3277 792 3360 ἐρῆμε,
814 3276 865 3340 καί
884 3274 975 3350 ῦπαις
997 3275 1174 3357 ἐτελεύτησε,
1196 3277 1246 3339 καί
1267 3269 1286 3339 ά
1305 3273 1456 3361 δεύτερος

295 3378 398 3459 ἐλαβεν
420 3371 529 3456 αύτῆν,
552 3377 708 3451 Μωῦσίως
729 3379 999 3462 παρακελευομένου
1025 3374 1292 3461 ἐπιμαμβρεάεσθαι
1314 3373 1371 3457 τῆν
1397 3405 1455 3462 μυ-

182 3519 234 3564 m,
247 3505 280 3550 η
297 3487 385 3542 ναῖκα
402 3483 457 3542 τοῦ
473 3474 601 3557 ύδελφοῦ
619 3474 745 3553 άπαιδος
760 3477 981 3559 τελευτήσαντος
987 3528 995 3556 ,
1017 3478 1068 3542 καὶ
1085 3477 1209 3562 ἄγεσθαι
1221 3476 1274 3558 τῆν
1289 3473 1388 3560 αύτῆν
1409 3485 1456 3568 τῷ

296 3575 414 3662 άδελφρδ
443 3575 517 3661 πρδς
544 3575 576 3643 τδ
604 3581 794 3662 ἐξαναστῆσαι
818 3581 939 3664 σπέρμα
958 3583 999 3654 είς
1025 3577 1120 3661 ὄνομα
1143 3585 1196 3644 τοῦ
1220 3581 1455 3661 κατοιχομένου.

296 3677 413 3762 Ἔλαβε
427 3687 515 3764 γοῦν,
537 3681 627 3762 φησί,
649 3680 757 3762 ταύτην
775 3677 938 3766 ύπρῶτος,
960 3685 1009 3746 καί
1025 3679 1044 3746 δ
1059 3680 1210 3761 δεύτερος,
1232 3681 1280 3744 καί
1297 3681 1468 3764 ἐτελεύτη-“

296 3802 364 3847 σαν·
394 3779 504 3864 δμοίως
521 3783 571 3845 καί
592 3783 623 3845 οδ
642 3780 723 3846 ἑπτά.
765 3777 820 3846 Ἐν
835 3790 871 3872 τῆ
894 3780 1046 3847 α’ναστάσει
1061 3791 1121 3847 τῶν
1136 3789 1248 3866 νεκρῶν
1265 3785 1346 3858 τίνος
1363 3785 1457 3850 ἔσται

295 3882 369 3965 αῦτη
387 3880 478 3968 γυνῆ,
502 3880 602 3964 ἐπειδὴ
620 3885 670 3947 καλ
685 3887 716 3948 οί
733 3881 806 3948 έπτά
821 3887 905 3966 ἔσχον
920 3881 1029 3964 αύτῆνς
1050 3881 1082 3947 Ὁ
1098 3884 1130 3948 δὲ
1145 3883 1248 3968 κύριος
1264 3886 1333 3965 ἐφη,
1359 3891 1458 3950 Πλα-

293 3991 397 4064 νᾶσθε,
420 3983 462 4068 μῆ
478 3983 585 4060 εἰδότες
599 3982 652 4060 τάς
667 3982 792 4070 γραφάς,
816 3986 889 4068 μηδὲ
904 3983 957 4068 τῆν
973 3984 1098 4067 δύναμιν
1114 3991 1168 4050 τοῦ
1186 3992 1268 4050 θεοῦ.
1310 3981 1371 4050 Ἐν
1393 3985 1459 4073 γάρ

244 4073 250 4085 “
293 4093 329 4174 τῆ
347 4083 500 4151 α’ναστάσει
518 4091 577 4150 τῶν
594 4094 705 4170 νεκρῶν
724 4083 792 4151 οῦτε
808 4095 961 4172 γαμοῦσιν,
984 4086 1051 4152 ούτε
1065 4091 1265 4172 γαμίσκονται,
1287 4083 1346 4150 ἀλλ’
1367 4091 1462 4175 ἰσάγ-

292 4193 370 4273 γελοί
386 4191 466 4253 εἰσιν.
498 4186 573 4252 Ὅτι
591 4187 623 4251 δέ
639 4185 850 4272 ύναστῆσονται
867 4191 898 4254 οί
912 4193 1025 4273 νεκροί,
1048 4194 1185 4272 Μωῦσῆς
1202 4185 1279 4271 ύμᾶς
1296 4187 1462 4272 διδάσκει,

294 4285 336 4364 ῶς
356 4285 374 4354 ά
393 4287 466 4365 θεύς
485 4285 563 4377 αύτῷ
585 4288 769 4372 ἐχρημάτισε,
790 4292 896 4376 λέγων,
917 4287 998 4374 Ἐρῶ
1019 4291 1077 4370 είμι
1093 4287 1111 4354 δ
1130 4288 1202 4366 θεάς
1216 4287 1377 4373 Ἁβραάμ,
1403 4297 1465 4359 καὶ

293 4384 312 4453 δ
335 4387 408 4465 θεάς
424 4387 541 4469 Ἰσαάκ,
563 4393 614 4455 καί
634 4388 653 4456 δ
676 4390 749 4467 θεδς
765 4389 891 4475 Ἰακοίβ,
916 4388 986 4475 θεάς
1007 4391 1137 4470 ζῶντων,
1160 4391 1210 4456 καί
1230 4388 1296 4474 ούχί
1319 4403 1463 4478 νεκρῶν.

293 4491 356 4554 Καί
377 4493 523 4574 ἐφίμωσεν
543 4489 642 4558 αύτῶν
658 4490 692 4558 τύ
709 4491 811 4576 στόμα.
857 4491 1013 4559 Εύύλωτοι
1029 4491 1084 4578 γάρ
1100 4485 1201 4572 οῦτοι,
1221 4496 1274 4559 καί
1290 4491 1334 4577 μῆ
1354 4498 1464 4563 δυνά-

292 4615 376 4674 μενοι
397 4589 563 4676 ύντιστῆναι
584 4591 656 4677 μήτε
677 4599 746 4678 μίαν
767 4595 849 4683 ῶραν
869 4593 945 4681 πρδς
966 4594 1019 4680 τῆν
1041 4592 1192 4678 ύλῆθειαν.

326 4709 365 4766 16.
382 4705 510 4780 ἐλιτῆρωι
526 4716 577 4766 ωδ.
593 4717 668 4769 Venet-
