3006 4990
297 351 355 412 104
717 360 839 412 εεαστι
858 361 1028 414 εειειικεειι

293 482 353 540 τῶν
375 474 636 560 προςδοιωόμενον,
666 479 836 560 νομίσαντες
860 473 952 542 αύτδν
971 472 1046 542 είναι
1070 473 1124 542 τόν
1145 472 1279 562 Ἡριόδην
1302 475 1430 562 Χριστόν,

293 578 346 642 καλ
369 573 414 642 ἐπ’
439 573 519 667 αύτῷ
540 575 728 661 ἀπατώμενοι
755 575 946 660 ἐσεμνύνοντο
975 585 1017 666 τῷ
1040 574 1180 666 Ἡρῶδη,
1206 581 1239 644 ίκ
1266 587 1321 646 τοῦ
1348 583 1428 664 βητοῶ

293 679 566 764 συναρπασθέντες,
588 677 660 763 μετύ
679 685 732 746 τού
749 681 800 745 καὶ
815 681 857 755 είς
871 676 957 764 χύριν
972 685 1026 744 τοῦ
1042 677 1106 744 τότε
1125 681 1266 762 βασιλέως
1286 684 1427 760 κενοδοξῆ·

293 801 358 858 σαι,
381 786 434 845 τοῦ
450 782 622 865 εἰρημένου,
655 777 720 846 Ούκ
745 782 873 862 ίκλείιμει
895 778 993 864 ύρχων
1009 783 1039 858 ἐξ
1053 777 1166 857 Ἰούδα,
1189 779 1259 848 ούδλ
1280 779 1430 867 ἡγούμενος

293 882 402 946 ἐκτῶν
422 886 523 966 μηρῶν
538 879 648 962 αύτοῶ,
669 884 725 958 ἕως
740 878 777 946 ῶν
799 883 875 971 ἔλθη
892 874 917 969 ηδ
938 877 1105 948 α’πόκειται·
1134 879 1175 958 ῶς
1191 883 1223 948 δέ
1239 885 1296 966 ίηει
1318 880 1354 948 τύ
1368 880 1430 947 «wa

292 977 471 1067 ύντίμραφα,
493 985 549 1058 ἕως
565 985 640 1072 ἔλθη
659 975 683 1071 ηδ
704 981 741 1046 τό
759 979 946 1066 ἀποκείμενα.
989 979 1168 1070 Ἐπειδήπερ
1190 981 1355 1067 όἮροόδης
1370 978 1427 1058 υίός

290 1081 483 1170 Ἀντιπάτρου
504 1081 657 1170 ἐτύγχανεν
671 1081 882 1150 Ἀσκαλωνίτου
898 1081 978 1160 τινός
1000 1081 1173 1169 ίεροδούλου
1189 1083 1369 1161 ’Λπόλλωνος
1381 1087 1429 1148 τοῦ

291 1183 423 1265 εἰδῶλου,
446 1178 483 1252 οὗ
502 1181 521 1252 ό
535 1184 633 1269 πατὴρ
645 1191 701 1251 τού
717 1183 811 1252 αύτού
826 1181 1162 1271 ἈττιπύτρουἮριόδης
1175 1187 1228 1268 μέν
1245 1179 1283 1269 ἦν
1296 1184 1428 1268 τούνομα,

290 1285 358 1364 υίός
379 1287 412 1353 δλ
426 1279 465 1370 ἦν
481 1279 569 1364 οὗτος
583 1291 638 1354 τού
652 1283 787 1352 Ἀνιίττα
808 1285 990 1369 αἰχμάλωτος
1008 1287 1040 1352 δέ
1057 1285 1176 1370 ἐλήφθη
1192 1285 1252 1353 ύπό
1266 1285 1429 1370 Ἰδουμαίων

290 1384 308 1452 ό
324 1385 414 1464 αύτός
426 1385 631 1473 Ἀντίπατρος,
652 1385 769 1452 κύκεῖσε
782 1390 814 1454 έν
835 1383 1038 1477 τῇἸδουμαίηι
1053 1392 1213 1474 διατρίβων
1232 1390 1364 1474 ίμέννησε
1382 1385 1428 1452 τόν

288 1485 432 1573 Ἡρύδην.
480 1495 540 1556 Τοῦ
554 1491 586 1556 δέ
605 1487 717 1574 πατρός
734 1491 861 1572 πίνητος
884 1485 971 1564 ὄντος
992 1492 1043 1554 καλ
1066 1487 1107 1572 μή
1133 1493 1299 1572 δυναμένου
1324 1489 1430 1574 λύτροις

289 1589 441 1672 ῥύσασθαι
459 1589 514 1656 τόν
535 1589 619 1670 υίόν,
647 1593 721 1676 λέγω
745 1590 783 1674 δη
802 1589 852 1656 τόν
864 1588 1073 1676 Ἀντίπατρον,
1103 1593 1214 1674 ίμεινεν
1230 1593 1262 1658 ἐν
1279 1598 1375 1680 πολλῷ
1393 1595 1428 1675 τῷ

289 1689 386 1780 χρόνῳ
405 1691 566 1758 δουλεύων·
595 1692 718 1780 ύστερον
739 1693 772 1758 δέ
795 1690 949 1774 ίλυτροόθη
974 1693 1005 1768 ἒξ
1029 1690 1139 1778 ἐρύνου
1156 1699 1215 1758 τῶν
1234 1699 1364 1758 πολιτῶν
1382 1688 1430 1754 σύν

289 1800 331 1880 τῷ
350 1796 434 1860 παιδλ
447 1791 579 1885 Ἡρῶδη,
607 1797 657 1862 καλ
680 1801 825 1878 μετῆλθεν
846 1795 888 1870 είς
911 1791 948 1858 τοί
969 1795 1071 1859 οἰκεῖα.
1114 1793 1229 1880 Διόπερ
1250 1795 1327 1871 τινές
1349 1789 1430 1860 αύτόν

289 1897 425 1980 λέγουσιν
444 1893 627 1979 Ἰδουμαῖον,
656 1895 737 1962 ἄλλοι
755 1897 787 1962 δέ
806 1892 1020 1976 Ἀσκαλωνίτην
1041 1899 1151 1961 λσασιν·
1180 1895 1302 1981 ύστερον
1326 1897 1358 1960 δέ
1374 1897 1432 1973 ίφι-

289 1994 388 2080 λιιόθη
405 2002 564 2087 Δημητρίῳ
573 2049 583 2078 ,
609 2000 662 2064 καλ
678 2001 836 2082 ἐπίτροπος
852 1997 975 2079 κατέστη
995 1998 1046 2062 έπλ
1065 2004 1118 2081 τῆς
1132 1994 1292 2077 Ἰουδαίας,
1315 2000 1348 2064 έν
1364 1992 1431 2082 γνοί-

290 2119 334 2164 σει
353 2123 384 2164 τε
404 2102 522 2186 μέμονεν
534 2097 698 2189 Αύγούστηι
715 2103 840 2182 βασιλεῖ,
861 2100 913 2164 καί
927 2094 988 2165 ῶπό
1007 2105 1062 2166 τοῦ
1077 2097 1279 2184 ἐπιτροπεύειν
1293 2106 1432 2184 προςηλν-

288 2197 381 2279 τεύει,
403 2203 601 2287 περιτίμνεταί
617 2226 647 2266 τε
669 2202 720 2267 καί
739 2198 846 2280 αύτός,
872 2202 925 2266 καί
947 2201 1111 2286 περιτέμνει
1129 2197 1265 2287 Ἡρῶδην
1286 2199 1341 2266 τόν
1361 2194 1432 2274 υἱόν,

291 2305 332 2378 είς
347 2303 383 2368 δν
402 2296 494 2388 ἦλθεν
515 2301 534 2370 ό
549 2309 656 2389 κλῆρος
678 2310 730 2386 τῆς
751 2310 810 2368 τῶν
825 2298 975 2368 Ἰουδαίων
990 2305 1146 2385 βασιλείας.
1183 2295 1240 2366 Ἦν
1254 2302 1285 2367 δέ
1300 2297 1432 2390 βασιλεύς

290 2407 321 2469 ἒν
335 2412 371 2494 τῇ
386 2403 513 2494 Ἰουδαία
530 2402 588 2471 ύπό
607 2405 748 2488 1βασιλέα
763 2402 946 2490 Αύμουστον,
969 2401 1059 2480 αύτός
1072 2400 1265 2480 ύπόσπονδος
1282 2399 1431 2489 ύπόρηων.

287 2503 369 2572 Ἐπεί
385 2499 440 2573 οὖν
461 2510 491 2584 ἐξ
514 2503 685 2588 ἀλλοφύλων
701 2498 789 2582 οὗτος
805 2504 965 2588 βασιλεύει,
986 2503 1062 2572 κατύ
1077 2502 1221 2589 διαδοχὴν
1236 2507 1268 2570 δέ
1284 2505 1433 2589 διήρκεσεν

289 2606 350 2674 όπό
368 2617 421 2676 τοῦ
436 2606 534 2674 Ἰούδα
551 2610 602 2673 καλ
621 2605 681 2674 ύπό
695 2615 750 2674 τού
766 2609 866 2691 Λαβλδ
886 2604 919 2673 τό
936 2611 1082 2690 βασίλειον
1105 2609 1204 2672 καλοί
1221 2609 1253 2673 ίκ
1267 2613 1324 2673 τοῦ
1340 2603 1433 2671 Ἰούδα

289 2709 427 2794 ύρχοντες
446 2713 497 2775 καλ
511 2708 703 2796 πατριύρχαι,
726 2710 844 2792 μετέστη
862 2710 894 2775 δέ
909 2706 942 2774 τό
960 2711 1108 2791 βασίλειον
1124 2711 1167 2784 είς
1185 2706 1369 2790 ύλλόφυλον,
1390 2733 1432 2772 πι-

289 2809 389 2878 θανόν
401 2814 500 2890 ἔδοξεν
515 2814 547 2877 έν
561 2819 598 2902 τῇ
613 2809 763 2894 ύπολήψει
781 2817 842 2876 τῶν
861 2811 1093 2893 πεπλανημένων
1114 2810 1147 2876 τό
1171 2807 1369 2894 ύπατηδῆναι
1387 2809 1433 2873 καλ

288 2919 406 2997 νομίσαι
422 2910 514 2980 αύτόν
531 2912 661 2999 Χριστόν
678 2909 770 2991 εἶναι,
800 2909 859 2977 όπό
880 2919 934 2994 τῆς
955 2908 1137 2988 ύκολουθίας
1154 2919 1208 2977 τοῦ
1221 2913 1433 2995 προειρημένον

167 3045 220 3090 μς.
234 3035 266 3079 ιε.
291 3020 385 3100 ῥητοῦ
398 3022 467 3094 τού,
493 3013 557 3080 Ούκ
574 3017 698 3096 ἐκλείψει
713 3012 809 3098 ύρηων
829 3015 860 3091 ἐξ
871 3011 983 3093 Ἰούδα,
1005 3015 1061 3089 έως
1079 3011 1116 3080 ῶν
1134 3015 1208 3102 ἔλθη
1233 3006 1433 3101 ᾦύπόκειται

287 3115 340 3194 Ὦς
359 3113 433 3184 είναι
457 3123 544 3182 τοῦτο
569 3113 637 3201 παρ’
659 3113 761 3192 αύτοῖς
783 3117 920 3198 νοητέον,
949 3113 996 3180 ότι
1016 3113 1111 3202 ταύτην
1133 3113 1284 3192 ῶπέκειτο,
1309 3117 1433 3197 ’φασίν

287 3217 435 3296 Ἐξέλιπον
454 3216 510 3304 μύρ
532 3219 656 3298 ἐκεῖνοι,
685 3219 736 3284 καλ
759 3210 848 3293 οὗτος
871 3213 927 3282 ούκ
945 3213 1007 3282 ύπό
1031 3217 1135 3301 γένους
1155 3223 1209 3283 τοῦ
1227 3214 1349 3298 Ἰούδα,
1380 3211 1435 3280 ἄλλ’

288 3319 357 3386 οὔτε
370 3319 446 3395 ὅλως
458 3327 511 3384 τοῦ
526 3317 644 3404 Ἰσραὴλ
659 3317 790 3405 ύπόρχει.
838 3317 938 3406 Ταύτην
958 3319 990 3382 δέ
1010 3315 1145 3384 ύπέκειτο
1161 3315 1236 3383 είναι
1253 3317 1395 3404 Χριστόν.

154 3443 221 3512 Κεφ,
240 3440 271 3514 η’,
371 3419 444 3487 'Au'
455 3422 560 3506 ίλέγχει
570 3419 679 3498 αύτούς
692 3418 713 3504 ἡ
728 3418 892 3486 ύιιολουθία
904 3417 1061 3500 φάσκουσα
1074 3417 1136 3500 ότι,
1158 3417 1259 3495 Αύτός
1272 3421 1435 3503 προςδοτία

287 3527 397 3601 ἐθνῶν,
417 3523 469 3587 καλ
482 3521 529 3588 ἐπ’
545 3520 626 3613 αύτῷ
638 3525 715 3605 λ’θνη
730 3524 871 3588 έλπιοῦσι.
901 3527 999 3587 Ποῖον
1015 3521 1047 3586 δέ
1061 3527 1120 3586 τῶν
1137 3523 1237 3587 ἐθνῶν
1253 3522 1302 3586 ίπί
1316 3517 1434 3607 Ἡρῶδη

286 3624 406 3708 ἤλπισες
435 3632 507 3689 ποῖα
531 3626 563 3690 δέ
584 3627 745 3712 προςδοκλα
768 3626 867 3689 ἐθνῶν
880 3620 1014 3708 Ἡρῶδην
1037 3625 1213 3708 καραδοκείς
1244 3629 1309 3699 πῶς
1334 3623 1371 3688 δέ
1390 3619 1434 3698 τό,

286 3723 460 3811 Ἐκοιμύθη
475 3723 544 3811 παρ’
558 3723 675 3806 αὐτοῖς,
696 3727 874 3810 ἐπληροῦτο,
903 3722 944 3800 ῶς
959 3725 1050 3800 λέων,
1077 3725 1127 3789 καλ
1151 3721 1192 3800 ῶς
1209 3722 1342 3805 σκύμνος
1358 3725 1436 3789 λέον-

286 3853 353 3908 τος,
373 3832 419 3905 τίς
435 3829 559 3914 ἐξεγερεῖ
573 3824 679 3906 αύτόνς
706 3834 767 3892 ποῦ
784 3827 817 3892 δέ
831 3829 953 3892 ἔπλυνεν
977 3828 1010 3892 έν
1026 3828 1126 3909 αἵματι
1148 3823 1200 3907 τόν
1216 3825 1320 3908 στολήν
1342 3821 1436 3890 αύτοῐ

287 3926 307 3994 ό
322 3927 469 4016 Ἡρώδης,
491 3927 558 4012 ἢέν
576 3931 678 4012 αἵματι
692 3935 843 4011 σταφυλῆς
858 3924 890 3994 τό
905 3925 1094 4012 περιβόλαιον
1110 3923 1217 4006 αύτοῶ,
1240 3924 1280 4004 ῶς
1297 3924 1316 3993 ό
1330 3925 1438 4012 κύριος

286 4027 501 4113 ἦμῶνἸησούς
517 4027 645 4115 Χριστός
657 4027 690 4096 τό
705 4036 790 4112 σῶμα
806 4025 899 4095 αύτοῶ
912 4033 1050 4113 δανείσας
1065 4032 1165 4110 αἵματι
1179 4035 1221 4116 τῷ
1233 4032 1309 4118 ίδίφ,
1332 4031 1388 4094 καί
1407 4029 1438 4093 έν

287 4134 387 4213 α’ίματι
404 4139 555 4215 σταφυλῆς
570 4131 603 4196 τό
619 4129 807 4215 περιβόλαιον
819 4127 927 4209 αύτούς
947 4129 1031 4196 Ἀλλδ
1046 4128 1141 4196 νόειδλ
1156 4131 1239 4216 λέγω.
1283 4128 1362 4218 Δρίη
1380 4127 1437 4216 γάρ

286 4253 336 4297 σοι
348 4229 366 4298 ό
377 4231 480 4319 κύριος
499 4231 618 4298 σύνεσιν
633 4233 664 4298 έν
677 4239 777 4298 πᾶσιν.
810 4229 884 4296 Ἵνα
897 4230 954 4318 γδρ
972 4235 1052 4322 δείξῃ
1068 4229 1101 4298 τό
1116 4229 1284 4316 καθάρσιον
1303 4239 1363 4315 τῆς
1384 4235 1438 4296 τοῦ

208 4347 211 4356 “
287 4340 361 4398 λαοῦ
379 4341 432 4398 τοῦ
445 4340 550 4419 κυρίου
565 4332 782 4412 καταστάσεως,
803 4325 878 4416 ἦλθε
894 4332 944 4398 διδ
965 4340 1018 4400 τού
1041 4336 1119 4400 ίδίον
1141 4336 1265 4417 αίματος
1282 4339 1339 4416 τῆς
1355 4335 1439 4398 διδα-

287 4437 408 4510 σκαλίας
424 4443 558 4522 καθᾶραι
574 4435 645 4513 τούς
662 4434 787 4511 ὀδόντας
803 4441 863 4500 τῶν
879 4431 1066 4522 ύνθροίπων,
1096 4432 1167 4512 τούς
1184 4437 1226 4510 εἰς
1241 4431 1313 4518 αίμα
1331 4439 1439 4516 κνίσης

306 4572 364 4625 (διε,
375 4573 394 4623 1.
407 4601 440 4612 -
460 4571 630 4640 1.βασιλεδειν
637 4576 691 4626 odit.
699 4577 776 4638 μήτε.
811 4571 836 4626 2
854 4575 1021 4643 λἀίςοφησιν,
1036 4576 1230 4638 ςυσδυδίίαιιιτιί
1243 4575 1438 4625 mmmmm
