3010 5000
387 375 522 428 ransart
538 376 601 427 nra.
615 378 634 427 1.
652 376 732 428 ron.
746 377 789 428 nr.
805 375 904 428 nana.
915 377 1027 431 xxxv.
1220 368 1281 430 479

128 504 228 576 stere3
260 496 499 578 quemadmodum
517 495 546 559 in
565 495 688 578 singulis
705 496 867 560 refutandis
885 496 1053 560 haeresibus
1072 517 1161 583 saepe
1180 519 1214 562 ac
1232 519 1281 562 co·

129 597 214 681 piosa
239 598 477 662 monstravimus.
522 599 609 662 Adeo
631 609 661 662 ut
683 599 783 662 eadem
806 619 862 684 qua
884 599 913 662 in
935 599 1042 663 ceteris
1066 598 1178 664 ratione
1201 601 1281 663 dete-

129 711 209 764 ctum
228 701 283 780 sit,
316 699 488 764 nebulonem
507 701 586 764 illum
606 723 640 764 ac
658 701 826 786 pestiferum
843 701 987 764 bominem
1005 703 1066 764 sola
1085 703 1280 766 ostentatione

128 803 177 864 sni
192 823 227 867 aa
244 802 414 866 curiositate
430 803 544 866 ductum
560 803 596 866 ad
613 815 669 866 tam
685 801 821 866 iramauia
838 813 970 889 portenta
987 803 1120 886 lingenda
1137 805 1281 870 lubrican-

128 905 224 990 daque
247 905 377 968 venisse.

215 1005 304 1071 Nune
320 1006 398 1070 illius
416 1027 449 1072 ac
466 1003 683 1070 Mareosiornm
701 1005 849 1090 impietate
869 1007 1026 1092 praeterita
1043 1007 1077 1070 ad
1096 1008 1168 1073 alias
1186 999 1280 1074 trans·
1316 1025 1375 1093 cap.

129 1129 249 1188 eamus,
282 1129 439 1193 earumque
464 1119 494 1173 et
517 1109 677 1172 evellamus
696 1109 810 1172 radices
835 1119 864 1171 et
882 1097 1080 1172 amarissimos
1100 1110 1208 1174 deuotus
1226 1114 1280 1175 tol·
1298 1095 1395 1146 xttttt.

129 1213 225 1276 lamus
244 1213 391 1290 emedio,
423 1233 457 1275 ac
474 1211 712 1296 quemadmodum
732 1209 824 1274 relelli
842 1211 970 1296 possint,
1002 1233 1133 1296 quaeque
1150 1214 1185 1278 ad
1203 1214 1281 1298 ipsos

129 1316 278 1400 pertinent
294 1312 430 1377 universa
449 1314 628 1391 celeremus3
653 1333 712 1376 nou
728 1323 760 1375 ut
775 1312 938 1396 legentibus
958 1313 1049 1377 lraudi
1066 1315 1120 1378 ista
1136 1316 1206 1394 sint,
1230 1317 1281 1378 sed

130 1426 164 1480 nt
179 1415 215 1479 ab
232 1417 288 1480 illis
305 1415 500 1493 abhorreant,
525 1435 619 1498 neque
638 1415 673 1477 ad
690 1435 776 1478 unam
795 1415 918 1499 aliquam
937 1435 1034 1478 earum
1055 1438 1127 1501 quas
1145 1417 1282 1502 exposui·

128 1539 197 1582 mas
211 1527 261 1581 aut
276 1517 490 1602 insequentium
505 1518 663 1598 accedant,
688 1517 740 1580 sed
756 1516 805 1580 nbi
823 1537 894 1601 quae
912 1517 948 1580 ab
965 1517 1021 1580 illis
1037 1520 1144 1604 scripta
1160 1528 1228 1582 sunt
1241 1518 1282 1583 le·

127 1620 239 1706 gerint,
263 1620 436 1704 saepiusque
453 1622 604 1683 decantata
621 1607 825 1704 cognoverint,
850 1619 964 1682 illorum
981 1619 1130 1683 erroribus
1146 1641 1180 1684 ae
1195 1641 1283 1685 verre·

129 1734 200 1786 arata
226 1721 410 1808 improbitate
435 1724 568 1785 damnata
595 1719 706 1805 lugiunt
731 1721 850 1806 procul,
885 1743 918 1784 ac
943 1721 1060 1806 propius
1088 1743 1121 1784 se
1147 1724 1282 1786 conterre

129 1835 302 1890 vereantur.
347 1822 505 1910 Dipsadem
524 1823 666 1908 qnandarn
690 1843 706 1886 e
726 1823 889 1906 viperarum
912 1843 1022 1907 genere
1040 1843 1107 1888 csse
1125 1824 1281 1888 memoriae

129 1927 275 2012 proditum
292 1937 355 2005 est,
382 1945 457 2011 quae
474 1925 637 1990 istiusmodi
656 1924 736 1988 virus
753 1925 896 1988 immittat.
944 1922 1018 1990 Cum
1038 1927 1114 1989 enim
1132 1928 1282 1990 excavatis

130 2029 162 2092 in
180 2028 316 2113 rupibus,
341 2048 415 2112 quae
432 2027 587 2091 stillantem
604 2048 621 2091 e
638 2027 721 2092 saxis
737 2027 879 2110 liquorem
895 2027 1056 2113 excipiunt,
1079 2049 1181 2113 aquam
1199 2039 1282 2092 nacta

128 2130 255 2208 biberit,
286 2151 349 2193 eant
368 2142 469 2215 postea
485 2151 602 2193 veneno
620 2151 674 2193 suo
692 2131 735 2193 sio
753 2129 861 2208 inficit,
892 2140 923 2194 ut
938 2131 962 2194 si
984 2131 1059 2214 quod
1079 2131 1184 2194 animal
1202 2130 1284 2194 deln-

130 2253 203 2317 ceps
219 2253 259 2296 ex
276 2253 311 2295 ea
330 2230 493 2317 potaverit,
517 2253 582 2295 oum
599 2231 692 2295 iuvari
709 2253 745 2295 ae
762 2231 838 2296 sitim
856 2233 988 2295 relevare
1008 2233 1103 2296 visum
1121 2234 1224 2311 luerit,
1248 2235 1282 2297 ad

128 2344 309 2400 venenatam
331 2335 423 2418 ipsum
448 2353 541 2420 oquae
564 2333 778 2419 receptaculum
800 2334 895 2397 subito
918 2335 1059 2398 moriatur
1080 2356 1115 2398 ac
1136 2336 1281 2399 concidat.

131 2434 221 2521 Quod
240 2436 265 2500 si
283 2457 367 2521 quem
387 2436 437 2498 illa
455 2435 660 2516 momorderit,
691 2436 777 2520 ignea
796 2436 900 2499 veneni
918 2437 963 2500 vis
981 2436 1183 2502 vehementius
1202 2459 1284 2521 gras-

130 2559 203 2602 sans
221 2537 367 2624 ingentem
384 2539 462 2602 sitim
480 2537 581 2617 allent,
613 2547 642 2601 et
664 2538 699 2600 ad
719 2537 835 2601 assidue
853 2539 1006 2622 potandum
1026 2539 1202 2604 intolerabili
1217 2560 1283 2603 cum

131 2640 235 2704 dolore
258 2639 414 2724 compellit.
468 2635 525 2704 Cui
548 2639 661 2724 quidem
689 2640 803 2703 letilero
827 2640 919 2703 dolori
945 2641 1011 2703 dom
1039 2640 1079 2703 ita
1108 2663 1141 2704 se
1163 2641 1283 2704 renuedii

131 2742 242 2804 afferre
260 2741 364 2826 aliquid
383 2741 550 2821 existimat,
574 2743 602 2805 in
622 2741 724 2806 eodem
741 2741 805 2806 loco
822 2742 1067 2832 ventredistento
1084 2765 1138 2807 nee
1154 2743 1283 2807 humoris

131 2843 285 2928 quicquam
305 2843 427 2929 amplius
445 2845 594 2929 capiente,
627 2867 691 2908 oum
709 2855 778 2930 potu
798 2864 868 2907 mox
887 2844 1013 2907 animam
1030 2845 1185 2928 prolandit.
1232 2842 1283 2910 Sic

130 2947 182 3009 ille
199 2967 263 3010 cnm
281 2945 456 3011 inexhausta
473 2957 557 3032 potus
571 2945 709 3010 aviditate
725 2946 787 3012 suis
802 2947 924 3011 exitium
941 2945 1107 3011 consciscit.
1152 2945 1211 3012 Sed
1230 2968 1283 3011 uos

131 3048 169 3112 ab
193 3067 229 3112 eo
251 3067 367 3112 veneno
390 3049 488 3112 divina
511 3069 565 3134 ope
587 3048 701 3112 liberati
723 3047 851 3132 reliquas
873 3051 908 3112 ad
932 3049 1071 3113 haereses
1085 3058 1281 3114 transeamus.

334 3692 586 3769 cudunt
627 3692 1087 3787 coadunastds

369 3837 450 3907 quae
478 3819 529 3886 est
554 3813 701 3888 haeresis
721 3813 796 3887 XV.
823 3815 894 3890 sive
913 3815 1054 3889 XXXV.

219 3961 359 4046 Sequitur
375 3959 572 4044 Colorbasns,
603 3965 650 4048 qui
673 3964 709 4027 ab
731 3965 833 4028 iisdem
851 3961 945 4029 Marci
962 3965 1127 4049 praestigiis
1149 3985 1218 4028 suas
1240 3965 1284 4028 iu·
1303 3975 1393 4044 Capt.

129 4066 228 4154 eptias
243 4066 419 4150 corrogavit.
465 4064 544 4149 Quin
561 4077 644 4130 etex
661 4063 821 4130 Ptolemaei
838 4067 981 4129 radicibus
995 4069 1118 4132 sentium
1136 4089 1171 4130 ac
1187 4067 1284 4153 spina-

129 4191 199 4236 rum
216 4168 312 4231 instar
326 4189 481 4253 erumpens
501 4191 593 4233 novas
611 4170 746 4252 quasdam
768 4168 919 4253 opiniones
937 4179 1117 4232 remanentne
1137 4181 1198 4248 est,
1222 4171 1284 4253 qui·

129 4273 189 4336 bns
206 4272 287 4335 velut
303 4271 412 4334 aculeis
432 4271 562 4334 homines
580 4271 752 4349 infestaret,
785 4273 851 4334 dunt
870 4272 996 4334 maiores
1014 4292 1105 4355 nugas
1122 4292 1156 4334 ao
1171 4272 1284 4336 somnia

131 4374 215 4440 velut
232 4395 248 4438 e
266 4375 349 4438 coelo
367 4374 502 4458 delapsus
521 4374 638 4438 effutiit.
683 4369 754 4437 Fuit
769 4373 796 4436 ei
817 4373 938 4458 primum
957 4394 1021 4438 cum
1038 4371 1142 4438 lllarco
1158 4373 1285 4440 societas

170 4565 228 4646 css.
243 4595 263 4644 l.
282 4621 314 4634 -·
334 4595 354 4648 l.
371 4599 478 4647 Fortasse
494 4593 575 4664 indeq.
725 4595 748 4645 ¹2.
765 4597 933 4658 decantari.
967 4595 1032 4645 Libri
1048 4597 1132 4648 babeat
1147 4594 1251 4658 τούτοις.
