2986 4996
398 382 556 432 nrtsrouu
580 381 623 432 nu
640 380 856 434 seruaturum.
1181 369 1199 430 5

62 493 128 566 ,lloc
142 497 210 560 enim
231 518 403 582 persuasum
422 497 577 579 babemus,
601 498 627 564 si
646 498 759 584 quidem
779 519 911 563 essemus
926 499 1022 584 digni,
1047 499 1200 564 venientes

66 598 100 660 ad
119 607 180 662 tect
196 599 347 663 audientes
367 622 420 664 nos
438 603 467 664 in
487 621 524 663 eo
539 600 695 664 sanctioris
712 599 791 664 vitae
806 619 916 682 genere
932 601 1007 684 quod
1026 599 1199 684 arripuimus

64 701 249 765 confirmatum
270 702 325 780 iri,
357 703 509 766 dummodo
527 715 690 766 extremum
714 703 791 765 illius
813 723 848 764 ac
870 723 1011 765 summum
1034 723 1199 766 mereamur

64 803 178 885 assequi.
222 800 462 887 Quandoquidem
482 805 569 886 igitur
586 805 709 866 aduersa
729 803 893 866 valetudine
912 803 1084 888 premimur,
1109 803 1198 886 pieta-

63 912 114 965 tem
131 915 202 967 tuam
217 905 410 968 uehementer
423 927 557 983 oramus,
582 915 613 968 ut
631 926 730 968 eorum
747 903 831 968 nobis
849 905 1080 968 communionem
1098 925 1136 968 nc
1153 904 1198 967 in·
1238 983 1247 999 ·

62 1006 150 1069 rideas
170 1027 245 1090 quae
266 1007 296 1070 in
314 1017 343 1070 te
360 1027 465 1070 revera
484 1017 552 1069 suunt
570 1029 586 1070 a
603 1007 752 1070 salvatore
769 1007 886 1069 collata.
930 1004 1048 1069 Etenim
1067 1027 1126 1069 trun
1143 1027 1197 1069 nos

61 1107 109 1190 ipsi
129 1108 237 1187 solnm,
269 1109 321 1172 sed
345 1119 376 1171 et
397 1109 545 1187 universi,
576 1110 625 1191 qui
649 1109 820 1185 audierunt,
851 1127 957 1170 norum
983 1117 1013 1170 te
1032 1107 1195 1193 apostolum

60 1229 279 1294 praeconemque
295 1210 501 1274 confitentnra
519 1205 639 1274 Christo
656 1207 738 1272 nubis
757 1208 811 1271 han
826 1218 922 1271 aetate
939 1209 1121 1294 productum,
1144 1231 1196 1272 ve-

58 1310 96 1372 lut
114 1311 231 1374 alterum
254 1312 396 1395 quendam
415 1309 572 1388 loannem,
604 1322 636 1374 ut
657 1331 693 1374 ea
715 1310 900 1394 praeciperes
921 1331 995 1394 quae
1016 1310 1053 1374 ab
1074 1311 1111 1375 iis
1133 1333 1196 1375 ser-

59 1413 142 1476 uanda
160 1423 231 1477 sunt
253 1413 301 1497 qui
323 1433 391 1476 sese
411 1414 442 1476 in
462 1411 530 1476 illud
549 1413 723 1476 curriculum
740 1411 951 1476 summiserint.
997 1409 1194 1494 Quamobrem

59 1534 113 1575 cum
129 1511 288 1578 Marcellus
309 1513 470 1578 eommunis
489 1523 619 1578 nostrum
640 1514 768 1577 omnium
791 1515 881 1577 irater
902 1524 999 1578 tantae
1022 1515 1115 1578 lemae
1135 1535 1196 1576 ma-

57 1615 194 1694 gnitudine
214 1617 380 1680 stimulatus
402 1617 437 1679 ud
458 1627 485 1679 te
502 1615 619 1700 pietatis
638 1627 705 1678 tuae
724 1615 870 1680 desiderio
888 1616 1071 1694 traheretur,
1104 1615 1196 1680 idem-

58 1737 103 1798 que
122 1717 302 1781 munasterio
321 1729 422 1781 nostro
441 1729 521 1781 esset
539 1717 717 1802 adscriptus,
751 1716 897 1781 homiuem
916 1719 992 1781 nauti
1012 1717 1058 1802 qui
1080 1717 1194 1800 longin-

56 1818 151 1900 quitate
173 1829 256 1882 tanta
275 1818 390 1882 itineris
412 1828 512 1882 nostru
534 1819 600 1882 viee
619 1820 805 1904 fungeretur,
837 1821 938 1883 rudem
960 1819 1053 1883 adhue
1071 1830 1102 1882 et
1122 1819 1193 1882 tiro·

55 1940 128 1996 nen,
159 1921 226 1983 huic
245 1921 300 2005 ipsi
320 1930 522 2005 peecatorum,
545 1919 671 1984 omnium
691 1920 827 1984 videlicet
845 1932 993 2000 nestrum,
1024 1919 1195 2006 postulatio-

52 2042 111 2084 nem
127 2022 161 2085 ad
179 2033 209 2086 te
227 2019 339 2088 Christi
357 2022 527 2108 discipulum
543 2021 762 2108 perferendam,
787 2022 872 2107 paulo
891 2043 955 2086 eam
973 2023 1087 2106 quidem
1105 2023 1195 2085 auda·

52 2123 168 2201 cionem,
193 2124 405 2188 mandavimus.
450 2121 605 2187 Petitionis
621 2145 710 2208 porro
728 2135 847 2188 nostrae
864 2145 977 2188 summa
994 2122 1066 2187 baec
1082 2134 1139 2202 est,
1163 2135 1195 2186 ut

51 2246 117 2307 quae
134 2225 280 2289 nonnuliis
298 2225 434 2289 iratribus
453 2225 570 2302 dixisti,
601 2245 636 2289 ee
654 2226 689 2288 ad
704 2236 838 2288 nostram
857 2224 1070 2289 institutionem
1087 2225 1193 2311 imper-

50 2327 92 2388 tiri
109 2349 168 2390 nun
184 2327 330 2412 graveris.
376 2324 461 2410 Quod
478 2339 509 2390 ut
526 2325 578 2390 tibi
593 2325 702 2389 homiui
719 2326 796 2390 iusto
812 2327 963 2392 molestum
982 2350 1040 2392 non
1056 2328 1129 2406 erit,
1153 2327 1192 2390 ita

48 2428 127 2492 nohis
152 2429 370 2512 peecatoribus,
401 2429 427 2492 si
448 2429 604 2514 impetrare
626 2429 822 2512 potuerimus,
853 2428 1002 2512 ingentem
1025 2431 1053 2492 in
1076 2429 1192 2493 dominu

47 2528 181 2594 laetitiam
203 2551 238 2593 ae
259 2532 437 2616 voluptatem
460 2532 583 2595 adferet.
629 2525 704 2594 Cum
722 2530 797 2592 euim
813 2529 991 2614 spiritalibus
1010 2532 1067 2594 tuis
1080 2551 1193 2595 sermo·

48 2631 128 2694 nibus
147 2633 302 2710 satiamur,
333 2633 516 2716 iniquitatum
534 2643 700 2696 nostrarum
720 2651 810 2694 onere
828 2631 1026 2696 sublevamur.
1073 2634 1119 2695 Ac
1139 2655 1192 2694 no-

46 2733 120 2796 mina
139 2735 253 2818 quidem
270 2735 351 2819 ipse,
381 2754 455 2817 quae
471 2755 487 2796 a
504 2743 532 2796 te
551 2744 619 2798 sont
636 2733 807 2797 haeresibus
824 2733 976 2818 imposita,
1005 2734 1063 2796 iam
1079 2734 1192 2796 audivi·

46 2859 118 2899 nus.
163 2833 252 2899 Nunc
273 2835 499 2918 uniuscuiusque
521 2845 620 2898 sectae
643 2837 746 2920 dogma
767 2835 918 2919 perspicue
940 2833 1081 2898 declarari
1102 2857 1119 2898 a
1142 2845 1191 2904 tua

45 2939 151 3021 pietate
166 2938 309 3023 cupimus.
354 2935 420 3000 lloe
439 2937 516 2999 enim
533 2957 686 3000 commuue
704 2957 853 3021 exaequo
871 2937 976 3000 dunum
995 2947 1040 2999 est
1059 2937 1192 3000 omnibus

45 3041 181 3103 loturum.
227 3037 305 3102 Tum
321 3037 389 3102 illud
407 3039 496 3102 enixe
512 3060 665 3123 rogamus,
688 3050 720 3101 ut
737 3059 790 3124 pro
808 3039 967 3117 universis,
991 3037 1039 3121 qui
1059 3037 1098 3101 tui
1115 3039 1191 3100 desi-

44 3143 123 3204 derio
142 3151 295 3219 tenentur,
327 3140 432 3224 quique
450 3141 518 3204 illud
539 3163 555 3204 a
576 3151 604 3203 te
621 3161 726 3203 munus
744 3151 918 3225 expectant,
952 3150 1001 3220 tu,
1033 3138 1191 3223 quiinstus

43 3263 88 3321 es,
122 3241 269 3304 dominum
291 3243 431 3326 preceris.
477 3239 598 3306 luterim
621 3263 674 3304 uos
693 3240 723 3303 in
743 3240 854 3305 ieiuuio
875 3250 906 3304 et
920 3240 1053 3304 erutione
1070 3241 1103 3304 ud
1121 3241 1190 3304 illud

43 3344 228 3406 obtinendum
244 3341 426 3428 persistimus
447 3353 480 3406 ut
497 3343 588 3405 trater
608 3343 656 3406 ille
681 3354 782 3406 noster
801 3342 927 3426 benigne
950 3364 966 3405 a
989 3352 1018 3406 te
1037 3354 1190 3427 susceptus

43 3459 189 3532 acceptum
207 3445 276 3508 illud
295 3466 399 3508 munus
417 3446 452 3506 ad
469 3465 522 3508 nos
538 3454 688 3528 reportet,
712 3455 798 3528 atque
813 3445 852 3507 ita
868 3445 940 3522 deo,
964 3444 1055 3528 patri,
1080 3444 1137 3506 tilio
1155 3467 1189 3506 ae

41 3547 154 3634 spiritui
168 3557 271 3612 sanctu
286 3547 389 3609 solitas
407 3567 509 3631 preces
526 3543 694 3611 offeramus.
741 3543 853 3610 Omnes
871 3545 964 3608 nostri
980 3545 1086 3610 iratres
1103 3545 1188 3608 valde

40 3651 185 3714 confidunt
210 3648 283 3712 fusis
304 3669 319 3710 a
343 3658 372 3709 te
393 3669 446 3732 pro
462 3647 532 3731 ipsis
550 3648 685 3732 precibus
704 3668 771 3712 sese
791 3668 968 3732 magnopere
989 3647 1188 3712 confirmatum

39 3751 81 3815 iri.
132 3747 261 3814 Oramus
283 3759 311 3813 te
333 3759 366 3812 ut
388 3749 436 3832 qui
453 3749 579 3812 divinam
599 3748 796 3834 apestolorum
809 3749 934 3834 gratiam
949 3760 1124 3813 consecutus
1140 3769 1185 3824 es,

38 3855 111 3937 qnod
136 3853 262 3937 petimus
286 3871 323 3913 ne
346 3850 475 3913 tribuere
494 3849 652 3914 cuncteris.
697 3849 799 3915 Pusilli
818 3872 939 3931 omnes,
972 3850 1067 3936 quiin
1087 3871 1187 3912 monu-

37 3955 135 4019 steriis
153 3955 279 4035 degunt,
310 3954 396 4016 deum
418 3961 592 4036 precantur,
621 3963 654 4014 ut
674 3973 692 4016 a
710 3962 738 4016 te
755 3951 885 4036 spiritale
904 3954 1009 4016 douum
1026 3951 1094 4014 illud
1113 3949 1187 4013 obti-

37 4068 137 4122 neant.
181 4051 291 4119 Valere
312 4065 341 4116 te
358 4053 388 4116 in
407 4052 523 4116 domino
541 4073 575 4116 ae
593 4053 698 4116 laetum
715 4053 832 4117 assidue
851 4055 958 4140 degere
976 4063 1108 4136 optamus
1125 4051 1187 4138 plu-

36 4159 159 4236 rimum,
189 4166 219 4220 et
237 4155 423 4220 cometissam
449 4154 498 4218 tibi
518 4154 653 4218 thronum
675 4155 706 4219 in
728 4155 831 4239 spiritu
848 4166 969 4232 sancto,
1000 4153 1186 4240 divinumque

37 4261 108 4323 tueri
134 4279 256 4338 munus,
292 4257 387 4322 donec
409 4277 473 4320 eam
497 4277 572 4340 quac
594 4267 623 4320 te
647 4267 745 4320 manet
767 4241 904 4320 eoronam
927 4260 956 4318 in
978 4255 1061 4319 coelo
1082 4275 1187 4318 corusc-

36 4363 146 4444 quatis.

515 4511 712 4521 —........--
