3006 4990
294 263 432 316 neuneu
449 263 526 316 nov.
542 229 712 314 messene
730 263 792 314 unu
806 263 826 313 r.
843 261 924 314 ron.
937 263 956 312 r.
1160 251 1197 316 81

79 381 173 446 ilornm
192 381 399 448 infelicissimis
419 381 587 465 relegendis
609 379 767 459 institutis,
796 379 899 466 partina
921 379 1050 444 letalium
1074 401 1108 444 ac
1131 401 1196 466 per-

79 483 229 548 niciosorum
251 483 429 572 serpentium
451 483 575 547 venenis
597 482 680 545 hrevi
701 482 834 546 oratione
856 480 1056 548 retundendis.

351 586 477 638 Hactenus
494 583 526 634 de
543 581 752 636 Samaritanorum
769 583 843 634 sectis
861 585 902 635 tv.

467 821 783 900 IUDAISMUS

367 943 435 1020 v11
465 943 502 1018 in
535 949 641 1019 sectas
675 942 883 1018 distributus·

309 1129 531 1207 c‘oht'ltn
557 1127 937 1222 secedentes,

189 1276 269 1349 quiae
296 1257 349 1325 est
373 1249 478 1347 prima
502 1248 662 1324 Iudaismi
685 1253 792 1340 secla,
826 1247 941 1322 ordine
965 1247 1059 1324 xlv.

142 1383 209 1450 Post
234 1387 299 1450 illas
324 1381 574 1449 Samaritanorum
597 1404 615 1447 a
638 1381 721 1445 nohis
744 1393 927 1445 enumeratas
953 1379 1190 1469 Graecorumque
1209 1393 1269 1464 cup.
1286 1401 1305 1450 t.

75 1498 154 1552 actas
177 1499 287 1572 septem
314 1485 388 1570 apud
411 1482 534 1548 ludaeos
556 1495 625 1548 aute
647 1480 756 1549 Christi
785 1482 893 1546 domini
915 1485 1071 1549 adventum
1092 1489 1122 1549 in
1145 1486 1194 1557 ln-

75 1589 132 1652 daes
151 1601 235 1674 atque
257 1587 471 1672 Hierosolymis
494 1586 665 1649 extiterunt.

141 1690 249 1754 llornm
269 1688 352 1775 primi
377 1689 459 1752 luere
477 1684 638 1752 Sadducaei
658 1705 675 1749 a
692 1683 835 1750 Dositheo
856 1685 906 1749 illc
930 1687 1090 1772 propagati.
1136 1687 1194 1774 Qui

74 1791 187 1856 nimirum
205 1789 395 1856 Sadducaeos
414 1809 447 1852 se
465 1810 484 1852 a
504 1787 614 1852 iustitia
637 1788 797 1852 nominant.
841 1784 939 1854 Sedet
958 1789 1034 1853 enim
1055 1790 1194 1856 iustitiam

74 1893 207 1976 significat.
254 1888 315 1955 Sed
331 1901 361 1956 et
375 1889 472 1956 Sadcc
490 1890 603 1974 quidam
619 1909 659 1953 ex
676 1889 803 1972 arrdqnis
817 1888 1017 1954 sacerdotibus
1035 1893 1195 1977 appellatus

74 2005 119 2058 est.
158 1993 268 2060 Verum
290 1992 338 2056 isti
354 2012 371 2054 a
385 1993 516 2076 magistri
538 1992 669 2054 doctrina
686 1989 882 2054 desciverunt.
926 1987 1044 2054 Etenim
1066 2005 1195 2058 mortuo·

72 2115 124 2158 rum
146 2095 388 2161 resurrectionem
413 2092 612 2172 sustulernotq
642 2092 671 2154 in
695 2113 752 2175 quo
777 2113 841 2154 eum
867 2087 1059 2158 Samaritauis
1086 2116 1195 2158 eonve-

72 2195 150 2260 ninnt.
192 2195 254 2262 Sed
271 2195 391 2280 angelos
407 2205 607 2278 contraquam
624 2190 801 2258 Samaritani
821 2193 990 2277 repudient,
1012 2215 1048 2258 ac
1062 2197 1194 2282 spiritum

72 2309 184 2363 sanctum
209 2299 366 2382 ignorant,
399 2317 484 2382 quem
511 2316 566 2359 nec
588 2295 722 2381 accipere
744 2305 924 2360 mernerunt.
968 2293 1080 2360 Eadem
1106 2319 1194 2382 porro

72 2417 125 2462 enm
141 2399 332 2466 samaritanis
346 2399 479 2464 instituta
500 2397 676 2462 custodiunt.
720 2395 903 2481 Quamquam
919 2393 1037 2478 ludaei,
1060 2420 1117 2462 non
1139 2395 1196 2464 Sa-

71 2502 185 2566 nen'tani
202 2504 332 2565 luerunt.
378 2497 526 2584 Siquidem
544 2497 758 2584 Hierosolymis
780 2497 998 2577 sacrificabant,
1023 2509 1195 2586 caeteraque

71 2607 153 2666 cunia
173 2626 237 2668 cnm
260 2601 377 2668 ludaeis
396 2600 587 2664 communiter
605 2599 757 2684 gerebant.
801 2600 900 2684 Atque
924 2599 978 2664 hos
1001 2601 1115 2685 quidem
1139 2623 1196 2680 una

71 2697 167 2768 Christi
185 2703 295 2770 domini
316 2702 462 2767 senoeutia
484 2701 562 2766 omni
585 2701 639 2765 fide
659 2702 745 2786 digna
767 2710 950 2784 prosternet,
974 2721 1057 2785 quam
1079 2703 1133 2788 ipsi
1156 2726 1196 2768 ex

70 2805 219 2890 propositae
237 2805 418 2890 quaestionis
436 2803 627 2867 dissolutione
649 2802 679 2866 ln
702 2802 816 2888 seipsos
839 2813 1053 2886 provocarunt,
1076 2807 1195 2870 eumad

69 2923 123 2968 eum
150 2909 324 2970 aecedentes
357 2915 497 2990 rogarunt
529 2903 631 2968 herine
661 2914 760 2988 posset
792 2915 973 2970 mortuorum
1002 2909 1191 2972 resurrectio.
1207 2917 1292 3014 gug-

67 2999 129 3070 ltem
147 3009 236 3072 inisse
252 3018 391 3092 septenos
408 3007 535 3085 iratres,
558 3025 680 3090 quorum
695 3005 803 3089 primns
822 3025 917 3070 uxore
937 3007 1021 3069 ducta
1043 3027 1107 3071 cnm
1131 3008 1194 3073 sine
1238 3001 1245 3025 '

67 3105 154 3173 liberis
177 3109 372 3186 decessisset,
402 3108 546 3171 secundus
568 3127 631 3170 eam
658 3106 791 3192 excepit,
821 3126 861 3170 ex
880 3103 977 3172 Masis
1003 3109 1194 3194 praescripto,

67 3207 107 3288 qni
123 3211 187 3275 viro
210 3212 275 3276 sine
295 3209 396 3274 liheris
413 3209 548 3274 deluncto
566 3208 723 3272 succedere
742 3211 861 3272 fratrem
880 3208 911 3272 in
931 3207 1009 3272 illius
1031 3211 1195 3295 coniugium

68 3307 154 3392 ussit,
178 3313 355 3394 viduamque
372 3310 496 3388 ducere,
519 3332 577 3394 quo
597 3310 627 3372 in
651 3311 756 3374 mortui
776 3329 881 3373 nomeu
897 3310 1098 3394 posteritatem
1113 3312 1195 3377 exci-

68 3419 140 3476 taret.
182 3413 303 3480 Accidit
319 3412 419 3496 igitur,
442 3411 569 3488 aiebant,
594 3421 624 3474 ut
639 3411 716 3476 illam
731 3409 840 3497 primus
856 3432 891 3474 ac
908 3414 1053 3476 secundus
1070 3433 1194 3478 uxorem

67 3509 205 3580 habuerint
220 3537 257 3580 ac
274 3513 378 3578 mortui
392 3513 463 3592 sint,
486 3524 653 3599 septemque
668 3512 767 3577 itidem
781 3533 894 3576 omues
929 3511 962 3576 ln
978 3515 1195 3579 resurrectione

65 3615 148 3698 ltaque
164 3627 348 3682 mortuorum
366 3615 447 3678 euius
464 3615 535 3678 haee
550 3634 628 3678 uxor
644 3615 717 3694 erit,
740 3612 968 3698 quandoquidem
983 3626 1094 3701 septem
1116 3615 1194 3680 illam

66 3717 205 3804 ccmugem
227 3717 412 3782 hahuerunt?
452 3717 499 3780 Ad
521 3716 593 3780 haec
610 3715 742 3780 dominus
760 3715 800 3780 ita
818 3716 984 3801 respondit:
1013 3721 1129 3780 Errant
1146 3740 1195 3780 ne·

63 3822 166 3882 meam
184 3825 347 3900 seraptenas
363 3839 399 3880 cc
419 3823 548 3880 cerastem
563 3822 627 3894 det',·
650 3821 679 3880 in
702 3822 907 3880 resurrectione
927 3821 999 3880 enain
1021 3831 1193 3882 mortuoram

62 3938 137 4000 teque
155 3943 265 3986 scores
285 3925 408 3994 ducum,
436 3941 524 4002 neque
543 3921 669 3994 cudunt,
696 3923 747 3982 ced
764 3941 851 4001 poree
868 3931 938 3982 sunt
951 3925 1071 4001 angeles.
1114 3924 1195 4000 Quod

62 4033 139 4084 utere
157 4027 268 4086 nortui
280 4032 446 4102 maregart,
469 4025 584 4101 Moyses
601 4044 649 4084 aas
667 4026 761 4096 dccet,
785 4025 915 4102 quonam
934 4026 975 4084 r'tc
993 4026 1062 4084 decre
1080 4025 1129 4084 idle
1147 4045 1193 4086 re-
1204 4049 1341 4106 mm

60 4128 173 4199 ment:
196 4129 266 4204 Ego
287 4144 348 4184 scm
367 4126 435 4184 deus
450 4124 594 4197 Adrum,
618 4135 646 4184 et
655 4128 733 4186 deus
747 4127 846 4198 dcccc,
869 4135 898 4186 et
917 4127 987 4185 ὼω
1000 4125 1101 4198 1acct,
1125 4127 1192 4188 deus

61 4227 168 4288 moran
184 4247 246 4289 non
261 4237 444 4286 sacratorum.
490 4222 534 4288 lta
555 4245 589 4288 os
604 4223 662 4288 illis
680 4223 812 4288 occlusit.
858 4219 975 4288 Faciles
991 4224 1070 4289 enirn
1088 4225 1124 4288 ad
1146 4245 1193 4290 re-

60 4321 202 4392 ledeudum
227 4336 315 4402 suut,
338 4347 393 4390 nec
415 4325 462 4392 vel
484 4324 567 4390 hreni
588 4325 682 4411 spatio
703 4325 821 4389 veritati
842 4336 965 4411 possunt
986 4325 1138 4392 resistere.

101 4423 377 4484 emmiu.
953 4431 972 4506 f,
