3008 4996
328 272 460 326 rennuit
478 273 573 324 ΜΗ.
591 274 672 328 Tol.
688 275 722 326 ll.
737 275 836 326 mli.
849 275 969 328 xxvirt.
1162 267 1223 330 227

72 395 102 452 in
120 389 177 454 alia
189 368 329 474 quaedam
345 392 420 456 muln
438 403 625 457 transversos
642 393 769 456 lectores
783 391 972 477 abripiamus.
1016 391 1178 460 Enimvero
1196 397 1221 460 si

73 492 138 576 quis
163 492 259 555 iudicii
281 492 411 558 nonuibil
432 494 552 572 babeat,
583 494 683 558 inanis.
702 493 820 560 omuino
842 505 874 557 et
894 495 1015 560 ridicula
1036 496 1149 561 illorum
1171 498 1222 561 do·

72 593 166 656 ctrina
188 593 438 678 comprobabitur,
468 616 542 683 quae
560 607 589 658 ct
608 595 643 660 ab
662 595 800 680 apostolis
820 595 955 660 salsitatis
972 597 1122 676 convicta,
1154 609 1221 664 ete

70 693 253 779 sapientibus
270 696 420 775 damnate,
449 707 479 760 et
500 717 517 760 n
538 697 592 760 den
609 695 730 782 ipseque
755 697 828 760 adeo
854 697 987 762 veritatis
1005 699 1219 785 praedicatione

70 807 119 858 est
137 795 242 858 eiecta.

156 893 315 962 Caeterum
335 897 421 964 iidem
438 899 479 967 illi
497 897 708 978 blesintbiani,
740 899 784 963 sic
805 899 882 964 eninr
903 900 1088 985 accepimus,
1120 901 1217 986 appel·
1230 911 1366 980 cipum.

70 999 181 1062 lentur.
212 996 317 1064 Utrum
333 1021 406 1066 vero
424 996 582 1066 Corinthus
598 1001 663 1087 ipsc
677 999 846 1066 bleriutlrus
859 1001 916 1064 alio
933 1001 1051 1066 uomina
1068 1003 1107 1068 eit
1123 1003 1216 1072 tirius

69 1099 180 1183 liquido
199 1102 313 1164 nescire
328 1123 375 1168 mc
392 1103 502 1165 lateore
526 1123 566 1166 arr
578 1114 696 1187 praeter
716 1103 791 1168 bunc
810 1103 885 1167 alter
903 1121 939 1194 eo
957 1103 1076 1168 nomine
1089 1105 1216 1190 appella·

68 1211 119 1263 tus
137 1201 286 1281 estiterit,
310 1204 426 1266 adiutor
441 1203 520 1267 illius
535 1215 568 1266 et
578 1205 694 1283 socius,
717 1204 747 1268 id
763 1205 877 1288 quidem
892 1205 947 1272 soli
966 1206 1020 1270 deo
1035 1217 1214 1291 compertum

68 1313 128 1366 est.
174 1302 239 1366 lloc
255 1303 331 1366 enim
352 1325 439 1390 saepe
457 1305 512 1368 ism
531 1305 675 1385 diximus,
698 1327 757 1369 non
779 1305 872 1390 iprum
890 1307 984 1370 solum
1000 1305 1214 1392 Hierosolymis

67 1406 240 1487 frequenter
260 1405 399 1489 epostnlis
414 1407 575 1482 restitisse,
605 1408 657 1470 scd
673 1417 704 1470 et
721 1406 771 1490 qui
793 1427 859 1470 eum
881 1407 910 1472 iu
930 1407 1006 1472 Asia
1023 1419 1091 1472 sunt
1105 1409 1211 1474 secuti.

67 1504 167 1588 Atque
185 1517 216 1568 ut
237 1527 311 1568 unus
328 1506 461 1591 idemque
478 1508 535 1586 sit,
566 1519 616 1572 aut
633 1509 706 1572 alius
721 1509 850 1574 eirrsdem
870 1527 934 1572 unm
951 1508 1002 1572 illo
1016 1508 1161 1595 opinionis
1182 1519 1213 1572 et

66 1606 192 1690 partium
210 1609 323 1685 lector,
347 1608 419 1671 nibil
432 1609 588 1672 admodum
603 1613 705 1673 relect.
750 1607 859 1674 Forma
879 1611 992 1693 quidem
1016 1610 1211 1694 nequissimus

65 1708 182 1772 illorum
198 1708 350 1772 doetrinae
365 1731 401 1773 ao
422 1710 503 1774 velut
523 1721 593 1775 nota
610 1712 732 1795 qrradam
753 1711 894 1776 eiusmodi
913 1721 959 1774 est
972 1712 1086 1795 qualem
1101 1712 1211 1776 descri-

65 1809 193 1892 psimus,
218 1819 249 1872 et
264 1805 472 1874 Corinthianos
489 1813 573 1876 simul
593 1833 627 1876 ec
643 1811 861 1877 bleriutbianos
880 1813 1018 1898 appellari
1041 1824 1167 1880 constat.

147 1909 205 1974 llis
222 1911 312 1994 igitur
327 1912 363 1975 de
379 1912 527 1976 horrende
542 1913 656 1978 illorum
679 1934 716 1978 nc
732 1924 898 1999 serpentum
921 1913 1007 1978 simili
1026 1914 1210 1999 improbitate

63 2011 217 2096 disputatis
232 2013 268 2075 ad
285 2033 336 2076 eas
350 2034 423 2098 qnae
438 2014 575 2098 deinceps
593 2026 812 2099 consequuntur
824 2015 1022 2101 promovenda
1038 2025 1085 2080 cst
1101 2015 1207 2081 oratio.

63 2111 125 2178 Sed
142 2115 294 2177 habendae
313 2113 454 2199 imprimis
477 2116 589 2200 gratiae
612 2127 697 2193 sunt,
716 2115 805 2200 ¹quad
829 2117 1020 2202 pessimorum
1043 2115 1208 2201 dogmatum

63 2215 186 2298 pelagus
203 2215 281 2280 istud
298 2215 362 2280 sine
380 2217 438 2280 ulla
455 2237 531 2280 noso
549 2217 773 2295 transmisimus,
797 2228 827 2281 et
842 2217 912 2282 illud
927 2217 1097 2302 suppliciter
1109 2229 1209 2302 postu·

63 2315 195 2394 landum,
220 2328 334 2382 utrum
355 2319 386 2380 in
407 2317 534 2402 reliques
555 2319 695 2384 haereses
717 2319 943 2396 incurrerimus,
974 2319 1058 2403 quasi
1073 2319 1103 2382 in
1119 2321 1208 2384 mari·

62 2419 132 2482 una
149 2420 292 2504 quosdam
316 2439 350 2484 ec
370 2421 510 2482 monmris
531 2422 641 2484 referte
659 2421 760 2484 brevia
777 2421 862 2484 delati
881 2420 953 2484 nibil
975 2421 1012 2484 ab
1033 2420 1077 2484 bis
1095 2420 1208 2486 iucom-

62 2521 140 2583 orodi
153 2523 317 2606 patiamur,
343 2521 396 2586 sed
414 2521 452 2585 ab
470 2541 506 2584 eu
524 2541 600 2606 quae
617 2522 697 2586 inter
711 2521 913 2607 disputandum
934 2520 1066 2586 illuxerit
1081 2521 1207 2590 varitate

62 2624 187 2686 salntem
200 2642 428 2706 consequamur,
453 2643 516 2686 cum
534 2633 564 2684 et
578 2622 663 2690 huius
679 2623 852 2689 mutinum
871 2623 1067 2701 obstruemus,
1091 2634 1123 2688 et
1135 2645 1206 2688 cou-

61 2723 217 2788 trariarun
235 2723 395 2788 ltaereeeou
410 2723 580 2788 inanitatem
596 2745 783 2809 erroremque
797 2723 1073 2790 demonstrabimus.
1119 2719 1205 2808 Quod

59 2825 83 2889 si
100 2825 244 2910 quispiam
260 2825 446 2890 considerare
467 2835 497 2888 et
512 2825 609 2909 aliqum
623 2825 689 2890 illas
707 2825 879 2892 etuntrsre
896 2825 1082 2890 similitudine
1105 2825 1205 2890 roluc-

58 2928 115 3005 rit,
146 2949 234 3009 quem
255 2926 396 2990 hactenus
417 2927 627 3006 relutavimus,
656 2927 694 2991 ob
713 2927 855 3012 duplicem
876 2926 955 2992 illam
981 2926 1204 3011 appellationem

59 3049 124 3091 enne
148 3028 263 3115 bicipiti
282 3030 406 3113 quodum
427 3038 565 3112 serpente
586 3029 687 3114 reipse
706 3029 928 3114 comperandum
954 3028 1081 3112 putabit,
1109 3047 1204 3110 eoque

59 3131 179 3215 viperee
194 3150 304 3216 geom
321 3151 404 3214 quum
421 3125 605 3214 Sepedonem
621 3140 739 3207 vocent,
763 3151 840 3214 quae.
852 3129 917 3214 pitis
935 3139 997 3193 toto
1016 3148 1139 3213 corpore
1156 3140 1203 3192 est

59 3253 163 3318 sparsa
178 3231 368 3310 rubentibus,
392 3251 488 3316 neque
502 3251 625 3317 caprea,
649 3231 782 3297 autoris
800 3231 827 3296 ci
845 3241 950 3296 nature
968 3231 1015 3294 sci
1037 3230 1121 3314 pellis
1142 3241 1200 3308 est,

59 3336 110 3398 sed
126 3335 287 3420 serpentis,
310 3333 469 3417 eademque
490 3353 589 3398 morsu
607 3332 701 3398 obuiis
716 3331 876 3418 quibusque
892 3331 981 3398 letum
996 3331 1099 3409 affert,
1121 3342 1155 3395 ut
1171 3343 1201 3396 et

58 3436 190 3501 inermis
206 3436 258 3500 illa
274 3443 435 3498 mentones
449 3455 520 3499 suos
533 3444 649 3514 enecat,
672 3456 738 3500 cum
752 3445 802 3500 eut
819 3444 922 3498 vetere
938 3443 1114 3498 testamento
1128 3431 1200 3496 ritu·

59 3560 114 3622 qne
129 3539 167 3602 ad
178 3536 369 3602 cremendam
382 3555 488 3600 norum
505 3535 606 3614 utitur,
621 3545 673 3600 ent
687 3534 877 3600 fraudulentis
892 3534 1053 3600 rationibus
1069 3554 1109 3596 cx
1122 3555 1201 3598 noro

58 3652 234 3704 testamento
252 3637 428 3723 depromptis
447 3636 611 3721 apostolos,
635 3636 716 3722 quie
735 3635 957 3704 circumcisione
980 3637 1016 3702 ad
1035 3632 1145 3700 Christi
1167 3651 1201 3700 se

58 3742 143 3806 tidem
165 3740 363 3826 applicarunt,
387 3738 459 3801 laiso
474 3737 644 3823 impugnare
657 3738 770 3803 nititur.
817 3733 912 3806 Cuius
925 3737 1037 3822 quidem
1055 3739 1201 3804 tabificum

57 3843 140 3906 viros
156 3853 244 3926 atque
261 3841 364 3904 dentes
383 3839 517 3924 quonium
537 3840 669 3904 irritetis
686 3839 771 3924 *quasi
792 3840 869 3904 iuste
885 3839 1066 3906 contudimus
1083 3850 1113 3903 et
1128 3860 1199 3904 eon·

57 3943 209 4023 trivimus,
233 3943 271 4006 ad
289 3960 342 4005 ees
358 3961 435 4025 queo
449 3952 667 4026 consequuntur
681 3941 875 4021 refellendus,
903 3939 945 4006 uti
964 3941 1107 4022 diximus,
1131 3961 1197 4026 pro-

57 4047 191 4131 greditur
209 4066 247 4110 ac
267 4043 387 4109 festinat
407 4041 511 4106 oratio.
