<?xml version="1.0" encoding="UTF-8"?>
<!DOCTYPE html PUBLIC "-//W3C//DTD XHTML 1.0 Transitional//EN"
    "http://www.w3.org/TR/xhtml1/DTD/xhtml1-transitional.dtd">
<html xmlns="http://www.w3.org/1999/xhtml" xml:lang="en" lang="en">
 <head>
  <title>
</title>
<meta http-equiv="Content-Type" content="text/html;charset=utf-8" />
  <meta name='ocr-system' content='tesseract 3.04.00' />
  <meta name='ocr-capabilities' content='ocr_page ocr_carea ocr_par ocr_line ocrx_word'/>
</head>
<body>
  <div class='ocr_page' id='page_1' title='image "./corporishaerese03oehlgoog_0381.png"; bbox 0 0 3036 4998; ppageno 0'>
   <div class='ocr_carea' id='block_1_1' title="bbox 244 277 969 341">
    <p class='ocr_par' dir='ltr' id='par_1_1' title="bbox 244 277 969 341">
     <span class='ocr_line' id='line_1_1' title="bbox 244 277 969 341; baseline 0.001 -2"><span class='ocrx_word' id='word_1_1' title='bbox 244 277 305 341; x_wconf 79' lang='lat'><strong><em>364</em></strong></span> <span class='ocrx_word' id='word_1_2' title='bbox 664 285 969 340; x_wconf 74' lang='grc' dir='ltr'><strong><em>σκοοοιτειεκλιειι</em></strong></span> 
     </span>
    </p>
   </div>
   <div class='ocr_carea' id='block_1_2' title="bbox 109 399 1405 3977">
    <p class='ocr_par' dir='ltr' id='par_1_2' title="bbox 243 399 1398 1716">
     <span class='ocr_line' id='line_1_2' title="bbox 243 399 1387 491; baseline -0.001 -22"><span class='ocrx_word' id='word_1_3' title='bbox 243 402 340 484; x_wconf 88' lang='grc' dir='ltr'><strong><em>τικόν,</em></strong></span> <span class='ocrx_word' id='word_1_4' title='bbox 370 401 513 487; x_wconf 77' lang='grc' dir='ltr'><strong><em>ψιτγικόν,</em></strong></span> <span class='ocrx_word' id='word_1_5' title='bbox 542 400 655 486; x_wconf 80' lang='grc' dir='ltr'><strong><em>γοίκόν·</em></strong></span> <span class='ocrx_word' id='word_1_6' title='bbox 683 401 776 487; x_wconf 83' lang='grc' dir='ltr'><strong><em>ζύμην</em></strong></span> <span class='ocrx_word' id='word_1_7' title='bbox 791 405 822 470; x_wconf 78' lang='grc' dir='ltr'><strong><em>δέ</em></strong></span> <span class='ocrx_word' id='word_1_8' title='bbox 837 400 927 471; x_wconf 89' lang='grc' dir='ltr'><strong><em>αῦτόν</em></strong></span> <span class='ocrx_word' id='word_1_9' title='bbox 941 402 993 470; x_wconf 87' lang='grc' dir='ltr'><strong><em>τόν</em></strong></span> <span class='ocrx_word' id='word_1_10' title='bbox 1009 411 1138 491; x_wconf 97' lang='grc' dir='ltr'><strong><em>Σωτῆρα</em></strong></span> <span class='ocrx_word' id='word_1_11' title='bbox 1153 406 1291 490; x_wconf 77' lang='grc' dir='ltr'><strong><em>ιίρῆσθσι</em></strong></span> <span class='ocrx_word' id='word_1_12' title='bbox 1306 399 1387 468; x_wconf 81' lang='grc' dir='ltr'><strong><em>διδό-</em></strong></span> 
     </span>
     <span class='ocr_line' id='line_1_3' title="bbox 244 503 1390 592; baseline 0.002 -19"><span class='ocrx_word' id='word_1_13' title='bbox 244 527 354 576; x_wconf 87' lang='grc' dir='ltr'><strong><em>σκοοσι.</em></strong></span> <span class='ocrx_word' id='word_1_14' title='bbox 399 509 461 571; x_wconf 84' lang='grc' dir='ltr'><strong><em>Καί</em></strong></span> <span class='ocrx_word' id='word_1_15' title='bbox 475 503 528 572; x_wconf 87' lang='grc' dir='ltr'><strong><em>τόν</em></strong></span> <span class='ocrx_word' id='word_1_16' title='bbox 547 511 669 572; x_wconf 80' lang='grc' dir='ltr'>Παῦλον</span> <span class='ocrx_word' id='word_1_17' title='bbox 691 512 723 552; x_wconf 87' lang='lat'><strong><em>¹⁴</em></strong></span> <span class='ocrx_word' id='word_1_18' title='bbox 734 505 897 592; x_wconf 73' lang='grc' dir='ltr'><strong><em>διαρρήδην</em></strong></span> <span class='ocrx_word' id='word_1_19' title='bbox 913 507 1058 592; x_wconf 74' lang='grc' dir='ltr'><strong><em>εἰρηκέναι</em></strong></span> <span class='ocrx_word' id='word_1_20' title='bbox 1074 505 1210 591; x_wconf 77' lang='grc' dir='ltr'><strong><em>χαλκοῦς,</em></strong></span> <span class='ocrx_word' id='word_1_21' title='bbox 1231 503 1390 592; x_wconf 73' lang='grc' dir='ltr'><strong><em>ψνηικοόε,</em></strong></span> 
     </span>
     <span class='ocr_line' id='line_1_4' title="bbox 244 605 1391 693; baseline -0.002 -17"><span class='ocrx_word' id='word_1_22' title='bbox 244 606 474 692; x_wconf 78' lang='grc' dir='ltr'><strong><em>τινευματικούς·</em></strong></span> <span class='ocrx_word' id='word_1_23' title='bbox 496 605 574 674; x_wconf 83' lang='grc' dir='ltr'><strong><em>ῦιτοα</em></strong></span> <span class='ocrx_word' id='word_1_24' title='bbox 593 608 656 691; x_wconf 75' lang='grc' dir='ltr'><strong><em>μέν,</em></strong></span> <span class='ocrx_word' id='word_1_25' title='bbox 681 605 752 686; x_wconf 79' lang='grc' dir='ltr'><strong><em>Οίος</em></strong></span> <span class='ocrx_word' id='word_1_26' title='bbox 766 606 785 674; x_wconf 90' lang='grc' dir='ltr'><strong><em>ό</em></strong></span> <span class='ocrx_word' id='word_1_27' title='bbox 800 606 910 692; x_wconf 82' lang='grc' dir='ltr'><strong><em>γὀϊκός,</em></strong></span> <span class='ocrx_word' id='word_1_28' title='bbox 925 616 1056 676; x_wconf 82' lang='grc' dir='ltr'><strong><em>τοιοῦτον</em></strong></span> <span class='ocrx_word' id='word_1_29' title='bbox 1070 612 1121 676; x_wconf 82' lang='grc' dir='ltr'><strong><em>καί</em></strong></span> <span class='ocrx_word' id='word_1_30' title='bbox 1136 613 1168 676; x_wconf 92' lang='grc' dir='ltr'><strong><em>οί</em></strong></span> <span class='ocrx_word' id='word_1_31' title='bbox 1178 613 1288 693; x_wconf 78' lang='grc' dir='ltr'><strong><em>χοϊκοί·</em></strong></span> <span class='ocrx_word' id='word_1_32' title='bbox 1310 607 1391 676; x_wconf 62' lang='lat' dir='ltr'><strong><em>&amp;nov</em></strong></span> 
     </span>
     <span class='ocr_line' id='line_1_5' title="bbox 245 707 1393 796; baseline -0.002 -18"><span class='ocrx_word' id='word_1_33' title='bbox 245 714 293 792; x_wconf 82' lang='grc' dir='ltr'><strong><em>δέ,</em></strong></span> <span class='ocrx_word' id='word_1_34' title='bbox 326 708 456 794; x_wconf 81' lang='grc' dir='ltr'><strong><em>Ψνηικός</em></strong></span> <span class='ocrx_word' id='word_1_35' title='bbox 479 710 511 776; x_wconf 76' lang='grc' dir='ltr'><strong><em>δὲ</em></strong></span> <span class='ocrx_word' id='word_1_36' title='bbox 532 708 695 796; x_wconf 82' lang='grc' dir='ltr'><strong><em>ύνθρωιιος</em></strong></span> <span class='ocrx_word' id='word_1_37' title='bbox 717 707 754 776; x_wconf 89' lang='grc' dir='ltr'><strong><em>ού</em></strong></span> <span class='ocrx_word' id='word_1_38' title='bbox 775 713 885 794; x_wconf 79' lang='grc' dir='ltr'><strong><em>δέχεται</em></strong></span> <span class='ocrx_word' id='word_1_39' title='bbox 905 710 941 777; x_wconf 83' lang='grc' dir='ltr'><strong><em>τό</em></strong></span> <span class='ocrx_word' id='word_1_40' title='bbox 962 719 1015 778; x_wconf 89' lang='grc' dir='ltr'><strong><em>τοῦ</em></strong></span> <span class='ocrx_word' id='word_1_41' title='bbox 1037 711 1215 796; x_wconf 73' lang='grc' dir='ltr'><strong><em>πνεύματος·</em></strong></span> <span class='ocrx_word' id='word_1_42' title='bbox 1245 708 1327 778; x_wconf 85' lang='grc' dir='ltr'><strong><em>όντοιι</em></strong></span> <span class='ocrx_word' id='word_1_43' title='bbox 1347 711 1393 788; x_wconf 77' lang='grc' dir='ltr'><strong><em>δὲ,</em></strong></span> 
     </span>
     <span class='ocr_line' id='line_1_6' title="bbox 248 809 1394 899; baseline 0.001 -21"><span class='ocrx_word' id='word_1_44' title='bbox 248 812 454 898; x_wconf 76' lang='grc' dir='ltr'><strong><em>Πνενματικός</em></strong></span> <span class='ocrx_word' id='word_1_45' title='bbox 469 809 616 899; x_wconf 71' lang='grc' dir='ltr'><strong><em>ἀνακρίνει</em></strong></span> <span class='ocrx_word' id='word_1_46' title='bbox 636 811 783 878; x_wconf 61' lang='grc' dir='ltr'><strong><em>1θιιύντα.</em></strong></span> <span class='ocrx_word' id='word_1_47' title='bbox 831 811 871 878; x_wconf 87' lang='grc' dir='ltr'><strong><em>Τό</em></strong></span> <span class='ocrx_word' id='word_1_48' title='bbox 887 815 934 890; x_wconf 76' lang='grc' dir='ltr'><strong><em>δὲ,</em></strong></span> <span class='ocrx_word' id='word_1_49' title='bbox 962 813 1094 898; x_wconf 76' lang='grc' dir='ltr'><strong><em>Ψνγικός</em></strong></span> <span class='ocrx_word' id='word_1_50' title='bbox 1109 812 1147 880; x_wconf 87' lang='grc' dir='ltr'><strong><em>ού</em></strong></span> <span class='ocrx_word' id='word_1_51' title='bbox 1162 815 1273 898; x_wconf 74' lang='grc' dir='ltr'><strong><em>δέχεται</em></strong></span> <span class='ocrx_word' id='word_1_52' title='bbox 1289 811 1327 878; x_wconf 78' lang='grc' dir='ltr'><strong><em>τό</em></strong></span> <span class='ocrx_word' id='word_1_53' title='bbox 1340 819 1394 879; x_wconf 87' lang='grc' dir='ltr'><strong><em>τοῦ</em></strong></span> 
     </span>
     <span class='ocr_line' id='line_1_7' title="bbox 246 913 1394 1001; baseline -0.004 -18"><span class='ocrx_word' id='word_1_54' title='bbox 246 916 425 1001; x_wconf 80' lang='grc' dir='ltr'><strong><em>πνεύματος,</em></strong></span> <span class='ocrx_word' id='word_1_55' title='bbox 447 917 497 983; x_wconf 63' lang='lat' dir='ltr'><strong><em>taz</em></strong></span> <span class='ocrx_word' id='word_1_56' title='bbox 514 921 567 980; x_wconf 89' lang='grc' dir='ltr'><strong><em>τοῦ</em></strong></span> <span class='ocrx_word' id='word_1_57' title='bbox 585 919 778 1001; x_wconf 83' lang='grc' dir='ltr'><strong><em>Δημιουργοῦ</em></strong></span> <span class='ocrx_word' id='word_1_58' title='bbox 793 936 885 997; x_wconf 90' lang='grc' dir='ltr'><strong><em>φασιν</em></strong></span> <span class='ocrx_word' id='word_1_59' title='bbox 899 919 1052 1001; x_wconf 77' lang='grc' dir='ltr'><strong><em>εἰρῆσθαι,</em></strong></span> <span class='ocrx_word' id='word_1_60' title='bbox 1073 916 1108 982; x_wconf 81' lang='grc' dir='ltr'><strong><em>δν</em></strong></span> <span class='ocrx_word' id='word_1_61' title='bbox 1123 913 1252 1000; x_wconf 72' lang='grc' dir='ltr'><strong><em>ψυχικόν</em></strong></span> <span class='ocrx_word' id='word_1_62' title='bbox 1266 913 1339 982; x_wconf 85' lang='grc' dir='ltr'><strong><em>όντα</em></strong></span> <span class='ocrx_word' id='word_1_63' title='bbox 1352 913 1394 997; x_wconf 86' lang='grc' dir='ltr'><strong><em>μῆ</em></strong></span> 
     </span>
     <span class='ocr_line' id='line_1_8' title="bbox 246 1011 1394 1106; baseline -0.004 -18"><span class='ocrx_word' id='word_1_64' title='bbox 246 1021 401 1106; x_wconf 75' lang='grc' dir='ltr'><strong><em>ἐγνωκέναι</em></strong></span> <span class='ocrx_word' id='word_1_65' title='bbox 413 1016 486 1102; x_wconf 85' lang='grc' dir='ltr'><strong><em>μῆτε</em></strong></span> <span class='ocrx_word' id='word_1_66' title='bbox 499 1015 553 1100; x_wconf 84' lang='grc' dir='ltr'><strong><em>τῆν</em></strong></span> <span class='ocrx_word' id='word_1_67' title='bbox 567 1019 695 1103; x_wconf 77' lang='grc' dir='ltr'><strong><em>Μητέρα</em></strong></span> <span class='ocrx_word' id='word_1_68' title='bbox 706 1015 905 1100; x_wconf 82' lang='grc' dir='ltr'><strong><em>πνενματικῆν</em></strong></span> <span class='ocrx_word' id='word_1_69' title='bbox 916 1011 1019 1097; x_wconf 79' lang='grc' dir='ltr'><strong><em>οὖσαν,</em></strong></span> <span class='ocrx_word' id='word_1_70' title='bbox 1034 1015 1106 1102; x_wconf 86' lang='grc' dir='ltr'><strong><em>μῆτε</em></strong></span> <span class='ocrx_word' id='word_1_71' title='bbox 1119 1017 1153 1084; x_wconf 89' lang='grc' dir='ltr'><strong><em>τό</em></strong></span> <span class='ocrx_word' id='word_1_72' title='bbox 1165 1019 1280 1102; x_wconf 84' lang='grc' dir='ltr'><strong><em>σκίρμα</em></strong></span> <span class='ocrx_word' id='word_1_73' title='bbox 1294 1015 1394 1100; x_wconf 79' lang='grc' dir='ltr'><strong><em>αῦτῆς,</em></strong></span> 
     </span>
     <span class='ocr_line' id='line_1_9' title="bbox 247 1112 1397 1209; baseline -0.004 -20"><span class='ocrx_word' id='word_1_74' title='bbox 247 1121 319 1206; x_wconf 85' lang='grc' dir='ltr'><strong><em>μῆτε</em></strong></span> <span class='ocrx_word' id='word_1_75' title='bbox 333 1121 403 1198; x_wconf 84' lang='grc' dir='ltr'><strong><em>τούς</em></strong></span> <span class='ocrx_word' id='word_1_76' title='bbox 420 1124 452 1188; x_wconf 83' lang='grc' dir='ltr'><strong><em>έν</em></strong></span> <span class='ocrx_word' id='word_1_77' title='bbox 472 1127 555 1209; x_wconf 68' lang='grc' dir='ltr'><strong><em>Μνῷ</em></strong></span> <span class='ocrx_word' id='word_1_78' title='bbox 574 1117 756 1203; x_wconf 79' lang='grc' dir='ltr'><strong><em>Πληροίματι</em></strong></span> <span class='ocrx_word' id='word_1_79' title='bbox 770 1123 901 1198; x_wconf 75' lang='grc' dir='ltr'><strong><em>Αίῦνας.</em></strong></span> <span class='ocrx_word' id='word_1_80' title='bbox 948 1120 1055 1186; x_wconf 76' lang='grc' dir='ltr'><strong><em>Π’Ότι</em></strong></span> <span class='ocrx_word' id='word_1_81' title='bbox 1071 1121 1103 1186; x_wconf 74' lang='grc' dir='ltr'><strong><em>δὲ</em></strong></span> <span class='ocrx_word' id='word_1_82' title='bbox 1119 1112 1162 1186; x_wconf 74' lang='grc' dir='ltr'><strong><em>οῦν</em></strong></span> <span class='ocrx_word' id='word_1_83' title='bbox 1176 1118 1280 1203; x_wconf 80' lang='grc' dir='ltr'><strong><em>ἤμελλε</em></strong></span> <span class='ocrx_word' id='word_1_84' title='bbox 1294 1119 1397 1198; x_wconf 77' lang='grc' dir='ltr'><strong><em>σύζειν</em></strong></span> 
     </span>
     <span class='ocr_line' id='line_1_10' title="bbox 246 1219 1398 1310; baseline -0.003 -19"><span class='ocrx_word' id='word_1_85' title='bbox 246 1221 265 1291; x_wconf 90' lang='grc' dir='ltr'><strong><em>ό</em></strong></span> <span class='ocrx_word' id='word_1_86' title='bbox 280 1223 386 1310; x_wconf 85' lang='grc' dir='ltr'><strong><em>Σωτῆρ</em></strong></span> <span class='ocrx_word' id='word_1_87' title='bbox 399 1221 512 1290; x_wconf 88' lang='grc' dir='ltr'><strong><em>τούτων</em></strong></span> <span class='ocrx_word' id='word_1_88' title='bbox 526 1221 579 1298; x_wconf 82' lang='grc' dir='ltr'><strong><em>τός</em></strong></span> <span class='ocrx_word' id='word_1_89' title='bbox 592 1220 726 1308; x_wconf 79' lang='grc' dir='ltr'><strong><em>οἲτιαργός</em></strong></span> <span class='ocrx_word' id='word_1_90' title='bbox 741 1219 877 1306; x_wconf 82' lang='grc' dir='ltr'><strong><em>οίνέλαβε,</em></strong></span> <span class='ocrx_word' id='word_1_91' title='bbox 905 1221 997 1290; x_wconf 75' lang='grc' dir='ltr'><strong><em>18τόν</em></strong></span> <span class='ocrx_word' id='word_1_92' title='bbox 1015 1229 1139 1290; x_wconf 79' lang='grc' dir='ltr'><strong><em>Παῦλον</em></strong></span> <span class='ocrx_word' id='word_1_93' title='bbox 1154 1223 1313 1308; x_wconf 78' lang='grc' dir='ltr'><strong><em>εἰρηκέναι,</em></strong></span> <span class='ocrx_word' id='word_1_94' title='bbox 1335 1224 1398 1287; x_wconf 79' lang='grc' dir='ltr'><strong><em>Καὶ</em></strong></span> 
     </span>
     <span class='ocr_line' id='line_1_11' title="bbox 245 1322 1396 1412; baseline 0 -20"><span class='ocrx_word' id='word_1_95' title='bbox 245 1326 284 1411; x_wconf 85' lang='grc' dir='ltr'><strong><em>ῆν</em></strong></span> <span class='ocrx_word' id='word_1_96' title='bbox 297 1324 318 1410; x_wconf 84' lang='grc' dir='ltr'><strong><em>ῆ</em></strong></span> <span class='ocrx_word' id='word_1_97' title='bbox 331 1323 446 1412; x_wconf 82' lang='grc' dir='ltr'><strong><em>οίιταργῆ</em></strong></span> <span class='ocrx_word' id='word_1_98' title='bbox 462 1323 541 1410; x_wconf 78' lang='grc' dir='ltr'><strong><em>οἱγία,</em></strong></span> <span class='ocrx_word' id='word_1_99' title='bbox 562 1325 615 1390; x_wconf 81' lang='grc' dir='ltr'><strong><em>καί</em></strong></span> <span class='ocrx_word' id='word_1_100' title='bbox 629 1322 662 1390; x_wconf 85' lang='grc' dir='ltr'><strong><em>τό</em></strong></span> <span class='ocrx_word' id='word_1_101' title='bbox 679 1323 817 1410; x_wconf 88' lang='grc' dir='ltr'><strong><em>φύραμα·</em></strong></span> <span class='ocrx_word' id='word_1_102' title='bbox 840 1322 976 1411; x_wconf 77' lang='grc' dir='ltr'><strong><em>ἄκαργῆν</em></strong></span> <span class='ocrx_word' id='word_1_103' title='bbox 989 1326 1042 1408; x_wconf 77' lang='grc' dir='ltr'><strong><em>μέν</em></strong></span> <span class='ocrx_word' id='word_1_104' title='bbox 1056 1323 1089 1392; x_wconf 86' lang='grc' dir='ltr'><strong><em>τό</em></strong></span> <span class='ocrx_word' id='word_1_105' title='bbox 1105 1323 1304 1408; x_wconf 80' lang='grc' dir='ltr'><strong><em>πνευματικόν</em></strong></span> <span class='ocrx_word' id='word_1_106' title='bbox 1318 1328 1396 1410; x_wconf 88' lang='grc' dir='ltr'><strong><em>είρῆ·</em></strong></span> 
     </span>
     <span class='ocr_line' id='line_1_12' title="bbox 247 1425 1398 1512; baseline -0.002 -16"><span class='ocrx_word' id='word_1_107' title='bbox 247 1439 319 1496; x_wconf 84' lang='grc' dir='ltr'><strong><em>σθαι</em></strong></span> <span class='ocrx_word' id='word_1_108' title='bbox 333 1428 537 1506; x_wconf 78' lang='grc' dir='ltr'><strong><em>διδάσκοντες,</em></strong></span> <span class='ocrx_word' id='word_1_109' title='bbox 566 1425 690 1510; x_wconf 78' lang='grc' dir='ltr'><strong><em>φύραμα</em></strong></span> <span class='ocrx_word' id='word_1_110' title='bbox 707 1429 738 1494; x_wconf 79' lang='grc' dir='ltr'><strong><em>δὲ</em></strong></span> <span class='ocrx_word' id='word_1_111' title='bbox 754 1425 848 1511; x_wconf 72' lang='grc' dir='ltr'><strong><em>ἡμᾶς,</em></strong></span> <span class='ocrx_word' id='word_1_112' title='bbox 869 1429 999 1494; x_wconf 82' lang='grc' dir='ltr'><strong><em>τουτέστι</em></strong></span> <span class='ocrx_word' id='word_1_113' title='bbox 1014 1427 1068 1512; x_wconf 83' lang='grc' dir='ltr'><strong><em>τῆν</em></strong></span> <span class='ocrx_word' id='word_1_114' title='bbox 1084 1426 1213 1512; x_wconf 80' lang='grc' dir='ltr'><strong><em>φοχικῆν</em></strong></span> <span class='ocrx_word' id='word_1_115' title='bbox 1232 1429 1398 1512; x_wconf 72' lang='grc' dir='ltr'><strong><em>ἐκκλησίαν,</em></strong></span> 
     </span>
     <span class='ocr_line' id='line_1_13' title="bbox 246 1525 1398 1620; baseline 0.001 -24"><span class='ocrx_word' id='word_1_116' title='bbox 246 1525 284 1615; x_wconf 75' lang='grc' dir='ltr'><strong><em>ῆς</em></strong></span> <span class='ocrx_word' id='word_1_117' title='bbox 298 1528 331 1598; x_wconf 91' lang='grc' dir='ltr'><strong><em>τό</em></strong></span> <span class='ocrx_word' id='word_1_118' title='bbox 349 1528 473 1617; x_wconf 79' lang='grc' dir='ltr'><strong><em>φύραμα</em></strong></span> <span class='ocrx_word' id='word_1_119' title='bbox 487 1527 673 1614; x_wconf 72' lang='grc' dir='ltr'><strong><em>ἀνειληφέναι</em></strong></span> <span class='ocrx_word' id='word_1_120' title='bbox 687 1532 819 1616; x_wconf 87' lang='grc' dir='ltr'><strong><em>λέγουσιν</em></strong></span> <span class='ocrx_word' id='word_1_121' title='bbox 834 1527 941 1611; x_wconf 85' lang='grc' dir='ltr'><strong><em>αύτόν,</em></strong></span> <span class='ocrx_word' id='word_1_122' title='bbox 962 1533 1013 1596; x_wconf 85' lang='grc' dir='ltr'><strong><em>καλ</em></strong></span> <span class='ocrx_word' id='word_1_123' title='bbox 1031 1533 1063 1598; x_wconf 87' lang='grc' dir='ltr'><strong><em>έν</em></strong></span> <span class='ocrx_word' id='word_1_124' title='bbox 1078 1528 1158 1620; x_wconf 81' lang='grc' dir='ltr'><strong><em>αύτῷ</em></strong></span> <span class='ocrx_word' id='word_1_125' title='bbox 1176 1537 1398 1613; x_wconf 70' lang='grc' dir='ltr'><strong><em>ιοσονιτνεστη·</em></strong></span> 
     </span>
     <span class='ocr_line' id='line_1_14' title="bbox 245 1624 741 1716; baseline -0.008 -15"><span class='ocrx_word' id='word_1_126' title='bbox 245 1636 342 1714; x_wconf 87' lang='grc' dir='ltr'><strong><em>κέναι,</em></strong></span> <span class='ocrx_word' id='word_1_127' title='bbox 365 1630 467 1716; x_wconf 73' lang='grc' dir='ltr'><strong><em>ἐπειδὴ</em></strong></span> <span class='ocrx_word' id='word_1_128' title='bbox 487 1624 528 1716; x_wconf 85' lang='grc' dir='ltr'><strong><em>ῆν</em></strong></span> <span class='ocrx_word' id='word_1_129' title='bbox 549 1630 638 1708; x_wconf 86' lang='grc' dir='ltr'><strong><em>αύτός</em></strong></span> <span class='ocrx_word' id='word_1_130' title='bbox 658 1632 741 1716; x_wconf 71' lang='grc' dir='ltr'><strong><em>ζύμη.</em></strong></span> 
     </span>
    </p>

    <p class='ocr_par' dir='ltr' id='par_1_3' title="bbox 109 1733 1400 2334">
     <span class='ocr_line' id='line_1_15' title="bbox 109 1733 1399 1822; baseline 0.001 -22"><span class='ocrx_word' id='word_1_131' title='bbox 109 1742 175 1810; x_wconf 75' lang='grc' dir='ltr'><strong><em>Κεφ.</em></strong></span> <span class='ocrx_word' id='word_1_132' title='bbox 186 1735 237 1808; x_wconf 69' lang='grc' dir='ltr'><strong><em>κη’.</em></strong></span> <span class='ocrx_word' id='word_1_133' title='bbox 336 1737 397 1802; x_wconf 83' lang='grc' dir='ltr'><strong><em>Καί</em></strong></span> <span class='ocrx_word' id='word_1_134' title='bbox 411 1734 457 1802; x_wconf 82' lang='grc' dir='ltr'><strong><em>ότι</em></strong></span> <span class='ocrx_word' id='word_1_135' title='bbox 471 1733 624 1818; x_wconf 82' lang='grc' dir='ltr'><strong><em>ίιτλανίγθη</em></strong></span> <span class='ocrx_word' id='word_1_136' title='bbox 639 1733 659 1818; x_wconf 84' lang='grc' dir='ltr'><strong><em>ῆ</em></strong></span> <span class='ocrx_word' id='word_1_137' title='bbox 673 1733 819 1818; x_wconf 81' lang='grc' dir='ltr'><strong><em>Ἀγαμοίθ</em></strong></span> <span class='ocrx_word' id='word_1_138' title='bbox 831 1733 917 1811; x_wconf 75' lang='grc' dir='ltr'><strong><em>ἐκτός</em></strong></span> <span class='ocrx_word' id='word_1_139' title='bbox 931 1742 986 1802; x_wconf 91' lang='grc' dir='ltr'><strong><em>τοῦ</em></strong></span> <span class='ocrx_word' id='word_1_140' title='bbox 1003 1735 1222 1822; x_wconf 81' lang='grc' dir='ltr'><strong><em>Πληροίματος,</em></strong></span> <span class='ocrx_word' id='word_1_141' title='bbox 1244 1736 1297 1800; x_wconf 89' lang='grc' dir='ltr'><strong><em>καλ</em></strong></span> <span class='ocrx_word' id='word_1_142' title='bbox 1313 1737 1399 1820; x_wconf 83' lang='grc' dir='ltr'><strong><em>έμορ·</em></strong></span> 
     </span>
     <span class='ocr_line' id='line_1_16' title="bbox 247 1835 1400 1924; baseline 0 -23"><span class='ocrx_word' id='word_1_143' title='bbox 247 1837 340 1920; x_wconf 81' lang='grc' dir='ltr'><strong><em>φοίθη</em></strong></span> <span class='ocrx_word' id='word_1_144' title='bbox 357 1835 416 1904; x_wconf 88' lang='grc' dir='ltr'><strong><em>ῦιτό</em></strong></span> <span class='ocrx_word' id='word_1_145' title='bbox 434 1844 489 1918; x_wconf 87' lang='grc' dir='ltr'><strong><em>τοῦ</em></strong></span> <span class='ocrx_word' id='word_1_146' title='bbox 507 1843 654 1923; x_wconf 79' lang='grc' dir='ltr'><strong><em>Χριστοῦ,</em></strong></span> <span class='ocrx_word' id='word_1_147' title='bbox 684 1840 735 1904; x_wconf 80' lang='grc' dir='ltr'><strong><em>καί</em></strong></span> <span class='ocrx_word' id='word_1_148' title='bbox 752 1836 918 1920; x_wconf 83' lang='grc' dir='ltr'><strong><em>ύντζητῆθη</em></strong></span> <span class='ocrx_word' id='word_1_149' title='bbox 934 1835 994 1904; x_wconf 86' lang='grc' dir='ltr'><strong><em>ύτιό</em></strong></span> <span class='ocrx_word' id='word_1_150' title='bbox 1013 1845 1067 1904; x_wconf 90' lang='grc' dir='ltr'><strong><em>τοῦ</em></strong></span> <span class='ocrx_word' id='word_1_151' title='bbox 1084 1845 1241 1924; x_wconf 73' lang='grc' dir='ltr'><strong><em>Σωτῆρος,</em></strong></span> <span class='ocrx_word' id='word_1_152' title='bbox 1272 1835 1400 1922; x_wconf 72' lang='grc' dir='ltr'><strong><em>μηνύειν</em></strong></span> 
     </span>
     <span class='ocr_line' id='line_1_17' title="bbox 247 1937 1399 2030; baseline 0 -25"><span class='ocrx_word' id='word_1_153' title='bbox 247 1937 337 2006; x_wconf 87' lang='grc' dir='ltr'><strong><em>αῦτόν</em></strong></span> <span class='ocrx_word' id='word_1_154' title='bbox 357 1941 488 2026; x_wconf 83' lang='grc' dir='ltr'><strong><em>λέγουσιν</em></strong></span> <span class='ocrx_word' id='word_1_155' title='bbox 514 1942 546 2006; x_wconf 84' lang='grc' dir='ltr'><strong><em>έν</em></strong></span> <span class='ocrx_word' id='word_1_156' title='bbox 567 1947 608 2030; x_wconf 77' lang='grc' dir='ltr'><strong><em>τῷ</em></strong></span> <span class='ocrx_word' id='word_1_157' title='bbox 632 1943 724 2006; x_wconf 82' lang='grc' dir='ltr'><strong><em>είκεῖν</em></strong></span> <span class='ocrx_word' id='word_1_158' title='bbox 745 1937 837 2005; x_wconf 77' lang='grc' dir='ltr'><strong><em>αὐτόν</em></strong></span> <span class='ocrx_word' id='word_1_159' title='bbox 857 1942 1031 2023; x_wconf 80' lang='grc' dir='ltr'><strong><em>ἐληλυθέναι</em></strong></span> <span class='ocrx_word' id='word_1_160' title='bbox 1052 1942 1101 2007; x_wconf 85' lang='grc' dir='ltr'><strong><em>ίιιλ</em></strong></span> <span class='ocrx_word' id='word_1_161' title='bbox 1120 1938 1153 2006; x_wconf 89' lang='grc' dir='ltr'><strong><em>τό</em></strong></span> <span class='ocrx_word' id='word_1_162' title='bbox 1172 1942 1399 2022; x_wconf 77' lang='grc' dir='ltr'><strong><em>κεκλονημένον</em></strong></span> 
     </span>
     <span class='ocr_line' id='line_1_18' title="bbox 252 2039 1399 2130; baseline -0.001 -21"><span class='ocrx_word' id='word_1_163' title='bbox 252 2041 431 2130; x_wconf 83' lang='grc' dir='ltr'><strong><em>1ιτρόβιιτον.</em></strong></span> <span class='ocrx_word' id='word_1_164' title='bbox 466 2042 627 2129; x_wconf 83' lang='grc' dir='ltr'><strong><em>Πρόβατον</em></strong></span> <span class='ocrx_word' id='word_1_165' title='bbox 640 2044 693 2126; x_wconf 78' lang='grc' dir='ltr'><strong><em>μὲν</em></strong></span> <span class='ocrx_word' id='word_1_166' title='bbox 704 2041 760 2130; x_wconf 83' lang='grc' dir='ltr'><strong><em>γῦρ</em></strong></span> <span class='ocrx_word' id='word_1_167' title='bbox 775 2045 997 2126; x_wconf 80' lang='grc' dir='ltr'><strong><em>πεπλανημένον</em></strong></span> <span class='ocrx_word' id='word_1_168' title='bbox 1011 2041 1065 2126; x_wconf 84' lang='grc' dir='ltr'><strong><em>τῆν</em></strong></span> <span class='ocrx_word' id='word_1_169' title='bbox 1077 2045 1205 2128; x_wconf 78' lang='grc' dir='ltr'><strong><em>Μητέρα</em></strong></span> <span class='ocrx_word' id='word_1_170' title='bbox 1216 2039 1317 2108; x_wconf 86' lang='grc' dir='ltr'><strong><em>αύτοῦν</em></strong></span> <span class='ocrx_word' id='word_1_171' title='bbox 1334 2044 1399 2124; x_wconf 78' lang='grc' dir='ltr'><strong><em>ίξη-</em></strong></span> 
     </span>
     <span class='ocr_line' id='line_1_19' title="bbox 247 2138 1399 2232; baseline -0.003 -20"><span class='ocrx_word' id='word_1_172' title='bbox 247 2152 367 2231; x_wconf 87' lang='grc' dir='ltr'><strong><em>γοῦνται</em></strong></span> <span class='ocrx_word' id='word_1_173' title='bbox 383 2147 535 2231; x_wconf 87' lang='grc' dir='ltr'><strong><em>λέγεσθαι,</em></strong></span> <span class='ocrx_word' id='word_1_174' title='bbox 557 2148 587 2224; x_wconf 78' lang='grc' dir='ltr'><strong><em>ἐξ</em></strong></span> <span class='ocrx_word' id='word_1_175' title='bbox 601 2139 638 2228; x_wconf 81' lang='grc' dir='ltr'><strong><em>ῆς</em></strong></span> <span class='ocrx_word' id='word_1_176' title='bbox 653 2143 707 2229; x_wconf 82' lang='grc' dir='ltr'><strong><em>τῆν</em></strong></span> <span class='ocrx_word' id='word_1_177' title='bbox 721 2138 779 2212; x_wconf 82' lang='grc' dir='ltr'><strong><em>ύδε</em></strong></span> <span class='ocrx_word' id='word_1_178' title='bbox 794 2147 934 2212; x_wconf 80' lang='grc' dir='ltr'><strong><em>θέλουσιν</em></strong></span> <span class='ocrx_word' id='word_1_179' title='bbox 948 2144 1098 2232; x_wconf 79' lang='grc' dir='ltr'><strong><em>ἒσττύρθαι</em></strong></span> <span class='ocrx_word' id='word_1_180' title='bbox 1110 2144 1301 2227; x_wconf 80' lang='grc' dir='ltr'><strong><em>Ἐκκλησίαν·</em></strong></span> <span class='ocrx_word' id='word_1_181' title='bbox 1325 2143 1399 2209; x_wconf 79' lang='grc' dir='ltr'><strong><em>ιτλό-</em></strong></span> 
     </span>
     <span class='ocr_line' id='line_1_20' title="bbox 247 2239 1400 2334; baseline 0 -22"><span class='ocrx_word' id='word_1_182' title='bbox 247 2275 302 2332; x_wconf 87' lang='grc' dir='ltr'><strong><em>νην</em></strong></span> <span class='ocrx_word' id='word_1_183' title='bbox 319 2248 350 2312; x_wconf 79' lang='grc' dir='ltr'><strong><em>δὲ</em></strong></span> <span class='ocrx_word' id='word_1_184' title='bbox 368 2245 420 2330; x_wconf 84' lang='grc' dir='ltr'><strong><em>τῆν</em></strong></span> <span class='ocrx_word' id='word_1_185' title='bbox 438 2247 520 2325; x_wconf 78' lang='grc' dir='ltr'><strong><em>ἐκτός</em></strong></span> <span class='ocrx_word' id='word_1_186' title='bbox 539 2247 743 2334; x_wconf 82' lang='grc' dir='ltr'><strong><em>Πληροίματος</em></strong></span> <span class='ocrx_word' id='word_1_187' title='bbox 758 2251 790 2314; x_wconf 83' lang='grc' dir='ltr'><strong><em>έν</em></strong></span> <span class='ocrx_word' id='word_1_188' title='bbox 803 2257 866 2326; x_wconf 81' lang='grc' dir='ltr'><strong><em>τοῖς</em></strong></span> <span class='ocrx_word' id='word_1_189' title='bbox 882 2247 993 2314; x_wconf 77' lang='grc' dir='ltr'><strong><em>κεύθεσι</em></strong></span> <span class='ocrx_word' id='word_1_190' title='bbox 1008 2247 1177 2334; x_wconf 76' lang='grc' dir='ltr'><strong><em>διατριβὴν,</em></strong></span> <span class='ocrx_word' id='word_1_191' title='bbox 1206 2250 1236 2326; x_wconf 84' lang='grc' dir='ltr'><strong><em>έξ</em></strong></span> <span class='ocrx_word' id='word_1_192' title='bbox 1256 2239 1301 2312; x_wconf 72' lang='grc' dir='ltr'><strong><em>οἷν</em></strong></span> <span class='ocrx_word' id='word_1_193' title='bbox 1316 2273 1400 2333; x_wconf 84' lang='grc' dir='ltr'><strong><em>γεγο-</em></strong></span> 
     </span>
    </p>

    <p class='ocr_par' dir='ltr' id='par_1_4' title="bbox 126 2347 1405 3977">
     <span class='ocr_line' id='line_1_21' title="bbox 126 2347 1400 2437; baseline 0.002 -24"><span class='ocrx_word' id='word_1_194' title='bbox 126 2381 177 2426; x_wconf 68' lang='lat' dir='ltr'><strong><em>pq.</em></strong></span> <span class='ocrx_word' id='word_1_195' title='bbox 192 2369 236 2414; x_wconf 82' lang='grc' dir='ltr'><strong><em>ιιι.</em></strong></span> <span class='ocrx_word' id='word_1_196' title='bbox 249 2353 327 2416; x_wconf 82' lang='grc' dir='ltr'><strong><em>νέναι</em></strong></span> <span class='ocrx_word' id='word_1_197' title='bbox 341 2348 394 2432; x_wconf 88' lang='grc' dir='ltr'><strong><em>τῆν</em></strong></span> <span class='ocrx_word' id='word_1_198' title='bbox 407 2349 482 2433; x_wconf 83' lang='grc' dir='ltr'><strong><em>ῦλην</em></strong></span> <span class='ocrx_word' id='word_1_199' title='bbox 494 2347 692 2416; x_wconf 83' lang='grc' dir='ltr'><strong><em>ύιιοτίθενται</em></strong></span> <span class='ocrx_word' id='word_1_200' title='bbox 739 2349 800 2434; x_wconf 87' lang='grc' dir='ltr'><strong><em>Τῆν</em></strong></span> <span class='ocrx_word' id='word_1_201' title='bbox 813 2352 847 2417; x_wconf 78' lang='grc' dir='ltr'><strong><em>δὲ</em></strong></span> <span class='ocrx_word' id='word_1_202' title='bbox 860 2359 985 2436; x_wconf 81' lang='grc' dir='ltr'><strong><em>γυναῖκα</em></strong></span> <span class='ocrx_word' id='word_1_203' title='bbox 999 2350 1053 2434; x_wconf 84' lang='grc' dir='ltr'><strong><em>τῆν</em></strong></span> <span class='ocrx_word' id='word_1_204' title='bbox 1068 2357 1218 2437; x_wconf 85' lang='grc' dir='ltr'><strong><em>σαροῦσαν</em></strong></span> <span class='ocrx_word' id='word_1_205' title='bbox 1231 2347 1286 2432; x_wconf 82' lang='grc' dir='ltr'><strong><em>τῆν</em></strong></span> <span class='ocrx_word' id='word_1_206' title='bbox 1300 2353 1400 2416; x_wconf 79' lang='grc' dir='ltr'><strong><em>οὶκίαν</em></strong></span> 
     </span>
     <span class='ocr_line' id='line_1_22' title="bbox 247 2450 1400 2540; baseline -0.002 -21"><span class='ocrx_word' id='word_1_207' title='bbox 247 2455 298 2519; x_wconf 81' lang='grc' dir='ltr'><strong><em>καί</em></strong></span> <span class='ocrx_word' id='word_1_208' title='bbox 319 2450 512 2538; x_wconf 87' lang='grc' dir='ltr'><strong><em>εῦρίσκουσαν</em></strong></span> <span class='ocrx_word' id='word_1_209' title='bbox 532 2451 587 2536; x_wconf 88' lang='grc' dir='ltr'><strong><em>τῆν</em></strong></span> <span class='ocrx_word' id='word_1_210' title='bbox 608 2451 740 2538; x_wconf 86' lang='grc' dir='ltr'><strong><em>δραγμῆν</em></strong></span> <span class='ocrx_word' id='word_1_211' title='bbox 764 2451 818 2536; x_wconf 84' lang='grc' dir='ltr'><strong><em>τῆν</em></strong></span> <span class='ocrx_word' id='word_1_212' title='bbox 840 2451 901 2520; x_wconf 80' lang='grc' dir='ltr'><strong><em>όνω</em></strong></span> <span class='ocrx_word' id='word_1_213' title='bbox 921 2457 1040 2534; x_wconf 88' lang='grc' dir='ltr'><strong><em>Σοφίαν</em></strong></span> <span class='ocrx_word' id='word_1_214' title='bbox 1061 2457 1230 2540; x_wconf 73' lang='grc' dir='ltr'><strong><em>διηγοῦνται</em></strong></span> <span class='ocrx_word' id='word_1_215' title='bbox 1248 2453 1400 2538; x_wconf 84' lang='grc' dir='ltr'><strong><em>λέγεσθαι,</em></strong></span> 
     </span>
     <span class='ocr_line' id='line_1_23' title="bbox 248 2552 1399 2642; baseline -0.001 -21"><span class='ocrx_word' id='word_1_216' title='bbox 248 2555 313 2639; x_wconf 86' lang='grc' dir='ltr'><strong><em>ῆτις</em></strong></span> <span class='ocrx_word' id='word_1_217' title='bbox 334 2554 499 2622; x_wconf 74' lang='grc' dir='ltr'><strong><em>ἀπολέσασα</em></strong></span> <span class='ocrx_word' id='word_1_218' title='bbox 520 2553 573 2638; x_wconf 83' lang='grc' dir='ltr'><strong><em>τῆν</em></strong></span> <span class='ocrx_word' id='word_1_219' title='bbox 590 2552 772 2638; x_wconf 83' lang='grc' dir='ltr'><strong><em>Ἐνθύμησιν</em></strong></span> <span class='ocrx_word' id='word_1_220' title='bbox 787 2553 893 2638; x_wconf 82' lang='grc' dir='ltr'><strong><em>αύτῆς,</em></strong></span> <span class='ocrx_word' id='word_1_221' title='bbox 921 2554 1045 2642; x_wconf 87' lang='grc' dir='ltr'><strong><em>ῦστερον</em></strong></span> <span class='ocrx_word' id='word_1_222' title='bbox 1061 2557 1307 2642; x_wconf 87' lang='grc' dir='ltr'><strong><em>καθαριοθέντων</em></strong></span> <span class='ocrx_word' id='word_1_223' title='bbox 1323 2554 1399 2620; x_wconf 73' lang='grc' dir='ltr'><strong><em>κόν·</em></strong></span> 
     </span>
     <span class='ocr_line' id='line_1_24' title="bbox 249 2655 1403 2744; baseline -0.002 -20"><span class='ocrx_word' id='word_1_224' title='bbox 249 2685 307 2724; x_wconf 84' lang='grc' dir='ltr'><strong><em>των</em></strong></span> <span class='ocrx_word' id='word_1_225' title='bbox 325 2657 375 2724; x_wconf 80' lang='grc' dir='ltr'><strong><em>διό</em></strong></span> <span class='ocrx_word' id='word_1_226' title='bbox 391 2662 443 2742; x_wconf 84' lang='grc' dir='ltr'><strong><em>τῆς</em></strong></span> <span class='ocrx_word' id='word_1_227' title='bbox 462 2664 515 2724; x_wconf 90' lang='grc' dir='ltr'><strong><em>τοῦ</em></strong></span> <span class='ocrx_word' id='word_1_228' title='bbox 532 2665 675 2744; x_wconf 82' lang='grc' dir='ltr'><strong><em>Σωτῆρος</em></strong></span> <span class='ocrx_word' id='word_1_229' title='bbox 693 2661 871 2742; x_wconf 75' lang='grc' dir='ltr'><strong><em>παρουσίας,</em></strong></span> <span class='ocrx_word' id='word_1_230' title='bbox 901 2655 1027 2740; x_wconf 87' lang='grc' dir='ltr'><strong><em>εύρίσκει</em></strong></span> <span class='ocrx_word' id='word_1_231' title='bbox 1044 2656 1144 2742; x_wconf 88' lang='grc' dir='ltr'><strong><em>αύτῆν.</em></strong></span> <span class='ocrx_word' id='word_1_232' title='bbox 1187 2655 1243 2723; x_wconf 89' lang='grc' dir='ltr'><strong><em>Διό</em></strong></span> <span class='ocrx_word' id='word_1_233' title='bbox 1259 2660 1313 2722; x_wconf 83' lang='grc' dir='ltr'><strong><em>καὶ</em></strong></span> <span class='ocrx_word' id='word_1_234' title='bbox 1329 2657 1403 2723; x_wconf 81' lang='grc' dir='ltr'><strong><em>ταῦ·</em></strong></span> 
     </span>
     <span class='ocr_line' id='line_1_25' title="bbox 249 2756 1403 2846; baseline -0.002 -18"><span class='ocrx_word' id='word_1_235' title='bbox 249 2788 302 2844; x_wconf 83' lang='grc' dir='ltr'><strong><em>την</em></strong></span> <span class='ocrx_word' id='word_1_236' title='bbox 317 2759 579 2834; x_wconf 70' lang='grc' dir='ltr'><strong><em>ἀποκαθίστασθαι</em></strong></span> <span class='ocrx_word' id='word_1_237' title='bbox 590 2757 653 2826; x_wconf 86' lang='grc' dir='ltr'><strong><em>κατ’</em></strong></span> <span class='ocrx_word' id='word_1_238' title='bbox 666 2757 776 2836; x_wconf 83' lang='grc' dir='ltr'><strong><em>αύτούς</em></strong></span> <span class='ocrx_word' id='word_1_239' title='bbox 791 2758 873 2836; x_wconf 70' lang='grc' dir='ltr'><strong><em>ἐντός</em></strong></span> <span class='ocrx_word' id='word_1_240' title='bbox 887 2759 1099 2846; x_wconf 80' lang='grc' dir='ltr'><strong><em>Πληρούματος.</em></strong></span> <span class='ocrx_word' id='word_1_241' title='bbox 1132 2766 1277 2842; x_wconf 80' lang='grc' dir='ltr'><strong><em>Σνμεοῖνα</em></strong></span> <span class='ocrx_word' id='word_1_242' title='bbox 1291 2756 1348 2825; x_wconf 89' lang='grc' dir='ltr'><strong><em>τόν</em></strong></span> <span class='ocrx_word' id='word_1_243' title='bbox 1359 2762 1403 2836; x_wconf 77' lang='grc' dir='ltr'><strong><em>τίς</em></strong></span> 
     </span>
     <span class='ocr_line' id='line_1_26' title="bbox 249 2859 1401 2950; baseline -0.003 -21"><span class='ocrx_word' id='word_1_244' title='bbox 249 2862 300 2940; x_wconf 80' lang='grc' dir='ltr'><strong><em>τός</em></strong></span> <span class='ocrx_word' id='word_1_245' title='bbox 317 2861 445 2949; x_wconf 69' lang='grc' dir='ltr'><strong><em>ἀγκύλας</em></strong></span> <span class='ocrx_word' id='word_1_246' title='bbox 461 2860 587 2946; x_wconf 78' lang='grc' dir='ltr'><strong><em>λαβόντα</em></strong></span> <span class='ocrx_word' id='word_1_247' title='bbox 603 2861 656 2930; x_wconf 89' lang='grc' dir='ltr'><strong><em>τόν</em></strong></span> <span class='ocrx_word' id='word_1_248' title='bbox 675 2860 819 2947; x_wconf 86' lang='grc' dir='ltr'><strong><em>Χριστόν,</em></strong></span> <span class='ocrx_word' id='word_1_249' title='bbox 840 2863 891 2927; x_wconf 87' lang='grc' dir='ltr'><strong><em>καλ</em></strong></span> <span class='ocrx_word' id='word_1_250' title='bbox 909 2861 1152 2949; x_wconf 82' lang='grc' dir='ltr'><strong><em>εύχαριστῆσανεα</em></strong></span> <span class='ocrx_word' id='word_1_251' title='bbox 1169 2859 1274 2950; x_wconf 63' lang='grc' dir='ltr'><strong><em>ἀύτῷ</em></strong></span> <span class='ocrx_word' id='word_1_252' title='bbox 1292 2863 1346 2926; x_wconf 83' lang='grc' dir='ltr'><strong><em>καί</em></strong></span> <span class='ocrx_word' id='word_1_253' title='bbox 1362 2865 1401 2927; x_wconf 73' lang='grc' dir='ltr'><strong><em>εί·</em></strong></span> 
     </span>
     <span class='ocr_line' id='line_1_27' title="bbox 250 2961 1403 3048; baseline -0.002 -16"><span class='ocrx_word' id='word_1_254' title='bbox 250 2965 359 3046; x_wconf 87' lang='grc' dir='ltr'><strong><em>ιτόντα,</em></strong></span> <span class='ocrx_word' id='word_1_255' title='bbox 383 2973 452 3032; x_wconf 86' lang='grc' dir='ltr'><strong><em>Νῦν</em></strong></span> <span class='ocrx_word' id='word_1_256' title='bbox 466 2963 605 3041; x_wconf 81' lang='grc' dir='ltr'><strong><em>ύτιολύεις</em></strong></span> <span class='ocrx_word' id='word_1_257' title='bbox 619 2963 672 3031; x_wconf 89' lang='grc' dir='ltr'><strong><em>τόν</em></strong></span> <span class='ocrx_word' id='word_1_258' title='bbox 688 2962 795 3030; x_wconf 84' lang='grc' dir='ltr'><strong><em>δοῦλόν</em></strong></span> <span class='ocrx_word' id='word_1_259' title='bbox 810 2985 878 3045; x_wconf 88' lang='grc' dir='ltr'><strong><em>σου,</em></strong></span> <span class='ocrx_word' id='word_1_260' title='bbox 900 2967 1042 3046; x_wconf 81' lang='grc' dir='ltr'><strong><em>δέσποτα,</em></strong></span> <span class='ocrx_word' id='word_1_261' title='bbox 1064 2963 1139 3031; x_wconf 79' lang='grc' dir='ltr'><strong><em>κατῦ</em></strong></span> <span class='ocrx_word' id='word_1_262' title='bbox 1151 2962 1186 3031; x_wconf 87' lang='grc' dir='ltr'><strong><em>τό</em></strong></span> <span class='ocrx_word' id='word_1_263' title='bbox 1200 2961 1281 3048; x_wconf 78' lang='grc' dir='ltr'><strong><em>ρῆμό</em></strong></span> <span class='ocrx_word' id='word_1_264' title='bbox 1297 2985 1355 3029; x_wconf 87' lang='grc' dir='ltr'><strong><em>σον</em></strong></span> <span class='ocrx_word' id='word_1_265' title='bbox 1369 2966 1403 3030; x_wconf 79' lang='grc' dir='ltr'><strong><em>έν</em></strong></span> 
     </span>
     <span class='ocr_line' id='line_1_28' title="bbox 251 3063 1400 3158; baseline -0.002 -24"><span class='ocrx_word' id='word_1_266' title='bbox 251 3066 366 3158; x_wconf 85' lang='grc' dir='ltr'><strong><em>είρῆνη,</em></strong></span> <span class='ocrx_word' id='word_1_267' title='bbox 388 3066 482 3134; x_wconf 82' lang='grc' dir='ltr'><strong><em>τόκον</em></strong></span> <span class='ocrx_word' id='word_1_268' title='bbox 497 3063 573 3133; x_wconf 75' lang='grc' dir='ltr'><strong><em>εἶναι</em></strong></span> <span class='ocrx_word' id='word_1_269' title='bbox 587 3074 640 3132; x_wconf 92' lang='grc' dir='ltr'><strong><em>τοῦ</em></strong></span> <span class='ocrx_word' id='word_1_270' title='bbox 657 3074 850 3152; x_wconf 84' lang='grc' dir='ltr'><strong><em>Δημιουργοῦ</em></strong></span> <span class='ocrx_word' id='word_1_271' title='bbox 864 3069 1011 3152; x_wconf 85' lang='grc' dir='ltr'><strong><em>λέγουσιν,</em></strong></span> <span class='ocrx_word' id='word_1_272' title='bbox 1037 3066 1093 3144; x_wconf 60' lang='grc' dir='ltr'><strong><em>’ῦς</em></strong></span> <span class='ocrx_word' id='word_1_273' title='bbox 1107 3065 1246 3143; x_wconf 71' lang='grc' dir='ltr'><strong><em>ἐλθόντος</em></strong></span> <span class='ocrx_word' id='word_1_274' title='bbox 1260 3072 1317 3131; x_wconf 91' lang='grc' dir='ltr'><strong><em>τοῦ</em></strong></span> <span class='ocrx_word' id='word_1_275' title='bbox 1331 3073 1400 3132; x_wconf 87' lang='grc' dir='ltr'><strong><em>Σω-</em></strong></span> 
     </span>
     <span class='ocr_line' id='line_1_29' title="bbox 250 3166 1400 3259; baseline -0.002 -23"><span class='ocrx_word' id='word_1_276' title='bbox 250 3178 340 3256; x_wconf 77' lang='grc' dir='ltr'><strong><em>τῆρος</em></strong></span> <span class='ocrx_word' id='word_1_277' title='bbox 361 3172 454 3254; x_wconf 75' lang='grc' dir='ltr'><strong><em>ἔμαθε</em></strong></span> <span class='ocrx_word' id='word_1_278' title='bbox 473 3168 527 3254; x_wconf 86' lang='grc' dir='ltr'><strong><em>τῆν</em></strong></span> <span class='ocrx_word' id='word_1_279' title='bbox 544 3169 700 3252; x_wconf 80' lang='grc' dir='ltr'><strong><em>μετάθεσιν</em></strong></span> <span class='ocrx_word' id='word_1_280' title='bbox 716 3166 824 3248; x_wconf 90' lang='grc' dir='ltr'><strong><em>αύτοῦ,</em></strong></span> <span class='ocrx_word' id='word_1_281' title='bbox 854 3172 905 3235; x_wconf 86' lang='grc' dir='ltr'><strong><em>καί</em></strong></span> <span class='ocrx_word' id='word_1_282' title='bbox 921 3167 1113 3256; x_wconf 83' lang='grc' dir='ltr'><strong><em>ηύγαρίστησε</em></strong></span> <span class='ocrx_word' id='word_1_283' title='bbox 1128 3175 1169 3259; x_wconf 76' lang='grc' dir='ltr'><strong><em>τῷ</em></strong></span> <span class='ocrx_word' id='word_1_284' title='bbox 1186 3174 1290 3257; x_wconf 79' lang='grc' dir='ltr'><strong><em>Βνθηῦ.</em></strong></span> <span class='ocrx_word' id='word_1_285' title='bbox 1337 3171 1400 3234; x_wconf 79' lang='grc' dir='ltr'><strong><em>Καί</em></strong></span> 
     </span>
     <span class='ocr_line' id='line_1_30' title="bbox 251 3269 1401 3360; baseline -0.003 -22"><span class='ocrx_word' id='word_1_286' title='bbox 251 3272 301 3338; x_wconf 79' lang='grc' dir='ltr'><strong><em>διό</em></strong></span> <span class='ocrx_word' id='word_1_287' title='bbox 316 3279 369 3356; x_wconf 83' lang='grc' dir='ltr'><strong><em>τῆς</em></strong></span> <span class='ocrx_word' id='word_1_288' title='bbox 386 3271 524 3356; x_wconf 72' lang='grc' dir='ltr'><strong><em>4”Αννης</em></strong></span> <span class='ocrx_word' id='word_1_289' title='bbox 539 3280 592 3355; x_wconf 84' lang='grc' dir='ltr'><strong><em>τῆς</em></strong></span> <span class='ocrx_word' id='word_1_290' title='bbox 606 3273 638 3338; x_wconf 85' lang='grc' dir='ltr'><strong><em>έν</em></strong></span> <span class='ocrx_word' id='word_1_291' title='bbox 654 3279 694 3360; x_wconf 80' lang='grc' dir='ltr'><strong><em>τῷ</em></strong></span> <span class='ocrx_word' id='word_1_292' title='bbox 713 3269 864 3360; x_wconf 75' lang='grc' dir='ltr'><strong><em>εὐαγγελίῳ</em></strong></span> <span class='ocrx_word' id='word_1_293' title='bbox 885 3274 1104 3358; x_wconf 75' lang='grc' dir='ltr'><strong><em>κηρυσσομέιης</em></strong></span> <span class='ocrx_word' id='word_1_294' title='bbox 1119 3269 1306 3358; x_wconf 85' lang='grc' dir='ltr'><strong><em>ιτροφῆτιδος</em></strong></span> <span class='ocrx_word' id='word_1_295' title='bbox 1324 3269 1401 3336; x_wconf 73' lang='grc' dir='ltr'><strong><em>ἑκτὰ</em></strong></span> 
     </span>
     <span class='ocr_line' id='line_1_31' title="bbox 250 3372 1401 3460; baseline -0.003 -20"><span class='ocrx_word' id='word_1_296' title='bbox 250 3378 300 3458; x_wconf 77' lang='grc' dir='ltr'><strong><em>ίτη</em></strong></span> <span class='ocrx_word' id='word_1_297' title='bbox 318 3373 389 3458; x_wconf 71' lang='grc' dir='ltr'><strong><em>μετὰ</em></strong></span> <span class='ocrx_word' id='word_1_298' title='bbox 407 3372 514 3460; x_wconf 80' lang='grc' dir='ltr'><strong><em>ιίνδρός</em></strong></span> <span class='ocrx_word' id='word_1_299' title='bbox 528 3378 677 3458; x_wconf 72' lang='grc' dir='ltr'><strong><em>έζηκνίας,</em></strong></span> <span class='ocrx_word' id='word_1_300' title='bbox 699 3372 751 3440; x_wconf 87' lang='grc' dir='ltr'><strong><em>τόν</em></strong></span> <span class='ocrx_word' id='word_1_301' title='bbox 764 3374 795 3438; x_wconf 74' lang='grc' dir='ltr'><strong><em>δὲ</em></strong></span> <span class='ocrx_word' id='word_1_302' title='bbox 809 3372 912 3442; x_wconf 83' lang='grc' dir='ltr'><strong><em>λοιιτόν</em></strong></span> <span class='ocrx_word' id='word_1_303' title='bbox 927 3372 1043 3440; x_wconf 74' lang='grc' dir='ltr'><strong><em>ἅπαντα</em></strong></span> <span class='ocrx_word' id='word_1_304' title='bbox 1057 3374 1167 3459; x_wconf 83' lang='grc' dir='ltr'><strong><em>χρόνον</em></strong></span> <span class='ocrx_word' id='word_1_305' title='bbox 1178 3373 1269 3458; x_wconf 74' lang='grc' dir='ltr'><strong><em>γῆρας</em></strong></span> <span class='ocrx_word' id='word_1_306' title='bbox 1286 3379 1302 3418; x_wconf 76' lang='lat'><em>⁶</em></span> <span class='ocrx_word' id='word_1_307' title='bbox 1314 3398 1401 3456; x_wconf 78' lang='grc' dir='ltr'><strong><em>μεμε.</em></strong></span> 
     </span>
     <span class='ocr_line' id='line_1_32' title="bbox 250 3470 1403 3565; baseline -0.003 -21"><span class='ocrx_word' id='word_1_308' title='bbox 250 3483 390 3560; x_wconf 78' lang='grc' dir='ltr'><strong><em>νηκοίας,</em></strong></span> <span class='ocrx_word' id='word_1_309' title='bbox 412 3478 496 3565; x_wconf 80' lang='grc' dir='ltr'><strong><em>ύγρις</em></strong></span> <span class='ocrx_word' id='word_1_310' title='bbox 511 3470 548 3544; x_wconf 84' lang='grc' dir='ltr'><strong><em>ού</em></strong></span> <span class='ocrx_word' id='word_1_311' title='bbox 564 3474 616 3545; x_wconf 90' lang='grc' dir='ltr'><strong><em>τόν</em></strong></span> <span class='ocrx_word' id='word_1_312' title='bbox 633 3483 761 3561; x_wconf 83' lang='grc' dir='ltr'><strong><em>Σωτῆρα</em></strong></span> <span class='ocrx_word' id='word_1_313' title='bbox 778 3478 881 3541; x_wconf 78' lang='grc' dir='ltr'><strong><em>ἰδοῦσα</em></strong></span> <span class='ocrx_word' id='word_1_314' title='bbox 896 3478 1007 3564; x_wconf 80' lang='grc' dir='ltr'><strong><em>ἐπέγνω</em></strong></span> <span class='ocrx_word' id='word_1_315' title='bbox 1025 3475 1130 3557; x_wconf 87' lang='grc' dir='ltr'><strong><em>αύτόν,</em></strong></span> <span class='ocrx_word' id='word_1_316' title='bbox 1151 3479 1203 3542; x_wconf 83' lang='grc' dir='ltr'><strong><em>καί</em></strong></span> <span class='ocrx_word' id='word_1_317' title='bbox 1220 3473 1314 3544; x_wconf 81' lang='grc' dir='ltr'><strong><em>ίλύλει</em></strong></span> <span class='ocrx_word' id='word_1_318' title='bbox 1330 3479 1403 3563; x_wconf 78' lang='grc' dir='ltr'><strong><em>περί</em></strong></span> 
     </span>
     <span class='ocr_line' id='line_1_33' title="bbox 251 3576 1405 3667; baseline -0.003 -20"><span class='ocrx_word' id='word_1_319' title='bbox 251 3579 346 3647; x_wconf 87' lang='grc' dir='ltr'><strong><em>αῦτοῦ</em></strong></span> <span class='ocrx_word' id='word_1_320' title='bbox 367 3585 454 3660; x_wconf 77' lang='grc' dir='ltr'><strong><em>πᾶσι,</em></strong></span> <span class='ocrx_word' id='word_1_321' title='bbox 485 3579 675 3667; x_wconf 75' lang='grc' dir='ltr'><strong><em>φανερώτατα</em></strong></span> <span class='ocrx_word' id='word_1_322' title='bbox 695 3576 748 3662; x_wconf 86' lang='grc' dir='ltr'><strong><em>τῆν</em></strong></span> <span class='ocrx_word' id='word_1_323' title='bbox 767 3576 914 3662; x_wconf 77' lang='grc' dir='ltr'><strong><em>Ἀγαμοόθ</em></strong></span> <span class='ocrx_word' id='word_1_324' title='bbox 931 3578 1095 3662; x_wconf 84' lang='grc' dir='ltr'><strong><em>μηνύεσθαε</em></strong></span> <span class='ocrx_word' id='word_1_325' title='bbox 1113 3583 1304 3664; x_wconf 73' lang='grc' dir='ltr'><strong><em>διορίζονται,</em></strong></span> <span class='ocrx_word' id='word_1_326' title='bbox 1334 3577 1405 3663; x_wconf 82' lang='grc' dir='ltr'><strong><em>ῆτις</em></strong></span> 
     </span>
     <span class='ocr_line' id='line_1_34' title="bbox 250 3679 1405 3770; baseline -0.003 -20"><span class='ocrx_word' id='word_1_327' title='bbox 250 3681 327 3770; x_wconf 80' lang='grc' dir='ltr'><strong><em>πρός</em></strong></span> <span class='ocrx_word' id='word_1_328' title='bbox 343 3681 439 3769; x_wconf 90' lang='grc' dir='ltr'><strong><em>όλίγον</em></strong></span> <span class='ocrx_word' id='word_1_329' title='bbox 457 3686 561 3750; x_wconf 78' lang='grc' dir='ltr'><strong><em>ἰδοῦσα</em></strong></span> <span class='ocrx_word' id='word_1_330' title='bbox 576 3680 627 3750; x_wconf 87' lang='grc' dir='ltr'><strong><em>τόν</em></strong></span> <span class='ocrx_word' id='word_1_331' title='bbox 640 3688 766 3765; x_wconf 83' lang='grc' dir='ltr'><strong><em>Σωτῆρα</em></strong></span> <span class='ocrx_word' id='word_1_332' title='bbox 783 3679 854 3763; x_wconf 73' lang='grc' dir='ltr'><strong><em>μετὰ</em></strong></span> <span class='ocrx_word' id='word_1_333' title='bbox 870 3688 929 3748; x_wconf 78' lang='grc' dir='ltr'><strong><em>τῶν</em></strong></span> <span class='ocrx_word' id='word_1_334' title='bbox 945 3679 1108 3766; x_wconf 76' lang='grc' dir='ltr'><strong><em>ῆλικιοιτοῦν</em></strong></span> <span class='ocrx_word' id='word_1_335' title='bbox 1120 3679 1228 3762; x_wconf 87' lang='grc' dir='ltr'><strong><em>αύτοῦ,</em></strong></span> <span class='ocrx_word' id='word_1_336' title='bbox 1249 3689 1291 3768; x_wconf 74' lang='grc' dir='ltr'><strong><em>τῷ</em></strong></span> <span class='ocrx_word' id='word_1_337' title='bbox 1304 3688 1405 3769; x_wconf 83' lang='grc' dir='ltr'><strong><em>λοειτηῦ</em></strong></span> 
     </span>
     <span class='ocr_line' id='line_1_35' title="bbox 250 3781 1404 3875; baseline -0.003 -23"><span class='ocrx_word' id='word_1_338' title='bbox 250 3783 346 3875; x_wconf 74' lang='grc' dir='ltr'><strong><em>χρόνῳ</em></strong></span> <span class='ocrx_word' id='word_1_339' title='bbox 363 3787 451 3850; x_wconf 80' lang='grc' dir='ltr'><strong><em>παντί</em></strong></span> <span class='ocrx_word' id='word_1_340' title='bbox 470 3787 622 3868; x_wconf 79' lang='grc' dir='ltr'><strong><em>ομένοιισα</em></strong></span> <span class='ocrx_word' id='word_1_341' title='bbox 639 3787 670 3850; x_wconf 84' lang='grc' dir='ltr'><strong><em>έν</em></strong></span> <span class='ocrx_word' id='word_1_342' title='bbox 685 3790 721 3873; x_wconf 81' lang='grc' dir='ltr'><strong><em>τῆ</em></strong></span> <span class='ocrx_word' id='word_1_343' title='bbox 739 3782 872 3866; x_wconf 83' lang='grc' dir='ltr'><strong><em>μεσότητι</em></strong></span> <span class='ocrx_word' id='word_1_344' title='bbox 887 3787 1071 3870; x_wconf 82' lang='grc' dir='ltr'><strong><em>ιτροςεδίγετο</em></strong></span> <span class='ocrx_word' id='word_1_345' title='bbox 1088 3781 1195 3863; x_wconf 85' lang='grc' dir='ltr'><strong><em>αύτύν,</em></strong></span> <span class='ocrx_word' id='word_1_346' title='bbox 1223 3782 1294 3850; x_wconf 87' lang='grc' dir='ltr'><strong><em>ιιόττ</em></strong></span> <span class='ocrx_word' id='word_1_347' title='bbox 1310 3782 1404 3849; x_wconf 81' lang='grc' dir='ltr'><strong><em>ττιὶλιν</em></strong></span> 
     </span>
     <span class='ocr_line' id='line_1_36' title="bbox 251 3883 1404 3977; baseline -0.003 -23"><span class='ocrx_word' id='word_1_348' title='bbox 251 3885 403 3968; x_wconf 73' lang='grc' dir='ltr'><strong><em>ἐλεύσεται,</em></strong></span> <span class='ocrx_word' id='word_1_349' title='bbox 418 3889 470 3954; x_wconf 84' lang='grc' dir='ltr'><strong><em>καί</em></strong></span> <span class='ocrx_word' id='word_1_350' title='bbox 486 3885 742 3969; x_wconf 65' lang='grc' dir='ltr'><strong><em>7οίιτοκαταστῆσει</em></strong></span> <span class='ocrx_word' id='word_1_351' title='bbox 755 3884 848 3970; x_wconf 84' lang='grc' dir='ltr'><strong><em>αύτῆν</em></strong></span> <span class='ocrx_word' id='word_1_352' title='bbox 861 3895 899 3977; x_wconf 83' lang='grc' dir='ltr'><strong><em>τῆ</em></strong></span> <span class='ocrx_word' id='word_1_353' title='bbox 914 3886 1005 3971; x_wconf 83' lang='grc' dir='ltr'><strong><em>αύτῆς</em></strong></span> <span class='ocrx_word' id='word_1_354' title='bbox 1017 3892 1146 3976; x_wconf 71' lang='grc' dir='ltr'><strong><em>συζυγίᾳ.</em></strong></span> <span class='ocrx_word' id='word_1_355' title='bbox 1182 3889 1241 3952; x_wconf 81' lang='grc' dir='ltr'><strong><em>Καί</em></strong></span> <span class='ocrx_word' id='word_1_356' title='bbox 1255 3883 1287 3951; x_wconf 88' lang='grc' dir='ltr'><strong><em>τό</em></strong></span> <span class='ocrx_word' id='word_1_357' title='bbox 1302 3883 1404 3968; x_wconf 77' lang='grc' dir='ltr'><strong><em>ὄνομα</em></strong></span> 
     </span>
    </p>
   </div>
   <div class='ocr_carea' id='block_1_3' title="bbox 252 3986 1401 4080">
    <p class='ocr_par' dir='ltr' id='par_1_5' title="bbox 252 3986 1401 4080">
     <span class='ocr_line' id='line_1_37' title="bbox 252 3986 1401 4080; baseline -0.003 -24"><span class='ocrx_word' id='word_1_358' title='bbox 252 3992 284 4056; x_wconf 85' lang='grc' dir='ltr'><strong><em>δέ</em></strong></span> <span class='ocrx_word' id='word_1_359' title='bbox 297 3990 388 4075; x_wconf 86' lang='grc' dir='ltr'><strong><em>αύτῆς</em></strong></span> <span class='ocrx_word' id='word_1_360' title='bbox 402 3989 589 4076; x_wconf 85' lang='grc' dir='ltr'><strong><em>μεμηνῦσθαι</em></strong></span> <span class='ocrx_word' id='word_1_361' title='bbox 600 3986 659 4056; x_wconf 85' lang='grc' dir='ltr'><strong><em>ύιιό</em></strong></span> <span class='ocrx_word' id='word_1_362' title='bbox 673 3995 727 4054; x_wconf 88' lang='grc' dir='ltr'><strong><em>τοῦ</em></strong></span> <span class='ocrx_word' id='word_1_363' title='bbox 739 3995 879 4075; x_wconf 87' lang='grc' dir='ltr'><strong><em>Σωτῆρος</em></strong></span> <span class='ocrx_word' id='word_1_364' title='bbox 893 3992 924 4057; x_wconf 80' lang='grc' dir='ltr'><strong><em>ἐν</em></strong></span> <span class='ocrx_word' id='word_1_365' title='bbox 935 3999 976 4080; x_wconf 77' lang='grc' dir='ltr'><strong><em>τῷ</em></strong></span> <span class='ocrx_word' id='word_1_366' title='bbox 989 3992 1144 4077; x_wconf 88' lang='grc' dir='ltr'><strong><em>είρηιιέναι,</em></strong></span> <span class='ocrx_word' id='word_1_367' title='bbox 1161 3989 1222 4054; x_wconf 84' lang='grc' dir='ltr'><strong><em>Καί</em></strong></span> <span class='ocrx_word' id='word_1_368' title='bbox 1233 3988 1401 4073; x_wconf 83' lang='grc' dir='ltr'><strong><em>έδικαιούθη</em></strong></span> 
     </span>
    </p>
   </div>
   <div class='ocr_carea' id='block_1_4' title="bbox 251 4174 1404 4590">
    <p class='ocr_par' dir='ltr' id='par_1_6' title="bbox 251 4174 1404 4590">
     <span class='ocr_line' id='line_1_38' title="bbox 289 4174 1153 4250; baseline -0.002 -16"><span class='ocrx_word' id='word_1_369' title='bbox 289 4179 327 4234; x_wconf 85' lang='grc' dir='ltr'><strong><em>λί.</em></strong></span> <span class='ocrx_word' id='word_1_370' title='bbox 345 4181 483 4249; x_wconf 70' lang='grc' dir='ltr'><strong><em>διαρρήδην</em></strong></span> <span class='ocrx_word' id='word_1_371' title='bbox 502 4183 595 4233; x_wconf 71' lang='lat' dir='ltr'><strong><em>addidi!</em></strong></span> <span class='ocrx_word' id='word_1_372' title='bbox 614 4183 718 4244; x_wconf 76' lang='lat' dir='ltr'><strong><em>primum</em></strong></span> <span class='ocrx_word' id='word_1_373' title='bbox 737 4183 807 4232; x_wconf 84' lang='grc' dir='ltr'><strong><em>Ρτλο-</em></strong></span> <span class='ocrx_word' id='word_1_374' title='bbox 834 4175 898 4235; x_wconf 75' lang='lat' dir='ltr'><strong><em>“On</em></strong></span> <span class='ocrx_word' id='word_1_375' title='bbox 915 4179 975 4236; x_wconf 81' lang='grc' dir='ltr'><strong><em>ἰδιδν</em></strong></span> <span class='ocrx_word' id='word_1_376' title='bbox 991 4174 1088 4250; x_wconf 84' lang='grc' dir='ltr'><strong><em>ῆμελλε</em></strong></span> <span class='ocrx_word' id='word_1_377' title='bbox 1102 4186 1153 4232; x_wconf 77' lang='grc' dir='ltr'><strong><em>οιλλ.</em></strong></span> 
     </span>
     <span class='ocr_line' id='line_1_39' title="bbox 252 4247 1262 4303; baseline -0.004 -1"><span class='ocrx_word' id='word_1_378' title='bbox 252 4254 306 4302; x_wconf 70' lang='grc' dir='ltr'><strong><em>σίνε</em></strong></span> <span class='ocrx_word' id='word_1_379' title='bbox 321 4254 350 4302; x_wconf 75' lang='grc' dir='ltr'><strong><em>δα</em></strong></span> <span class='ocrx_word' id='word_1_380' title='bbox 366 4254 417 4303; x_wconf 79' lang='lat' dir='ltr'>cod.</span> <span class='ocrx_word' id='word_1_381' title='bbox 432 4253 504 4302; x_wconf 71' lang='lat' dir='ltr'><strong><em>Vane.</em></strong></span> <span class='ocrx_word' id='word_1_382' title='bbox 876 4249 915 4302; x_wconf 78' lang='grc'><strong><em>18.</em></strong></span> <span class='ocrx_word' id='word_1_383' title='bbox 931 4247 974 4303; x_wconf 87' lang='grc' dir='ltr'><strong><em>τόν</em></strong></span> <span class='ocrx_word' id='word_1_384' title='bbox 990 4265 1037 4300; x_wconf 80' lang='grc' dir='ltr'><strong><em>κοτε</em></strong></span> <span class='ocrx_word' id='word_1_385' title='bbox 1053 4251 1119 4300; x_wconf 71' lang='lat' dir='ltr'><strong><em>habt!</em></strong></span> <span class='ocrx_word' id='word_1_386' title='bbox 1135 4249 1186 4300; x_wconf 65' lang='lat' dir='ltr'><strong><em>cod.</em></strong></span> <span class='ocrx_word' id='word_1_387' title='bbox 1208 4251 1262 4299; x_wconf 73' lang='lat' dir='ltr'><strong><em>Vm.</em></strong></span> 
     </span>
     <span class='ocr_line' id='line_1_40' title="bbox 288 4315 1404 4380; baseline -0.001 -10"><span class='ocrx_word' id='word_1_388' title='bbox 288 4320 327 4370; x_wconf 80' lang='lat'><strong><em>15.</em></strong></span> <span class='ocrx_word' id='word_1_389' title='bbox 343 4315 376 4372; x_wconf 81' lang='grc' dir='ltr'><strong><em>τοὶ</em></strong></span> <span class='ocrx_word' id='word_1_390' title='bbox 392 4315 472 4371; x_wconf 80' lang='grc' dir='ltr'><strong><em>πάντα</em></strong></span> <span class='ocrx_word' id='word_1_391' title='bbox 488 4321 539 4369; x_wconf 79' lang='lat' dir='ltr'>cod.</span> <span class='ocrx_word' id='word_1_392' title='bbox 551 4320 605 4368; x_wconf 76' lang='lat' dir='ltr'><strong><em>Vm.</em></strong></span> <span class='ocrx_word' id='word_1_393' title='bbox 877 4315 915 4368; x_wconf 82' lang='lat'><strong><em>19.</em></strong></span> <span class='ocrx_word' id='word_1_394' title='bbox 929 4317 996 4368; x_wconf 86' lang='grc' dir='ltr'><strong><em>λίοιιο</em></strong></span> <span class='ocrx_word' id='word_1_395' title='bbox 1006 4321 1249 4368; x_wconf 77' lang='grc' dir='ltr'><strong><em>(ἱεοδθοοιιλεαιιτοικ</em></strong></span> <span class='ocrx_word' id='word_1_396' title='bbox 1258 4318 1404 4380; x_wconf 60' lang='lat' dir='ltr'><strong><em>wlnod.</em></strong></span> 
     </span>
     <span class='ocr_line' id='line_1_41' title="bbox 289 4383 1404 4454; baseline -0.001 -17"><span class='ocrx_word' id='word_1_397' title='bbox 289 4383 328 4437; x_wconf 83' lang='lat'><strong><em>16.</em></strong></span> <span class='ocrx_word' id='word_1_398' title='bbox 344 4386 383 4454; x_wconf 76' lang='grc' dir='ltr'><strong><em>τῷ</em></strong></span> <span class='ocrx_word' id='word_1_399' title='bbox 400 4401 445 4437; x_wconf 88' lang='grc' dir='ltr'><strong><em>ιιοιι</em></strong></span> <span class='ocrx_word' id='word_1_400' title='bbox 461 4389 527 4437; x_wconf 72' lang='lat' dir='ltr'><em>habet</em></span> <span class='ocrx_word' id='word_1_401' title='bbox 543 4389 594 4436; x_wconf 79' lang='grc' dir='ltr'><strong><em>οοσ.</em></strong></span> <span class='ocrx_word' id='word_1_402' title='bbox 612 4387 667 4437; x_wconf 74' lang='lat' dir='ltr'><strong><em>Vm.</em></strong></span> <span class='ocrx_word' id='word_1_403' title='bbox 843 4383 1298 4449; x_wconf 78' lang='grc' dir='ltr'><strong><em>λἰιιιίιιι,ριιίλαλιιλοιιναντοτακίνιιι</em></strong></span> <span class='ocrx_word' id='word_1_404' title='bbox 1325 4386 1404 4450; x_wconf 73' lang='grc' dir='ltr'><strong><em>Υιιλρο</em></strong></span> 
     </span>
     <span class='ocr_line' id='line_1_42' title="bbox 291 4451 1404 4516; baseline -0.001 -11"><span class='ocrx_word' id='word_1_405' title='bbox 291 4451 329 4505; x_wconf 85' lang='grc'><strong><em>17.</em></strong></span> <span class='ocrx_word' id='word_1_406' title='bbox 345 4457 380 4506; x_wconf 79' lang='lat' dir='ltr'><strong><em>ltu</em></strong></span> <span class='ocrx_word' id='word_1_407' title='bbox 399 4457 508 4516; x_wconf 70' lang='lat' dir='ltr'><strong><em>rescripsi</em></strong></span> <span class='ocrx_word' id='word_1_408' title='bbox 525 4457 652 4505; x_wconf 81' lang='grc' dir='ltr'><strong><em>τεταιιδιειιι</em></strong></span> <span class='ocrx_word' id='word_1_409' title='bbox 673 4457 720 4504; x_wconf 76' lang='lat' dir='ltr'><strong><em>Vel.</em></strong></span> <span class='ocrx_word' id='word_1_410' title='bbox 737 4457 808 4507; x_wconf 84' lang='grc' dir='ltr'><strong><em>ίιιλττ-</em></strong></span> <span class='ocrx_word' id='word_1_411' title='bbox 841 4451 1141 4506; x_wconf 78' lang='grc' dir='ltr'><strong><em>εαλοίοννανεσταλκίναι</em></strong></span> <span class='ocrx_word' id='word_1_412' title='bbox 1165 4455 1339 4516; x_wconf 67' lang='lat' dir='ltr'><strong><em>mmmm</em></strong></span> <span class='ocrx_word' id='word_1_413' title='bbox 1350 4469 1404 4504; x_wconf 87' lang='grc' dir='ltr'><strong><em>οτι·-</em></strong></span> 
     </span>
     <span class='ocr_line' id='line_1_43' title="bbox 251 4520 1266 4590; baseline -0.004 -16"><span class='ocrx_word' id='word_1_414' title='bbox 251 4525 492 4587; x_wconf 60' lang='lat' dir='ltr'><strong><em>praemandatum</em></strong></span> <span class='ocrx_word' id='word_1_415' title='bbox 506 4527 624 4574; x_wconf 77' lang='grc' dir='ltr'><strong><em>τιοίτιιίίο.</em></strong></span> <span class='ocrx_word' id='word_1_416' title='bbox 660 4525 732 4586; x_wconf 61' lang='lat' dir='ltr'><strong><em>Vulso</em></strong></span> <span class='ocrx_word' id='word_1_417' title='bbox 746 4527 810 4573; x_wconf 84' lang='grc' dir='ltr'><strong><em>ιτλοί</em></strong></span> <span class='ocrx_word' id='word_1_418' title='bbox 842 4525 869 4572; x_wconf 73' lang='lat' dir='ltr'><strong><em>m</em></strong></span> <span class='ocrx_word' id='word_1_419' title='bbox 886 4530 912 4570; x_wconf 82' lang='lat' dir='ltr'><strong><em>et</em></strong></span> <span class='ocrx_word' id='word_1_420' title='bbox 929 4537 985 4572; x_wconf 83' lang='grc' dir='ltr'><strong><em>οιιω</em></strong></span> <span class='ocrx_word' id='word_1_421' title='bbox 1000 4520 1133 4590; x_wconf 73' lang='lat' dir='ltr'>semetipso</span> <span class='ocrx_word' id='word_1_422' title='bbox 1152 4520 1266 4572; x_wconf 79' lang='grc' dir='ltr'><strong><em>οτετίειε.</em></strong></span> 
     </span>
    </p>
   </div>
   <div class='ocr_carea' id='block_1_5' title="bbox 0 0 1534 4996">
    <p class='ocr_par' dir='ltr' id='par_1_7' title="bbox 0 0 1534 4996">
     <span class='ocr_line' id='line_1_44' title="bbox 0 0 1534 4996; baseline 0 0"><span class='ocrx_word' id='word_1_423' title='bbox 0 0 1534 4996; x_wconf 95' lang='lat' dir='ltr'><strong><em> </em></strong></span> 
     </span>
    </p>
   </div>
  </div>
 </body>
</html>
