3010 5000
352 331 486 384 PhNhllll
503 332 564 385 Llh.
579 333 598 382 l.
619 329 700 384 TOM.
711 330 756 382 lll.
772 327 871 380 naun.
883 327 951 380 XLl.
1167 315 1225 376 551

32 486 58 542 is.
76 447 182 516 leeuhi
202 460 232 516 et
246 449 329 517 Petri
347 449 487 537 Paulique
504 450 691 516 successione
712 469 820 514 nonum
843 447 937 513 locum
962 446 1089 510 tenebat.
1137 441 1230 510 Cuius

23 611 55 644 :.'
76 555 186 636 dogma
207 576 270 619 eum
290 555 466 640 reliquorum
486 575 558 638 quos
575 553 808 618 enumeravimus
827 550 1039 614 haeretieorum
1056 547 1141 632 nugis
1160 568 1231 610 con·

75 657 210 722 sentiens
230 658 299 720 lieet
316 658 392 721 idem
415 677 481 720 esse
499 657 649 733 uideatur,
681 653 809 718 nonnihil
829 635 934 716 tumen¹
944 651 1107 736 discrepat,
1138 661 1167 712 et
1185 661 1230 716 eet

27 817 39 828 ,,
76 758 253 824 huiusmodi.
299 756 366 823 lluo
383 759 502 844 perinde
517 769 604 844 atque
620 757 666 822 alii
681 753 826 840 Principia
844 753 961 832 statuit,
986 774 1021 818 ae
1037 753 1108 816 deos
1126 752 1229 818 videli-

23 851 125 953 ]ucet
146 861 238 940 duos,
270 861 376 934 honum
400 862 541 940 alterum,
574 872 604 924 et
624 839 752 944 ignoturus
773 857 924 934 omnihus,
956 877 1040 940 quem
1064 851 1229 920 etl‘atrem

75 961 146 1026 lesu
165 961 343 1041 nominauit,
373 963 497 1027 alterum
514 974 694 1039 creatorem,
722 961 826 1026 mulum
847 970 876 1022 et
891 958 1056 1044 cognitum,
1081 955 1129 1041 qui
1150 966 1180 1019 et
1198 956 1228 1020 iu

45 1133 48 1140 ,
76 1065 143 1148 lege
161 1064 274 1130 loeutus
290 1077 320 1130 et
333 1066 481 1150 prophetis
496 1065 639 1150 apparuit,
655 1087 690 1128 ao
705 1084 735 1128 so
749 1063 902 1128 videndum
916 1079 1129 1144 saepenumero
1144 1079 1228 1145 proe-

78 1165 150 1230 huit.
199 1165 347 1234 Christum
365 1179 452 1254 negat
467 1189 484 1232 a
499 1166 596 1232 Maria
613 1167 758 1251 genitum,
782 1175 832 1229 aut
848 1184 934 1228 carne
950 1183 1056 1225 revera
1071 1161 1162 1224 luisse
1177 1181 1227 1226 ve·

24 1341 44 1352 ¹,
76 1269 196 1348 stilum,
227 1270 278 1332 sed
296 1270 437 1334 eiusmodi
454 1270 552 1354 specie
570 1281 656 1334 tenus
672 1269 824 1347 extitisse,
857 1277 886 1329 et
901 1263 1072 1350 apparuisse
1088 1263 1173 1326 talem
1192 1283 1227 1328 ee

24 1358 27 1366 ⁴
75 1371 177 1455 specie
198 1371 261 1438 solu
283 1372 420 1438 universa
443 1372 561 1436 iecisse.
608 1369 687 1436 ldem
705 1391 856 1456 corporum
876 1366 1120 1432 resurrectionem
1140 1385 1226 1450 repu-

76 1473 150 1553 diot3
186 1485 271 1540 vetus
291 1485 513 1554 testamentum,
548 1477 622 1558 quod
646 1495 698 1559 per
715 1470 840 1558 Moysen
863 1492 896 1534 oc
915 1469 1070 1556 prophetas
1089 1467 1225 1532 tradituro

23 1581 24 1636 ξ
76 1586 137 1652 est,
174 1585 308 1661 tanquam
332 1577 458 1642 alienum
483 1599 498 1640 a
523 1577 578 1642 deo
604 1576 709 1641 reiicit.
760 1572 909 1640 Christum
933 1594 949 1636 e
972 1572 1055 1635 coelo
1079 1580 1165 1654 atque
1188 1569 1224 1632 ah

34 1677 38 1686 ’
76 1677 177 1758 igunto
196 1674 284 1744 Patre
303 1679 492 1744 descendisse
513 1680 580 1744 ideo
602 1689 699 1765 putat,
730 1689 761 1744 ut
781 1677 826 1743 hic
845 1676 941 1740 mundi
961 1673 1120 1738 conditoris
1138 1681 1225 1755 atque

28 1786 31 1792 '
76 1780 186 1864 opiduis
208 1781 359 1867 imperium
383 1803 416 1846 ee
439 1783 622 1867 tyrannidem
641 1791 804 1858 everteret,
835 1779 864 1842 id
882 1778 957 1863 quod
976 1777 1050 1840 aliae
1068 1775 1224 1860 pleraeque

39 1961 43 1968 Ι
76 1881 215 1946 haereses
236 1883 416 1948 existimant.
461 1883 577 1950 Romae
600 1884 689 1968 igitur
708 1883 789 1948 hrevi
812 1883 860 1946 ille
879 1893 1009 1964 tenpore
1028 1887 1225 1942 commoratus

23 1995 37 2074 ’ἵ
76 2003 159 2048 suum
182 1982 327 2050 hloucioui
351 1985 432 2051 virus
455 1987 597 2071 aspersit,
622 2005 704 2070 quem
728 1985 815 2050 etiam
837 2001 1039 2048 successorem
1063 1978 1174 2044 hahuit.

160 2187 269 2254 Verum
290 2209 355 2256 eum
379 2212 438 2256 non
457 2191 552 2256 minus
569 2190 678 2254 ceteris
697 2189 826 2256 haeresis
851 2188 907 2252 ista
922 2185 1099 2272 deprehendi
1122 2205 1157 2250 ee
1178 2205 1226 2250 re·
1245 2193 1303 2262 cap.
1322 2193 1353 2244 ιι.

24 2279 38 2302 ”
76 2291 177 2376 dargui
196 2293 281 2358 laeile
297 2293 406 2376 possit,
431 2293 530 2378 paucis
547 2314 619 2378 quae
636 2295 672 2360 ad
689 2314 752 2358 eam
767 2291 915 2376 pertinent
929 2288 1123 2372 complectar,
1148 2289 1225 2352 eius·

27 2381 30 2388 ’
78 2415 131 2476 que
152 2395 331 2459 refellendae
353 2393 389 2458 ah
411 2395 469 2460 illis
489 2395 559 2478 ipsis
578 2417 678 2460 eorum
697 2395 821 2458 decretis
838 2393 948 2458 initium
967 2411 1125 2454 arcessam.
1172 2387 1225 2452 Et-

77 2497 150 2560 enim
173 2498 231 2562 duo
254 2495 340 2560 sinnul
363 2517 460 2560 rerum
483 2517 551 2564 esse
569 2495 715 2583 Principia
735 2517 914 2581 nequaquam
933 2513 1019 2579 posse
1038 2491 1225 2556 rnnnilestum

23 2615 26 2618 ·
77 2609 130 2662 est.
176 2597 255 2662 Nem
276 2610 326 2664 aut
348 2599 404 2664 duo
426 2599 462 2664 eh
485 2621 541 2664 uuo
564 2609 719 2664 manarunt
739 2600 852 2683 aliquo,
883 2607 933 2662 aut
955 2618 1043 2660 unum
1065 2595 1224 2660 secundum

35 2705 36 2708 ’
77 2711 135 2778 cst,
160 2701 283 2764 alterum
299 2701 421 2764 secundi
436 2723 540 2766 caussa
552 2723 654 2766 rursus
670 2723 703 2766 ac
719 2701 901 2788 principium.
947 2697 1154 2782 Quaerendum
1171 2697 1225 2782 igi·

77 2811 121 2864 tur
141 2815 188 2866 est
210 2823 351 2886 quaenam
372 2803 522 2869 amborum
543 2825 646 2868 caussa
669 2805 725 2882 sit,
757 2815 808 2866 aut
825 2804 900 2886 quod
920 2823 957 2866 ex
978 2801 1035 2865 illis
1052 2799 1224 2885 principium

77 2905 112 2966 sit
126 2905 259 2983 alterius,
285 2915 315 2968 ut
329 2905 473 2987 diximus,
498 2907 597 2992 sieque
614 2909 648 2970 ad
663 2929 751 2972 unum
766 2906 883 2968 omnino
900 2903 1056 2969 referenda
1070 2901 1222 2984 cogitatio,

78 3009 147 3088 quod
169 3007 291 3093 primum
309 3007 454 3086 occurrit,
484 3031 500 3072 a
521 3031 577 3094 quo
595 3011 751 3074 secuudum
771 3021 821 3074 aut
839 3008 922 3072 ambo
941 3008 990 3070 illa
1010 3004 1154 3091 prolieisei
1174 3003 1224 3068 de·

79 3109 310 3172 monstrauimus.
358 3107 424 3172 lluo
447 3131 535 3194 porro
557 3111 643 3174 simul
666 3122 696 3174 ut
714 3109 860 3197 Principia
876 3111 935 3174 sint
952 3109 1012 3172 lieri
1032 3106 1146 3190 penitus
1166 3126 1223 3168 non

79 3221 185 3290 potestc
216 3212 267 3276 sed
291 3231 345 3275 nec
364 3233 450 3275 unum
470 3223 565 3297 potest
583 3213 619 3278 ah
641 3213 733 3276 altero
752 3213 879 3277 differre.
925 3208 958 3274 Si
978 3210 1055 3274 enim
1073 3210 1222 3288 differunt,

79 3310 130 3374 duo
151 3312 210 3376 sint
232 3325 356 3398 oportet.
405 3313 471 3378 lluo
494 3316 612 3378 verosi
635 3325 841 3394 numerentur,
872 3312 1048 3396 singularem
1071 3333 1224 3378 numerum

79 3416 230 3480 excedunt.
277 3413 351 3480 Cum
375 3429 471 3480 autem
494 3417 596 3482 unicus
621 3418 676 3482 iste
702 3439 737 3482 oe
761 3418 870 3502 primus
891 3437 1031 3480 uumerus
1053 3425 1222 3500 quaeratur,

79 3515 129 3578 luo
148 3519 195 3582 ille
212 3515 360 3604 Principio
379 3519 426 3582 uni
446 3540 480 3584 ac
496 3540 631 3604 supremo
646 3518 855 3597 subiicientur,
880 3539 896 3582 a
914 3539 971 3603 quo
988 3519 1068 3582 velut
1086 3537 1225 3582 acaussa

80 3617 130 3680 luo
147 3619 258 3703 reliqua
277 3622 433 3704 pendeant.
480 3619 587 3706 Neque
604 3619 682 3684 enim
702 3623 757 3686 dun
780 3623 828 3686 illa
849 3632 914 3706 post
929 3621 1106 3706 singularem
1123 3641 1224 3686 nurne-

78 3739 136 3782 rum
159 3732 245 3804 atquc
270 3722 385 3786 unicum
411 3723 590 3808 primumque
614 3721 792 3809 Principium
816 3725 861 3790 sui
885 3744 952 3790 esse
976 3745 1081 3790 caussa
1104 3735 1226 3810 possunt

79 3818 216 3902 ipsorum,
248 3844 312 3886 cunu
331 3826 489 3909 singularis
508 3847 543 3890 uc
561 3847 716 3911 supremus
735 3826 922 3892 nihilominus
940 3847 1078 3892 numerus
1096 3826 1225 3911 inquira-

80 3931 131 3984 tur.
173 3922 333 4010 Fingamus
350 3928 426 3992 enim
445 3929 586 3992 eiusmodi
604 3947 670 3992 esse
689 3930 745 3994 duo
763 3941 795 3992 ut
812 3928 889 3993 inter
905 3950 972 3993 sese
989 3929 1175 3994 consentiant
1190 3951 1225 3994 ao

81 4028 265 4092 communiter
276 4031 439 4113 gaudeant,
471 4030 585 4115 sibique
604 4043 801 4096 consentanea
819 4031 878 4098 sint
894 4031 1037 4112 invicem,
1061 4032 1101 4095 ita
1118 4043 1150 4097 ut
1166 4054 1224 4097 uuo

81 4127 187 4194 volente
203 4152 238 4194 ac
254 4131 362 4196 libente
379 4133 538 4198 adhaereat
554 4134 696 4213 alterum,
728 4146 758 4199 et
773 4135 867 4219 ipsum
886 4155 999 4219 quoquc
1016 4134 1138 4200 alterius
1155 4157 1225 4200 oon·

81 4225 218 4296 iunctione
236 4233 414 4314 delectetur,
439 4255 582 4319 quaenam
599 4257 666 4302 esse
683 4247 781 4322 potest
798 4238 876 4300 inter
891 4247 1044 4321 utrumque
1061 4237 1225 4302 dissensio?

82 4324 127 4392 Sin
145 4345 241 4398 mutuo
258 4336 438 4402 reluctantur
456 4358 491 4400 ac
509 4337 565 4402 sihi
581 4338 744 4426 aequaliter
758 4339 915 4420 resistunt,
940 4359 998 4402 non
1016 4341 1123 4426 poterit
1138 4335 1225 4404 Chri-

79 4487 235 4554 rour'ecturum,
259 4492 385 4542 secundum
402 4495 562 4546 auctoritatem
576 4495 627 4546 cod.
697 4493 721 4544 ¹2.
738 4495 852 4557 Suspicor
868 4491 912 4546 uel
930 4489 966 4556 ti<
984 4492 1054 4562 ἔφην.

82 4549 165 4622 dledip.
200 4559 273 4624 Vulpo
289 4563 352 4610 catut
370 4557 399 4614 εἰ,
696 4559 720 4613 3.
738 4565 849 4628 Suspicor
863 4551 937 4618 οὖσαι
952 4562 1106 4634 συμφωνίας,
1121 4563 1224 4620 aculeati.
