3036 4998
369 347 501 400 raanan
518 347 579 398 ors.
592 349 610 398 ι.
626 346 708 400 ron.
726 347 756 398 n.
775 347 873 400 naen.
887 348 989 401 xxxi.
1189 340 1250 403 319

104 464 280 530 Triceoario
298 479 449 550 permanet
464 471 573 550 (oeque
591 467 667 530 enim
684 466 817 550 ingentes
833 465 1046 552 Magnitudinis
1065 468 1183 553 spiritus
1202 493 1251 533 eo·

103 569 197 632 areeri
215 568 273 633 ullo
290 587 322 632 ae
338 589 460 632 numero
476 569 642 651 sinebant),
674 590 726 654 pro
744 569 870 634 maribus
886 591 983 634 mares
1000 572 1072 636 alios
1088 571 1248 652 substinuit,

103 667 216 749 Unum,
240 669 391 749 Tertium,
416 668 574 754 Quintum,
600 667 780 756 Septimum,
804 667 980 756 totidemque
1003 674 1137 752 leminea,
1160 671 1251 738 Bina·

102 771 194 854 rium,
220 771 415 852 Ternarium,
440 771 616 852 Senarium,
640 769 843 838 Octonarium.
890 773 972 839 ilaec
991 789 1037 840 est
1051 773 1171 862 Ogdoas
1187 777 1247 854 illa,

101 893 176 957 quae
194 875 355 960 superioris
373 872 523 959 Ogdoadis
541 897 646 940 nomen
667 877 701 938 ad
723 897 790 940 sese
809 877 971 940 transtulit:
1004 873 1111 964 Bytbi,
1136 875 1246 956 Patris,

100 974 250 1058 Hominis,
269 974 434 1056 Serrnonis,
454 977 554 1063 Sigcs,
579 976 733 1057 Veritatis,
758 976 922 1056 Ecclesiae,
948 977 1048 1043 Vitae.
1086 979 1171 1064 Quae
1187 982 1250 1063 qui-

99 1078 167 1141 dem
186 1080 341 1144 coniuncta
359 1077 532 1145 Luminibus
552 1091 614 1159 est,
645 1091 676 1144 et
694 1079 844 1145 absolutus
862 1079 1055 1145 Tricenarins
1073 1084 1183 1161 evasit,
1215 1103 1249 1145 ac

99 1179 183 1266 prior
200 1177 378 1247 Octooarius
401 1183 574 1266 quiescens,
604 1204 668 1246 eum
692 1193 722 1246 ει
740 1179 852 1268 Bythos
871 1203 923 1269 per
937 1181 1148 1269 Magnitudinis
1168 1184 1249 1248 lulci-

99 1294 229 1347 meutum
254 1284 343 1364 exiit,
374 1295 407 1348 ot
430 1307 495 1348 cnm
516 1283 693 1350 Triccnario
716 1305 783 1348 sese
805 1286 965 1370 copularet.
1017 1285 1095 1350 Vere
1119 1284 1194 1350 enirn
1220 1298 1249 1350 et

98 1382 244 1450 Veritatis
267 1383 357 1452 Pater
381 1409 446 1450 curn
468 1385 604 1450 Ecclesia
624 1407 801 1472 congressus
826 1398 886 1466 est,
920 1398 951 1450 ει
973 1385 1127 1451 Maternus
1151 1386 1248 1451 Vitam

97 1489 222 1553 sortitus
244 1501 306 1568 εει,
336 1500 368 1552 ει
386 1486 558 1554 Paracletus
576 1485 740 1568 Unitatem,
774 1501 803 1552 ει
818 1486 925 1554 Unitas
948 1509 1011 1552 cunr
1030 1486 1173 1554 Veritatis
1191 1487 1248 1554 Pa-

96 1601 186 1654 rente
202 1592 336 1675 supralata
355 1602 415 1670 est,
440 1601 468 1654 ει
487 1611 551 1654 curu
572 1587 801 1676 Sigchcritatis
821 1590 870 1654 ille
887 1587 1000 1655 Pareos
1021 1592 1084 1655 luit.
1129 1592 1171 1655 Αι
1188 1591 1247 1678 spi-

96 1693 192 1757 ritalis
209 1691 315 1760 Sermo
329 1713 394 1758 cum
412 1690 524 1777 Spiritu
539 1689 707 1777 incorrupta
721 1693 843 1777 quadam
860 1693 1062 1758 commistione
1077 1695 1248 1758 coniunctus

96 1805 162 1874 εει,
188 1805 219 1859 et
234 1795 435 1860 Autonretoris
452 1793 553 1874 linem,
580 1795 634 1858 boc
649 1805 695 1858 est
710 1815 885 1880 perennem,
910 1816 964 1860 nec
979 1796 1168 1880 interruptam
1186 1798 1248 1880 qui-

97 1907 176 1960 ctem
200 1917 282 1962 suam
306 1897 412 1962 eilecit.
459 1893 656 1979 Quamobrem
676 1897 724 1960 ubi
744 1897 938 1962 Tricenarius
954 1899 1095 1982 protunda
1114 1899 1161 1962 illa
1180 1897 1249 1985 My-

97 1999 191 2063 steria
207 2000 338 2085 peregit,
369 2001 434 2063 siue
451 1999 518 2063 ullis
534 2001 652 2064 omnino
669 1999 792 2084 nuptiis,
824 2011 855 2063 ut
869 2001 1038 2086 incorrupto
1056 2001 1248 2086 sempiterno-

97 2121 156 2186 que
174 2103 277 2187 geoeri
296 2102 453 2182 convenit,
484 2101 650 2188 incorrupta
667 2102 765 2165 itidem
782 2102 907 2182 lumina,
942 2123 1015 2187 qnae
1029 2100 1134 2168 Unitas
1151 2105 1248 2188 appel-

97 2205 214 2284 lautur,
236 2215 373 2290 tanquam
391 2205 465 2268 lilios
482 2205 637 2290 produxit,
661 2214 691 2270 et
709 2203 822 2289 quidem
839 2204 990 2269 informes.
1039 2204 1177 2270 lucebant
1194 2205 1247 2290 igi·

97 2319 147 2371 tor
174 2308 379 2393 propemodum
404 2306 595 2391 intelligentia
625 2306 703 2370 omni
729 2306 883 2386 destituta,
917 2327 952 2370 uc
980 2307 1043 2372 sine
1073 2307 1132 2371 ulla
1158 2308 1246 2372 animi

98 2410 222 2474 notione
237 2408 438 2494 quiescebant.
485 2407 628 2494 Quicquid
647 2409 723 2473 enim
739 2429 755 2472 a
773 2408 905 2492 quopiam
924 2409 1035 2493 agitur,
1057 2410 1093 2473 ab
1112 2429 1165 2488 eo,
1190 2411 1245 2474 nisi

96 2510 240 2575 universe
256 2512 409 2598 intelligat,
434 2511 530 2596 agitor
545 2509 626 2574 nibil.
672 2509 758 2574 Hunc
774 2510 802 2574 io
820 2513 934 2576 modum
954 2512 1114 2597 procreatis
1132 2512 1246 2576 lumini-

95 2612 171 2692 bus,
196 2619 325 2698 ssquorum
342 2614 552 2678 multitudinem
570 2613 750 2676 numerando
768 2633 943 2698 persensere
961 2613 1031 2677 nibil
1046 2633 1169 2678 necesse
1187 2622 1244 2693 cst,

97 2716 197 2779 auimo
220 2735 292 2780 vero
311 2715 556 2800 comprehendere
575 2725 690 2800 oportet
707 2715 786 2798 (nam
805 2715 1027 2798 uuuorquodque
1048 2735 1130 2778 suam
1149 2715 1246 2800 appel·

96 2816 237 2882 lationem
256 2818 391 2882 sortitum
412 2829 473 2896 est,
505 2839 579 2902 quae
599 2837 639 2880 ex
658 2837 832 2882 arcanorum
852 2818 1057 2902 mysteriorum
1077 2819 1244 2901 cognitione

96 2921 302 3006 depromitur),
322 2922 356 2984 ad
371 2920 513 2984 scientiae
526 2919 668 2983 delectum
683 2918 843 3004 perpellere
858 2919 1012 2982 uniuersos
1029 2920 1101 3003 Siga
1112 2921 1242 3005 cupiens,

96 3024 133 3086 ad
155 3023 312 3088 secundam
332 3022 575 3106 substitutamqoe
594 3021 672 3086 illam
690 3022 754 3084 loco
770 3020 891 3084 alterius
909 3016 1079 3105 Ogdoadem
1098 3022 1242 3101 adiunxit,

96 3125 265 3211 corruptela
280 3125 374 3189 omnis
391 3133 512 3208 experte
529 3123 750 3200 coniunctione,
783 3123 834 3186 sed
850 3122 999 3187 voluntate
1015 3123 1155 3188 eiusmodi
1171 3145 1243 3208 quae

95 3227 394 3312 subintelligentiam
417 3227 546 3290 caderet.
597 3221 766 3289 Cuiusmodi
789 3225 948 3288 voluntatis
969 3225 1093 3310 impetus
1117 3224 1244 3311 Spiritus

97 3325 229 3393 Sanetus
250 3341 312 3408 est,
344 3331 391 3414 qui
414 3329 444 3392 lu
465 3327 560 3392 medio
579 3338 743 3392 sanctarum
763 3325 963 3390 Ecclesiarum
983 3327 1102 3392 residet.
1149 3325 1243 3411 Quem

96 3451 164 3494 cura
183 3431 340 3494 secundam
358 3431 394 3494 ad
411 3427 583 3516 Ogdoadem
601 3429 774 3514 allegasset,
805 3429 831 3494 ci
851 3431 996 3514 persuasit
1015 3451 1113 3494 secum
1133 3441 1165 3493 ut
1180 3431 1244 3514 ipsa

96 3533 298 3619 copularetur.
343 3530 489 3617 Quocirca
507 3532 536 3595 in
554 3532 675 3616 singulis
693 3528 842 3616 Ogdoadis
862 3532 990 3616 partibus
1008 3532 1172 3596 celebratae
1191 3553 1244 3596 nu-

94 3635 175 3719 ptiae
191 3648 270 3699 suot.
302 3633 451 3719 Siquidem
467 3655 532 3698 eum
548 3632 616 3700 Uno
632 3631 759 3719 Spiritus
774 3631 901 3698 Sanctus
917 3634 1088 3698 coniunctus
1103 3645 1159 3713 est,
1179 3655 1244 3697 cum

95 3735 206 3800 Tertio
219 3733 312 3823 Opas,
338 3736 459 3801 Tertius
474 3759 539 3801 cum
554 3735 691 3814 Hexade,
715 3745 822 3798 etcum
841 3733 972 3820 Septimo
989 3732 1121 3820 Ogdoas,
1147 3733 1244 3820 Septi·
1358 3721 1369 3740 ’

93 3859 162 3902 mua
184 3859 250 3902 cum
272 3835 393 3924 Opada,
425 3861 488 3903 cum
512 3835 623 3921 Quinto
645 3833 760 3901 llexas.
805 3834 848 3900 lta
869 3834 987 3922 Ogdoas
1008 3839 1147 3902 universa
1170 3859 1244 3902 nun-

94 3961 182 4025 quam
205 3951 406 4006 marcescente
430 3942 578 4026 roloptate
606 3951 692 4023 atque
719 3939 832 4024 integra
857 3939 1080 4024 incorruptoque
1108 3939 1244 4004 mistione

94 4042 295 4126 coniungitur.
346 4041 436 4108 Nulla
458 4043 562 4129 quippe
583 4041 619 4104 ab
645 4041 770 4105 ionicam
794 4041 940 4126 separatio
966 4043 1033 4122 luit,
1068 4043 1119 4106 sed
1145 4053 1243 4106 mutua

94 4145 226 4208 omnium
242 4167 306 4208 cum
325 4144 529 4208 honestissima
544 4143 691 4227 voluptate
707 4143 896 4230 temperatio,
921 4165 959 4206 ex
976 4165 1032 4227 qna
1049 4141 1243 4208 Prunicorum

93 4245 233 4310 muliebri
249 4267 326 4311 sexu
344 4246 503 4311 carentium
524 4243 684 4330 Quioarius
701 4245 852 4326 exoritur,
884 4245 966 4311 cuius
983 4245 1053 4310 baec
1072 4257 1140 4312 suot
1158 4269 1244 4310 voca-

127 4435 172 4486 20.
191 4428 345 4499 αἐτιτιὲείση
362 4435 413 4486 cod
432 4437 486 4486 Van.
688 4435 740 4498 ψας
757 4431 842 4486 ἔπεισε
859 4431 903 4486 καὶ
920 4428 999 4498 cirula
1015 4437 1099 4498 rcttan'
1115 4437 1177 4485 ttbrt.

127 4503 173 4552 21.
189 4505 225 4553 lto
239 4505 330 4554 carram
348 4517 400 4552 cum
416 4505 511 4554 Pctculo
529 4505 654 4561 atemo-
691 4549 696 4559 ,
720 4502 761 4554 2⁴2.
779 4501 1057 4569 Heraclammonem.
1084 4501 1243 4568 Προυνεικωι

91 4573 139 4621 ηὀ.
165 4569 298 4637 emperor
309 4567 353 4622 cccl
364 4563 443 4638 odada
454 4571 505 4623 cad.
515 4573 569 4622 lert.
590 4568 653 4638 adp·
685 4573 776 4634 nttqub
