3018 4994
243 345 304 408 396
665 355 786 407 SANCTI
802 354 971 408 EPIPHANII

243 495 333 538 στατα
349 471 394 539 ότι
408 497 438 538 τε
453 470 570 556 πλάσμα
584 470 676 539 αότοῦ
690 474 749 539 έστι
763 471 799 539 τά
813 473 952 560 είρημένα
968 470 1154 560 ῶμολόγηιιε,
1175 473 1224 538 καί
1240 471 1288 539 ότι
1303 469 1392 548 αάτός

244 575 375 660 όνόματα
389 577 503 642 τέθεικε
518 583 559 665 τῷ
575 575 720 660 πλάσματι
737 573 798 641 όπό
816 575 943 660 μηδενός
959 574 1103 662 πρότερον
1122 573 1210 641 ἄλλον
1227 575 1390 656 τεθειμένα.

245 682 306 744 Καὶ
326 680 417 760 σαφές
434 681 512 744 ἔστιν
529 677 573 744 ότι
591 677 681 755 αῶιός
698 684 790 750 ταῦτα
805 677 977 764 τετόλμηκεν
995 677 1266 762 ὀνοματοποιῆσαι,
1295 677 1344 742 καί
1368 678 1393 741 εί

245 780 285 864 μῆ
301 788 399 868 παρῆν
413 789 454 870 τῷ
470 784 526 870 βίμ
544 778 648 860 αότός,
677 777 734 847 οάκ
750 778 822 863 άνῆ
839 779 965 864 άλῆθεια
983 777 1057 865 είχεν
1074 779 1177 864 ὄνομα.
1224 776 1320 844 Οόέὲν
1337 771 1392 844 οὖν

245 882 350 950 κωλόει
367 885 418 949 καί
436 881 521 949 ἄλλον
535 881 600 948 τινά
616 885 665 950 έπλ
679 889 733 967 τῆς
747 880 838 968 αὐτῆς
854 879 1026 960 όποθέσειος
1042 881 1137 959 οὕτως
1153 879 1314 969 όρίσασθαι
1328 878 1390 947 όνό-

244 1013 328 1071 ματα.
364 983 440 1050 Είτα
454 983 557 1052 λοιπόν
570 988 611 1061 είς
624 991 716 1051 ταῦτα
729 983 818 1062 αότός
833 983 850 1051 ό
863 984 1007 1072 μακάριος
1024 989 1207 1062 6ἐπίσκοπος
1219 985 1390 1070 Εἰρηναῖος,

245 1087 286 1166 ῶς
306 1113 337 1174 γε
354 1092 550 1173 προείπαμεν,
581 1087 722 1173 γελοιῶδη
740 1086 857 1172 βήματα
873 1092 923 1155 καί
940 1087 1030 1165 αάτάς
1043 1097 1182 1175 προεῖπεν
1198 1089 1391 1174 έτεριοννμίαν

245 1189 296 1272 εἶφ’
312 1193 436 1270 ἑαυτοῦ,
458 1187 499 1266 ῶς
513 1187 633 1268 άντάξια
650 1196 703 1274 τῆς
720 1188 817 1256 αάτῶν
832 1195 977 1278 ληραβίας
992 1188 1239 1277 χαριεντιζόμενος
1254 1187 1391 1255 πεπόνων

244 1297 330 1382 γένη,
359 1296 410 1360 καί
426 1292 552 1374 σικόαν,
582 1294 633 1358 καλ
650 1301 856 1373 κολοκυνθῶν,
886 1291 927 1371 ῶς
944 1295 993 1360 έπί
1008 1291 1212 1376 ὑποκειμένων
1225 1299 1315 1359 τινῶν
1331 1293 1390 1357 έπι-

160 1421 164 1436 ·
245 1394 443 1479 πλασάμενος,
467 1393 508 1472 ῶς
528 1403 591 1472 τοῖς
607 1394 775 1483 φιλολόγοις
798 1397 891 1478 σαφές
912 1395 949 1462 άν
970 1400 1015 1480 εἴη
1032 1394 1084 1478 άφ’
1100 1389 1143 1461 ῶν
1156 1397 1388 1482 προανέγνοισαν.

110 1611 176 1678 Κεφ.
195 1606 224 1673 ζ.
334 1599 452 1668 1’Ἁλλοι
468 1601 500 1667 δέ
518 1600 606 1667 πάλιν
620 1599 718 1668 αὐτῶν
733 1599 786 1685 τῆν
800 1600 921 1686 πρῶτην
936 1604 987 1668 καί
1002 1601 1157 1688 ἀρχέγονον
1168 1599 1318 1688 Ὀγδοόβα
1329 1599 1391 1668 καό-

244 1729 305 1781 τοις
321 1713 383 1781 τοῖς
399 1701 523 1786 όνόμασι
540 1703 708 1787 κεκλήκασι·
739 1713 859 1790 πρῶτον
876 1704 1049 1791 Προαρχῆν,
1078 1707 1178 1770 έπειτοι
1193 1700 1389 1788 Ἆνεννόητον,

244 1805 299 1890 τῆν
321 1808 353 1872 δέ
369 1812 467 1893 τρίτην
477 1805 638 1892 ”Αρρητον,
667 1809 719 1872 καί
739 1804 792 1890 τῆν
811 1806 950 1891 τετάρτην
965 1805 1121 1894 Ἂόρατον·
1151 1807 1201 1870 καί
1218 1808 1252 1872 έκ
1271 1805 1326 1889 μέν
1342 1814 1391 1891 τῆς

124 1943 173 1989 μς.
186 1933 231 1978 ιιι,
245 1906 364 1996 πραότης
386 1915 546 1996 Προαρχῆς
566 1913 787 1996 προβεβλῆσθαι
811 1907 918 1999 πρῶτρι
941 1911 991 1976 καί
1012 1913 1135 2000 πέμπτην
1154 1907 1262 1998 ’τόπῳ
1280 1907 1390 1995 Ἄργην,

245 2015 277 2078 έκ
294 2013 326 2077 δέ
344 2018 419 2094 8τῆς
432 2008 624 2096 Ἀνεννοῆτου
641 2013 766 2101 δευτέρῳ
785 2015 836 2077 καί
855 2014 929 2100 ίκτρι
947 2015 1031 2102 τόπῳ
1048 2009 1282 2094 Ἆκατοίληπτον,
1313 2015 1346 2078 έκ
1363 2011 1391 2076 δέ

244 2121 298 2197 τῆς
309 2110 453 2200 Ἀρρῆτοα
465 2119 551 2203 τρίτῳ
566 2116 614 2181 καί
630 2112 747 2203 ἑβδόμῳ
760 2113 842 2204 τόπμ
855 2113 1078 2198 Ἇνονόμαστου,
1093 2117 1126 2182 έκ
1139 2114 1171 2179 δὲ
1182 2121 1237 2197 τῆς
1250 2111 1390 2200 Ἀοράτου

247 2214 451 2303 4Ἀγέννητον,
469 2215 613 2302 πλήρωμα
631 2223 682 2300 τῆς
698 2215 818 2303 κρόκης
831 2214 999 2303 Ὀγδοάθος.
1038 2215 1153 2294 Ταύτας
1168 2217 1328 2299 βοιίλονται
1343 2213 1391 2291 τάς

245 2316 385 2403 δυνάμεις
400 2317 602 2405 προϋπάρχειν
616 2326 670 2386 τοῦ
686 2325 795 2386 Βυθοῶ
809 2321 926 2404 καὶτῆς
940 2327 1047 2405 Σιγῆς,
1069 2322 1119 2385 ἵνα
1134 2323 1248 2384 τελείων
1261 2317 1390 2386 τελειότε·

245 2445 291 2505 ροι
308 2427 442 2502 φανῶσιν
461 2419 557 2502 ὅντες,
578 2425 628 2487 καλ
647 2429 823 2488 Γνωστικῶν
838 2421 1080 2509 γνωστικῶτεροι·
1109 2420 1185 2508 πρός
1202 2419 1257 2498 οὓς
1273 2425 1391 2496 δικαίας

245 2521 282 2590 άν
296 2550 341 2600 τις
355 2523 576 2608 έπιφανήσειεν,
593 2517 633 2588 Ὦ
645 2523 801 2611 ληρολόγοι
814 2529 959 2607 σοφισταί.
1004 2527 1065 2590 Καὶ
1080 2523 1216 2611 γάρπερὶ
1231 2521 1326 2590 αότοῶ
1341 2531 1391 2589 τοῦ

246 2633 353 2692 Βνθοῦ
371 2629 499 2692 ὁπολλαὶ
514 2629 565 2691 καὶ
582 2625 723 2714 διάφοροι
740 2633 853 2713 γνῶμαι
869 2624 937 2712 παρ’
955 2625 1063 2704 αάτοίς.
1109 2630 1149 2692 Οί
1162 2627 1216 2709 μέν
1232 2624 1288 2713 γάρ
1306 2622 1392 2691 αάτόν

246 2727 353 2814 άζυγου
367 2730 497 2814 λέγουσι,
520 2729 591 2812 μήτε
607 2727 729 2816 άρρενα,
752 2728 824 2812 μήτε
836 2727 969 2812 θήλειαν,
991 2728 1062 2814 μῆτε
1076 2727 1151 2806 ὅλως
1165 2726 1236 2794 όντα
1249 2755 1291 2794 τι·
1315 2727 1392 2794 ίίέλοι

246 2832 278 2896 δέ
292 2827 493 2917 άρρενόθηλυν
508 2829 598 2897 αότόν
610 2834 742 2917 λέγουσιν
756 2829 845 2912 είναι,
866 2829 1102 2918 Ἑρμαφροδίτου
1115 2829 1207 2912 φάσιν
1221 2827 1302 2920 αότηῖ
1316 2856 1391 2914 περι·

245 2931 400 3009 άπτοντες·
431 2931 527 3018 Σιγῆυ
547 2935 580 2999 δέ
600 2934 688 3000 πάλιν
704 2933 785 3001 ἄλλοι
803 2936 969 3000 συνεννέτιυ
987 2933 1066 3024 αὐτῷ
1083 2931 1316 3020 προςάπτουσιν,
1344 2936 1391 2998 ἰ’να

245 3036 363 3120 γένηται
383 3035 485 3121 πρῶτη
507 3041 642 3122 συζυγία,
670 3039 721 3102 καί
743 3039 776 3102 έκ
796 3035 902 3102 τοόιου
923 3039 975 3102 καὶ
996 3040 1028 3102 έκ
1049 3033 1158 3117 ταότης
1178 3033 1215 3100 τά
1233 3033 1391 3102 κατάλοιποι

246 3136 324 3204 οίίτω
350 3138 660 3224 θθραματαυργῆσασι.
705 3140 766 3204 Καὶ
785 3137 877 3221 πολλῆ
898 3165 942 3214 τις
964 3141 996 3204 έν
1012 3135 1114 3216 αὐτοῖς
1129 3135 1150 3221 ῆ
1168 3141 1211 3214 είς
1226 3135 1324 3204 ὕπνον
1340 3141 1387 3220 βα·

245 3239 308 3306 θόν
328 3237 380 3306 τόν
402 3247 473 3306 νοῦν
495 3239 593 3306 αότῶν
613 3243 822 3327 καταφέρονσα
842 3240 1001 3328 ληρολόγος
1022 3239 1216 3327 όνειροπολία.

332 3755 392 3818 Καὶ
409 3757 436 3818 τί
452 3777 502 3834 μοι
519 3753 567 3818 έπί
584 3750 617 3817 τό
635 3749 710 3818 πολά
727 3755 972 3837 κατατρίβεσθαι,
1002 3757 1142 3838 φωρατῆς
1159 3748 1253 3833 οὔσης
1267 3758 1321 3834 τῆς
1336 3745 1393 3816 κατ’

246 3853 355 3932 αότοός
371 3853 559 3934 ὑποθέσεως,
591 3855 643 3920 καλ
664 3862 717 3920 τοῦ
734 3851 797 3920 κατ’
815 3852 927 3931 αάτοός
942 3856 1058 3940 έλέγχον
1079 3855 1130 3920 καί
1147 3850 1317 3941 άκατροπῆς
1336 3849 1392 3919 άπό

246 3965 305 4024 τῶν
322 3959 541 4042 προειρημένων
559 3959 646 4022 παντλ
663 3963 703 4046 τῶ
722 3959 892 4046 βουλομένῳ
911 3965 964 4040 τῆς
980 3961 1056 4040 ζωῆς
1071 3954 1164 4023 αότοῶ
1183 3957 1303 4039 ἔχεσθαι
1309 4006 1319 4035 ,
1347 3955 1395 4020 καλ

247 4059 288 4145 μῆ
306 4058 478 4126 άπατᾶσθαι
494 4067 590 4135 κενοῖς
608 4057 734 4142 μόθοιςς
762 4057 847 4126 Ἀλλά
864 4058 956 4125 τοῦτοί
973 4086 1024 4142 μοι
1040 4061 1107 4144 περλ
1124 4057 1238 4125 τούτων
1257 4055 1391 4142 είρῆσθα.

250 4159 416 4265 Παρελθῶν
437 4163 470 4228 δέ
490 4161 600 4245 ταύτην
620 4163 671 4228 έπλ
690 4159 744 4238 τάς
765 4163 832 4245 έξῆς
849 4158 1037 4246 βιασκοπῆσω
1056 4159 1127 4229 όέόν
1144 4163 1262 4250 ἐμαυτῷ
1279 4158 1391 4242 άσφαλῆ

280 4317 305 4371 6.
330 4322 383 4369 λὀο.
403 4317 536 4379 έπίσκοπος
558 4335 605 4370 mm
628 4322 733 4382 ορκοιοίλ
754 4321 805 4370 τοθ.
836 4324 899 4383 τιτλε
914 4325 936 4370 τι
949 4321 1172 4384 Pseudo-orium.

250 4391 323 4438 Vaut.
872 4386 898 4439 3.
919 4390 990 4438 λἰτοο
1004 4387 1053 4453 τῆς
1065 4382 1169 4454 Ἀρχῆς,
1185 4401 1245 4450 ςυστ
1259 4389 1330 4450 οκλςο
1344 4389 1393 4435 ute

283 4455 343 4504 Cn.
359 4453 413 4502 vn.
431 4481 461 4491 -
483 4453 503 4504 ί.
523 4457 705 4518 Pseudo-OQ.
719 4457 806 4507 Ρλίλοι.
840 4449 1055 4521 τῆςἊνινιοῆτου
1068 4459 1168 4506 inlibris
1178 4461 1267 4516 ιπαιλ,
1281 4458 1393 4504 σταιτίν-

247 4537 273 4585 ν·
286 4517 342 4572 199.
840 4527 908 4574 ιιιτιι
924 4527 970 4574 νει.
983 4526 1080 4585 mem.
1090 4525 1302 4587 νπιω-οηηωα
1313 4523 1391 4570 ατε·

282 4588 306 4640 2.
324 4586 394 4655 σίτῳ
411 4592 503 4652 reposui
519 4605 548 4641 ια
567 4593 612 4642 λιι.
629 4593 720 4644 λιιιτοτλ
736 4593 809 4642 luur-
842 4593 935 4642 λνλλίαιιι·
952 4593 1023 4659 (Δθυ.
1039 4593 1128 4642 Volunt
1145 4589 1261 4656 ιαμθθ.)
1278 4591 1357 4640 dani.
