2986 4996
289 295 329 358 σο
709 303 828 358 saum
847 305 1013 356 οειειιλειιι

288 422 448 507 ρνγμένην,
469 420 667 505 ἐξεβλήθησαν
684 418 741 487 ύπύ
758 428 811 504 τῆς
825 423 982 506 γροιργίας,
1003 422 1054 485 καλ
1069 423 1185 503 είςῆλθε
1200 421 1236 488 τοί
1252 425 1336 507 ἐθνη,
1358 426 1424 490 ἐκεί·

287 548 348 588 νων
369 524 470 606 μηκέτι
490 525 661 606 δυναμένων
681 529 833 606 σωθῆναι,
855 524 883 587 εί
902 520 941 605 μῆ
962 549 989 588 τι
1009 519 1225 606 ύνακύμψοισιν
1245 527 1287 602 είς
1306 523 1360 609 τῆν
1379 525 1425 607 γαί·

288 650 335 708 ριν
356 631 410 690 τοῦ
433 621 607 711 εὐαγγελίου.
653 627 757 689 Πάντα
780 623 835 710 γύρ
859 621 960 700 αύτοῖς
981 622 1018 688 τύ
1040 623 1222 707 δικαιῶματα
1243 625 1425 712 κατήργηται,

288 723 411 808 ἐπύστης
432 732 591 811 μαρτυρίας
610 733 698 792 τοῦτο
713 725 869 812 λεγούσης,
898 722 939 801 ῶς
953 727 1010 809 ἔχει
1025 728 1057 790 ἐν
1069 725 1150 816 πόση
1166 733 1275 817 γραφῇ·
1317 727 1425 792 Συντύ-

289 853 351 910 μοις
371 829 404 894 δέ
425 826 484 894 ύπδ
502 836 572 910 μιᾶς
587 831 749 914 μαρτυρίας
763 827 796 892 τό
813 827 1015 914 ύυυιιέρθετον
1030 830 1080 892 ιιαλ
1095 825 1286 914 ἀπαράβατον
1301 837 1355 912 τῆς
1368 829 1425 894 κατ’

288 926 385 996 αύτῶν
407 928 585 1010 ἀποφάσεως
602 933 741 1015 ἐροῦμεν,
770 925 811 1004 ῶς
833 931 910 995 ἐστιν
931 931 1004 993 ίδεῖν
1026 927 1157 1012 οίκριβῶς
1177 927 1230 1012 τῆν
1249 928 1311 994 κατ’
1333 929 1426 996 αύτῶν

288 1037 408 1113 ψῆφον·
434 1030 538 1108 καθῶς
552 1054 659 1113 φησιν,
680 1031 765 1106 Ἥτις
782 1028 864 1113 ψυγῆ
880 1029 935 1096 σύκ
951 1029 1106 1096 οίκούσεται
1120 1038 1173 1097 τοῦ
1189 1030 1345 1117 προφήτου
1359 1035 1426 1098 ἐκεί-

287 1157 357 1212 νου,
379 1132 661 1219 έξολσθρευθῆσεται
674 1130 734 1198 ύπδ
749 1140 801 1215 τῆς
814 1139 911 1214 φυλῆς
926 1130 1019 1214 αύτῆς
1032 1135 1082 1198 καί
1099 1135 1128 1210 ἐξ
1141 1131 1271 1219 Ἰσραῆλ,
1292 1135 1344 1198 καλ
1357 1131 1426 1200 ύπο-

288 1231 424 1298 ιιύτοιθεν
444 1242 498 1300 τοῦ
520 1232 665 1320 ούρανοῦ,
698 1231 739 1310 ῶς
760 1241 815 1299 τοῦ
836 1238 941 1319 κυρίου
963 1235 1117 1318 μέλλοντος
1138 1232 1173 1299 τύ
1194 1233 1243 1300 διδ
1265 1242 1317 1300 τοῦ
1336 1234 1427 1320 νόμον

288 1342 435 1416 μυστικῶς
450 1338 659 1422 παραδοθέντα
678 1340 791 1412 τελείως
811 1337 862 1400 καί
880 1337 1074 1421 σωτηριοιδῶς
1091 1338 1351 1417 έπασφαλίζεσθαι·
1379 1337 1428 1404 τόν

288 1437 320 1500 δέ
335 1434 377 1518 μῆ
392 1435 539 1504 ῶιιούονια
554 1433 659 1517 αύτοῦ,
688 1439 760 1520 μηδέ
776 1435 965 1519 α’νεχόμενσν,
995 1434 1036 1521 μῆ
1052 1439 1126 1519 ἐχειν
1140 1442 1299 1523 σωτηρίαν,
1326 1438 1384 1504 ιιίίν
1400 1465 1428 1504 τε

287 1535 340 1604 τόν
358 1538 450 1622 νόμον
470 1537 596 1627 ποιῆση,
624 1547 678 1605 τοῦ
692 1539 787 1620 νόμον
808 1537 849 1622 μῆ
866 1539 1032 1621 δυναμένου
1047 1545 1176 1604 τελειοῦν
1192 1538 1243 1605 τόν
1260 1539 1426 1628 ῦνθροιπον,

287 1638 338 1705 διδ
358 1638 391 1705 τδ
408 1647 582 1721 σωματικῶς
601 1639 637 1705 τοί
655 1642 686 1706 ἐν
708 1639 786 1729 αύτῷ
804 1639 986 1724 διπαιιύματα
1001 1640 1184 1727 γεγράφθαι,
1213 1644 1264 1708 καί
1285 1645 1317 1710 ἐν
1337 1649 1427 1733 κυρίῳ

291 1748 409 1830 Χριστῷ
430 1739 578 1826 ύληθινῶς
598 1750 795 1829 πληροῦσθαι.

362 2145 452 2226 Ἕως
472 2148 578 2216 τούτου
602 2177 653 2234 μοι
670 2152 794 2232 λελέχθω
813 2153 881 2236 περλ
900 2157 954 2216 τοῦ
973 2148 1172 2233 Ἰονδαϊσμοῦ.
1217 2153 1275 2215 Καί
1298 2151 1355 2238 γῶρ
1375 2150 1429 2218 σ’λί-

291 2275 352 2336 γων
366 2251 566 2333 ἐμνημόνευσα
587 2255 629 2328 εἰς
649 2250 682 2319 τό
705 2251 745 2335 μῆ
766 2260 828 2317 πῶν
848 2250 945 2319 αῦτῶν
962 2261 1205 2339 παρασιωπῆσαι,
1231 2250 1291 2316 ἄλλ’
1305 2255 1337 2318 έν
1355 2256 1430 2337 μέρει

290 2463 388 2532 θεσις,
410 2457 458 2520 καί
475 2452 494 2520 ό
508 2455 583 2541 πρύς
597 2454 707 2532 αύτούς
723 2459 842 2540 ἐλεγχος.
885 2453 1055 2540 Ἐδείξαμεν
1072 2458 1103 2522 δέ
1118 2458 1169 2522 καλ
1182 2453 1236 2539 τῆν
1250 2453 1357 2538 ύρχῆν,
1378 2455 1429 2521 πό·

289 2564 346 2620 θεν
370 2559 453 2640 ίσγον
476 2555 529 2640 τῆν
549 2556 725 2643 είςαγαγῆυ,
752 2557 798 2624 ὅτι
817 2559 846 2634 ἐξ
862 2555 953 2642 α’ρχῆς
968 2560 1000 2622 ἐκ
1015 2565 1067 2641 τῆς
1083 2565 1137 2624 τοῦ
1151 2555 1291 2643 Ἀβραύμ
1306 2566 1362 2624 τοῦ
1378 2585 1430 2622 πα-

289 2655 429 2741 τριάρχου
445 2664 615 2742 θεοσεβείας
628 2666 784 2724 καλοῦνται
796 2665 956 2743 θεοσεβεῖς,
977 2659 1027 2724 διό
1041 2658 1074 2725 τό
1090 2657 1163 2725 εἶναι
1176 2657 1284 2736 αύτούς
1298 2663 1332 2725 ἐκ
1347 2663 1429 2742 σπέρ-

291 2785 382 2841 ματος
398 2757 504 2837 αύιοῦ,
533 2758 593 2826 ύπδ
616 2763 648 2827 δέ
669 2768 722 2827 τοῦ
738 2759 861 2846 ἐκγόνου
879 2758 987 2838 αύτοῦ,
1017 2763 1094 2844 φημὶ
1111 2761 1144 2826 δέ
1157 2759 1281 2845 Ἰακῶβ,
1311 2770 1368 2828 τοῦ
1384 2763 1430 2826 καί

289 2857 422 2945 Ἰσραῆλ,
450 2859 635 2947 Ἰσραηλῖται.
677 2861 731 2939 Ἐξ
750 2861 867 2946 ῆμερῶν
887 2863 920 2928 δέ
939 2865 1052 2945 Δοβίδ,
1080 2869 1134 2927 τοῦ
1155 2861 1380 2946 βασιλεύσαντος
1401 2865 1431 2928 ἐκ

181 2993 232 3038 με.
244 2984 277 3028 21.
291 2970 386 3044 φυλῆς
403 2960 519 3043 Ἰούδα,
550 2967 705 3030 ἐκαλοῦντο
726 2962 871 3030 Ἰουδαῖοί
891 2989 920 3028 τε
941 2966 993 3028 καλ
1012 2962 1188 3046 Ἰσραηλῖται
1208 2971 1301 3030 ιτῶσαι
1322 2969 1357 3030 αί
1376 2963 1431 3028 δι’-

290 3067 361 3129 δειια
377 3067 482 3147 φυλαί,
508 3068 557 3131 καλ
576 3069 631 3141 ἕως
655 3073 852 3147 ΙΣολομῶνος
869 3074 921 3130 τοῦ
937 3069 1006 3131 οίοῦ
1023 3067 1137 3148 Δαβίδ,
1167 3068 1288 3142 καλέσας
1306 3073 1362 3132 τοῦ
1375 3063 1430 3131 Ῥο-

289 3163 368 3247 βούμ
387 3170 456 3232 υίοῦ
475 3174 664 3248 Σολομῶνος,
692 3165 817 3253 ἐκγόνου
839 3169 872 3232 δέ
893 3174 945 3232 τοῦ
964 3171 1070 3249 Δαβίδ.
1114 3169 1174 3232 Καί
1189 3164 1251 3233 κατ’
1267 3171 1432 3251 ἐπιτίμησιν

289 3273 382 3344 θεοῦ,
414 3270 466 3332 καλ
488 3266 661 3352 σίναξιότητα
688 3276 741 3335 τοῦ
761 3266 902 3352 Ῥοβοοίμ,
934 3271 1110 3352 ἐσχίσθησαν
1137 3271 1171 3332 αλ
1190 3269 1313 3334 δεκαδύο
1341 3270 1433 3350 φυλαί

290 3371 341 3434 καί
358 3367 492 3454 γεγόνασι
510 3369 565 3436 δύο
585 3370 673 3454 ῆμισυ
691 3369 761 3453 μετύ
777 3377 830 3437 τοῦ
845 3367 962 3449 Ἰούδα,
983 3372 1110 3436 τουτέστι
1131 3368 1202 3453 μετὰ
1217 3367 1362 3453 Ῥοβοοίμ,
1383 3372 1432 3436 καὶ

291 3472 374 3538 ἐννέα
394 3468 487 3553 ῆμισυ
509 3471 580 3556 μετοί
600 3471 765 3559 Ἰεροβοοίμ.
805 3469 986 3537 Ἐκαλσῦντο
1010 3473 1043 3538 δέ
1063 3475 1096 3536 αλ
1113 3473 1195 3538 ἐννέα
1209 3469 1388 3558 Ἰσραηλῖταί
1404 3497 1433 3536 τε

291 3575 344 3639 ιιολ
358 3571 490 3658 Ἰσραῆλ,
519 3573 739 3658 βασιλευόμενοι
754 3571 814 3638 ύπδ
831 3579 884 3638 τοῦ
898 3569 1055 3659 Ἰεροβοοίμ
1073 3575 1141 3639 υίοῦ
1159 3572 1265 3656 Ναβύτ
1281 3575 1314 3639 ἐν
1330 3581 1433 3656 Σαμα-

292 3679 368 3764 ρεέμ·
397 3678 431 3739 αί
449 3676 481 3740 δέ
498 3674 553 3741 δύο
571 3679 613 3752 τίς
625 3673 817 3761 Ἰερουσαλῆμ
832 3672 976 3740 Ἰουδαῖοι
992 3673 1181 3758 καλούμενοι,
1210 3675 1432 3758 βασιλευόμεναι

291 3775 352 3842 ύπδ
365 3774 489 3860 Ῥοβοοίμ
504 3781 573 3844 νίοῦ
586 3783 791 3858 Σολομῶντος,
811 3778 862 3842 καί
878 3777 1012 3862 γεγόνασι
1026 3775 1114 3842 πόλιν
1131 3778 1265 3860 διαδοχαὶ
1280 3777 1433 3859 βασιλέων.

289 3874 415 3963 Ῥοβοιίμ
431 3887 516 3967 γεννᾷ
531 3879 584 3946 τόν
599 3877 699 3962 Ἀβιοί,
719 3876 803 3962 Ἀβιδ
821 3877 872 3944 τόν
886 3875 971 3956 Ἀσῶ,
990 3875 1061 3944 Ἀσιί
1075 3876 1127 3944 τόν
1144 3875 1309 3960 Ἰωσαφῶτ,
1330 3875 1433 3944 Ἰωσα-

292 4079 440 4165 Ἀμεσίαν,
471 4082 606 4165 Ἀμεσίας
633 4080 686 4147 τόν
707 4081 854 4167 Ἀζαρίαν,
886 4079 938 4147 τόν
957 4079 1137 4164 καλούμενον
1159 4079 1270 4160 Ὀζίαν,
1300 4078 1435 4164 Ἀζαρίας

294 4187 370 4250 ’καί
385 4183 479 4264 Ὀζίας
498 4183 551 4251 τδν
563 4182 716 4267 Ἰωύθαμ,
743 4181 881 4266 Ἰωύθαμ
899 4180 951 4248 τόν
963 4181 1080 4266 Ἀγαύζ,
1105 4180 1210 4266 Ἀγαοίζ
1222 4180 1275 4248 τόν
1288 4179 1432 4260 Ἐζεκίαν.

328 4439 439 4490 cmvi.
458 4469 486 4480 -
506 4441 527 4494 1.
540 4441 705 4510 Σολομῶντος
721 4441 771 4493 αοιλ.
786 4443 846 4494 λλι-
911 4440 935 4492 2.
953 4443 1044 4503 λλιοοιια
1061 4438 1075 4494 δ
1093 4439 1137 4494 καὶ
1153 4435 1248 4504 Ὀζίας.
1283 4443 1330 4493 Pro
1345 4433 1435 4502 Ὀζίας

292 4507 342 4572 δίς.
742 4507 746 4518 ’
880 4513 934 4562 libri
947 4511 1018 4574 ιοιλρο
1035 4505 1133 4569 Ὀσίας.
