3036 4998
276 301 337 364 330
701 311 1007 366 οιαοτιοειεοιαιι

139 440 209 510 Κιρ.
226 437 267 514 ιβ’.
367 425 427 495 Τόν
443 429 496 512 μέν
512 423 568 496 οόν
586 427 769 516 Προπάτορα
785 427 883 496 αότοῖν
900 427 1094 518 γινώσκεσθαι
1110 429 1192 520 μόνῳ
1209 432 1326 518 λέγουσι
1339 437 1381 522 τςῖ
1395 433 1423 509 l}

275 529 368 597 αότοῦ
390 531 521 619 γεγονότι
540 539 722 619 Μονογενεῖ,
752 533 884 598 τουτέστι
903 539 944 622 τρῖ
967 539 1036 620 Νρῖ,
1065 539 1128 610 τοῖς
1149 534 1181 599 n
1201 541 1318 611 λοιποῖς
1338 541 1425 600 πᾶσιν

276 631 407 721 άόρατον
426 635 479 699 παλ
500 632 705 716 άιιατάληπτον
728 630 878 718 όπάρχειν.
922 631 1029 710 Μόνος
1047 635 1079 700 δέ
1096 631 1115 700 ό
1135 642 1219 712 Νοῦς
1237 634 1299 702 κατ’
1318 634 1424 712 αόσοός

277 737 411 822 έτέρπετο
432 743 558 822 θεαροῖν
575 735 626 802 τόν
645 737 765 823 Πατέρα
779 738 829 801 παλ
848 735 881 803 τό
897 739 1023 824 μέγεθος
1039 734 1072 802 τό
1088 733 1250 824 άμέτρητον
1266 737 1361 806 αὐτοῦ
1376 767 1425 805 πα·

275 843 390 904 τανοοῖν
408 837 560 925 ἠγάλλετο,
590 841 641 904 παλ
661 843 799 905 διενοεῖτο
818 841 868 905 ιιαλ
886 849 948 916 τοῖς
962 847 1078 915 λοιποῖς
1096 843 1210 906 Αλοῖσιν
1226 838 1424 910 άναιιοινοόσα-

274 951 348 1006 σθαι
366 939 399 1006 τό
415 941 544 1028 μέγεθος
559 949 613 1008 τοῦ
631 939 767 1028 Πατρός,
795 938 896 1023 ήλέιιος
911 967 942 1006 τε
960 942 1010 1006 παλ
1024 939 1095 1018 όσος
1112 939 1238 1029 όπῆρχε,
1260 947 1311 1011 παλ
1330 937 1423 1028 οῖςήν

274 1041 402 1128 ἄναρχος
414 1067 445 1109 τε
458 1045 509 1109 παλ
525 1041 684 1130 άγόρητος,
707 1045 757 1108 καῖ
773 1040 811 1109 οό
824 1042 1009 1128 παταληπτός
1021 1046 1101 1109 ἰδεῖν.
1146 1047 1272 1129 Κατέσγε
1287 1047 1323 1114 όέ
1336 1045 1423 1114 αάτόν

154 1183 205 1228 μς.
219 1172 263 1217 επ.
276 1143 298 1229 ή
312 1145 391 1232 Σιγή
404 1145 543 1230 βουλήσει
557 1152 611 1212 τοῦ
627 1142 755 1231 Πατρός,
777 1143 828 1211 όιά
841 1145 873 1211 τό
891 1148 987 1212 θέλειν
1003 1145 1114 1222 πάντας
1128 1143 1239 1224 αότοός
1252 1151 1294 1225 ελς
1311 1151 1423 1215 έννοιαν

275 1251 326 1314 παλ
347 1247 448 1315 πόθον
465 1247 608 1332 ζητήσεως
628 1255 682 1313 τοῦ
701 1249 916 1334 προειρημένου
934 1247 1132 1334 Προπάτορος
1155 1245 1276 1316 1αότοῖν
1298 1248 1421 1337 α’γαγεῖν.

276 1352 338 1416 Καὶ
353 1355 385 1418 οῖ
398 1352 451 1436 μέν
466 1352 567 1416 λοιπολ
582 1347 693 1433 όμοῖοτς
705 1352 821 1428 Αἰοῖνες
834 1347 928 1438 ήονγῇ
944 1375 1008 1427 ποις
1022 1349 1196 1418 έπεπόθουν
1211 1351 1262 1418 τόν
1275 1353 1422 1440 προβολάν

274 1461 329 1520 τοῦ
343 1456 509 1538 σπέρματος
526 1449 650 1518 έαάτοῖν
664 1454 737 1517 ἰδεῖν
750 1451 868 1536 καλιήν
884 1451 1008 1538 άναρχον
1022 1456 1104 1538 βῖζαν
1118 1457 1276 1540 ῖστορῖγσαι.
1323 1461 1421 1540 8Προ-

274 1555 363 1639 ήλατο
380 1557 412 1622 δέ
430 1553 507 1621 πολό
523 1553 541 1621 ό
557 1561 718 1630 τελευταῖος
735 1556 787 1620 καλ
802 1553 944 1631 νεότατος
961 1561 1014 1638 τῆς
1030 1555 1207 1633 Δοιόειιάδος
1224 1564 1278 1640 τῖγς
1292 1553 1355 1624 όπό
1371 1561 1421 1622 τοῦ

272 1656 452 1744 Ἀνθροάπου
475 1660 525 1724 ιιαλ
548 1665 602 1741 τῆς
624 1656 795 1741 Ἐπαλησλας
818 1659 1080 1744 *προβεβλημένης
1104 1657 1204 1736 Mn,
1232 1659 1382 1726 τουτέστιν
1403 1655 1422 1742 ή

274 1765 391 1842 Σοφία,
422 1763 472 1825 παλ
494 1763 590 1826 έπαθε
609 1757 710 1836 πάθος
727 1757 799 1824 ἄνευ
816 1768 870 1844 τῆς
889 1763 1049 1844 έπιπλοιιής
1062 1766 1117 1826 τοῦ
1132 1760 1282 1846 ῦσυζόγοο
1298 1768 1355 1827 τοῦ
1372 1765 1421 1825 Θε-

273 1871 374 1947 λητοῦ,
397 1862 414 1928 ό
432 1861 571 1947 ἐνήρξατο
588 1863 641 1946 μέν
656 1865 687 1928 έν
703 1871 766 1938 τοῖς
781 1865 847 1948 περλ
863 1860 913 1928 τόν
930 1869 1015 1929 Νοῦν
1032 1865 1083 1928 ειαλ
1096 1862 1150 1944 τήν
1162 1861 1329 1947 Ἀλήθειαν,
1353 1860 1421 1928 άπέ-

273 1983 370 2050 σκηψε
384 1965 416 2031 δέ
433 1969 475 2042 εἰς
489 1971 594 2031 τοῦτον
607 1962 660 2030 τόν
672 1967 911 2051 παρατραπέντα,
933 1964 1086 2050 πρόφασιν
1100 1967 1152 2048 μὲν
1167 1962 1293 2051 άγάπης,
1315 1965 1421 2050 τόλμης

273 2067 306 2134 δέ
319 2067 368 2134 διά
381 2065 415 2134 τό
431 2065 472 2150 μή
488 2075 746 2151 οιιειιοινοινήσθαι
759 2074 799 2156 τρῖ
815 2070 911 2154 Παιρλ
924 2073 965 2157 τρῖ
979 2072 1085 2158 τελεέρι,
1102 2065 1207 2145 καθοῖς
1222 2069 1273 2133 ιιαλ
1287 2065 1307 2134 ό
1321 2075 1418 2145 Νοῦς·

273 2169 305 2236 τό
326 2170 358 2236 δέ
375 2167 478 2246 πάθος
497 2167 572 2236 εῖναι
588 2169 705 2253 ζήτησιν
723 2177 777 2236 τοῦ
794 2167 912 2256 πατρός.
948 2167 1058 2235 Ἤθελε
1074 2168 1146 2258 γάρ,
1176 2168 1217 2248 άς
1234 2171 1368 2256 λέγουσι,
1388 2167 1419 2235 τό

273 2273 401 2360 μέγεθος
415 2270 509 2338 αὐτοῦ
525 2277 708 2356 καταλαβεῖν.
741 2271 866 2338 Ἔπειτα
875 2270 916 2356 μή
932 2277 1117 2357 δυνηθῆναι,
1140 2271 1190 2338 όιά
1210 2270 1266 2338 ῖτό
1281 2270 1419 2360 άόυνάτρι

273 2379 421 2458 ἐπιβαλεῖν
433 2373 598 2462 πράγματι,
626 2377 676 2442 καλ
692 2377 724 2441 έν
738 2381 836 2466 πολλῷ
849 2373 926 2440 πάνυ
944 2372 1034 2462 άγοῖνι
1048 2374 1219 2462 γενόμενον,
1248 2373 1299 2440 όιά
1318 2382 1372 2440 ιτε
1386 2371 1418 2439 τό

273 2479 397 2563 μέγεθος
419 2485 472 2542 τοῦ
494 2475 614 2562 βάθους
635 2478 686 2543 ιιαλ
707 2476 740 2543 τό
763 2475 973 2562 άνεξιγυλαστον
989 2484 1043 2543 τοῦ
1063 2476 1186 2563 Πατρός
1203 2479 1254 2542 ιιαλ
1271 2475 1325 2561 τήν
1345 2475 1421 2563 πρός

272 2578 364 2646 αότόν
384 2579 512 2666 στοργήν
530 2579 730 2664 ἐκτεινόμενον
750 2579 798 2646 άελ
818 2583 866 2647 έπῖ
886 2578 919 2646 τό
936 2579 1070 2666 πρόσθεν
1090 2578 1150 2646 όπό
1170 2585 1224 2663 τῆς
1243 2581 1421 2665 γλυιιιῖτητος
1506 2643 1507 2670 η

272 2680 365 2748 αὐτοῦ
392 2689 555 2749 τελευταῖον
584 2681 621 2748 όν
649 2681 872 2750 ιιαταπεπόσθαι
901 2683 952 2748 παλ
978 2680 1172 2749 άναλελόσθαι
1200 2683 1241 2758 εές
1268 2681 1322 2766 τήν
1350 2681 1419 2764 όλην
1506 2671 1507 2692 ¹

272 2782 390 2865 οόσῖαν,
420 2788 447 2850 εἰ
466 2784 507 2870 μή
525 2791 561 2875 τῇ
578 2784 751 2876 στηριζοόση
769 2787 820 2851 παλ
836 2784 919 2862 λατός
934 2793 987 2850 τοῦ
1000 2783 1133 2872 άρρήτου
1148 2785 1295 2871 μεγέθους
1308 2791 1418 2866 φυλασ-

272 2887 365 2978 σοόση
383 2886 419 2954 τά
438 2887 492 2954 όλα
507 2889 642 2972 συνέτυχε
660 2887 784 2972 δυνάμει
800 2888 917 2972 (ταύτην
933 2889 965 2954 όέ
981 2885 1036 2972 τήν
1052 2886 1178 2972 δύναμιν
1194 2889 1246 2952 ιιαλ
1256 2885 1352 2971 Ὅρον
1366 2911 1415 2952 νια·

271 2999 399 3071 λοῦσιν),
429 2987 482 3072 ὕφ’
501 2981 538 3073 ής
554 2992 732 3074 έπεσγῆσθαι
752 2992 803 3055 ιιαλ
818 2993 1000 3077 έστηρλχθαι,
1032 2991 1082 3055 ιιαλ
1099 2988 1185 3076 μόγις
1203 2989 1417 3074 έπιστρέήιαντα

272 3098 314 3172 εἰς
329 3091 445 3172 ἑαυτόν,
466 3095 516 3158 παλ
532 3094 690 3158 πεισθέντα
704 3091 749 3158 ότι
764 3089 966 3176 άιιατάληπτός
981 3088 1089 3158 έστινό
1105 3089 1222 3174 Πατήρ,
1244 3089 1417 3158 άποθέσθοι

272 3194 326 3279 τήν
343 3196 488 3281 προτέραν
505 3193 670 3279 ἐνθύμησιν
687 3193 744 3259 σόν
763 3202 805 3285 τρῖ
817 3197 1007 3284 έπιγινομένρο
1024 3193 1117 3260 πάθει
1134 3195 1167 3259 έιι
1182 3202 1238 3259 τοῦ
1254 3193 1416 3278 έιιπλήνιτοο
1504 3267 1505 3278 ἢ

273 3301 387 3364 έιιεένου
409 3296 571 3381 θαύματος.
1504 3289 1505 3320 ¹

130 3988 198 4058 120.
216 3989 257 4059 ιγ.
348 3978 446 4047 Ἔνιοι
463 3979 495 4046 δέ
513 3977 611 4046 αότοῖν
633 3986 720 4056 1ποῖς
735 3975 767 4044 τό
784 3975 886 4055 πάθος
900 3984 953 4062 τῆς
967 3981 1085 4060 Σοφῖας
1101 3979 1153 4042 ιιαλ
1167 3975 1223 4062 τήν
1237 3971 1414 4062 έπιστρογήν

274 4089 505 4170 μυθολογοῦσιν;
534 4079 670 4170 άόυνάτρι
690 4083 740 4148 καῖ
758 4077 951 4171 άπαταλήπτρι
969 4079 1117 4167 πράγματι
1137 4075 1255 4161 ἀότήν
1273 4074 1411 4164 έπιγειρή·

1501 4202 1502 4238 ι

342 4272 400 4324 (λιν.
415 4273 474 4323 Χλλ.
500 4299 533 4312 -
561 4273 581 4325 1.
602 4265 678 4326 αάτόν
696 4267 828 4340 άναγαγεῖν
862 4275 916 4323 ποεῖ
930 4273 1095 4334 laumense!
1110 4271 1248 4321 Tertulliani
1260 4271 1317 4320 οσλο.
1333 4269 1415 4318 Valent.

274 4343 325 4392 σοῖ.
341 4342 396 4392 Vm.
862 4353 916 4402 οσμ.
929 4343 953 4390 ὅ.
972 4353 1025 4389 σανα
1041 4339 1173 4400 nanneto,
1187 4353 1231 4400 ρει
1247 4331 1413 4407 προβιβλημέ·

307 4413 331 4459 '.'.
349 4403 424 4462 αότόι
440 4411 490 4460 eod„
507 4413 561 4462 λἀι
579 4424 595 4459 ο
610 4411 689 4472 ρτλοιο
706 4422 788 4458 ποτα.
863 4423 918 4472 νος,
935 4409 998 4471 quod
1014 4419 1092 4458 οοιιιτε
1107 4407 1161 4456 libri
1177 4408 1267 4456 λοοειιλ.

306 4475 331 4527 3.
348 4471 484 4544 προιήλστο
500 4479 551 4528 cod.
567 4481 621 4528 λἀι.
897 4476 921 4526 5.
934 4473 1042 4540 συζύγου
1052 4476 1143 4536 scripti,
1155 4475 1244 4526 ῖσειιοτί
1252 4477 1295 4522 οτι
1306 4475 1411 4532 mm·
1500 4475 1501 4531 λ

307 4539 332 4596 4.
349 4544 384 4592 Ιλο
400 4547 509 4608 mimi
528 4547 558 4596 σλο
574 4547 709 4596 auctoritate
724 4549 768 4595 υιλ.
784 4545 831 4594 λεε-
863 4548 909 4594 um
923 4548 1021 4606 ιεσαλαε,
1038 4555 1090 4592 eun
1104 4543 1218 4594 ῖῖοσλοπσ
1233 4543 1332 4592 λλαοοεο.
1357 4537 1410 4588 θεέ.
