2986 4996
345 305 391 356 ao
408 305 595 358 urrsrousm
612 305 720 356 hcttht
740 306 784 356 rur
799 305 908 356 rauci.
1160 291 1199 354 19

71 425 200 508 quondam
220 422 408 502 habuissent,
431 424 495 488 sive
518 433 678 510 tyrannos,
710 433 758 488 aet
781 423 1037 507 praestigiatores,
1067 427 1115 510 qui
1136 449 1197 490 me-

69 525 194 590 morabile
210 527 342 610 quiddam
362 525 391 590 iu
413 525 472 589 uita
496 527 628 588 fecerant
645 545 680 588 ac
704 523 879 588 fortitudinis
898 536 929 590 et
947 527 1062 592 roboris
1082 529 1197 594 illustre

69 628 200 710 specimen
229 627 398 705 ediderant,
432 627 590 712 depingere
621 627 769 690 coloribus
798 638 827 692 et
855 627 1020 693 assimilare
1049 631 1193 696 solebant.

67 725 163 792 Postea
178 750 249 794 uero
265 729 301 792 ab
320 727 421 792 There
435 727 525 813 patris
539 727 679 792 Abraami
697 739 827 812 tempore
847 729 1010 796 simulacris
1033 752 1069 796 ac
1091 735 1195 798 statuis

67 831 175 894 eundem
193 851 321 894 errorem
335 830 517 893 idololatriae
534 839 739 914 propagarunt.
785 827 899 914 Quippe
919 835 1050 916 maJores
1068 855 1138 900 suos
1153 836 1194 898 si-

67 931 188 994 mulacris
209 932 397 994 honestantes
418 951 453 994 au
474 941 605 996 mortuos
625 931 746 1015 primum
773 942 837 994 arte
859 932 955 1016 ligliua
977 943 1087 1000 statuas
1112 938 1194 1004 ellin-

64 1042 169 1112 aerunt,
187 1045 245 1098 tum
264 1033 298 1094 ad
315 1053 417 1096 omncs
433 1043 512 1098 artes
526 1031 654 1095 imitandi
673 1033 805 1115 pervenit
821 1032 974 1098 industria.
1005 1033 1083 1099 Nam
1101 1050 1131 1102 et
1146 1059 1194 1102 ar·

65 1133 164 1196 ebitecti
190 1134 279 1196 sectis
307 1133 464 1219 lapidibus,
488 1133 646 1218 argentarii
665 1143 695 1194 ct
711 1133 864 1212 aurifices,
889 1155 1022 1199 necnon
1048 1138 1120 1201 labri
1138 1161 1193 1205 sua

64 1235 153 1320 quique
165 1234 298 1312 materia,
314 1255 348 1297 ac
359 1235 462 1319 reliqui
476 1235 614 1320 deinceps
629 1233 738 1314 effigies
751 1235 841 1298 moliti
858 1247 937 1298 sunt.
960 1233 1051 1302 Primi
1064 1241 1191 1305 omnium

64 1335 186 1422 Aegyptii
204 1359 238 1398 ac
251 1333 420 1419 Babylonii,
444 1357 498 1398 neo
515 1357 573 1398 uon
590 1333 737 1422 Phryges,
760 1356 795 1398 ac
811 1332 976 1401 Phoenices
994 1341 1192 1423 superstitiosi

63 1438 141 1500 cultus
154 1450 182 1501 et
197 1437 417 1502 simulacrorum
442 1457 475 1498 ac
498 1435 703 1522 mysteriorum
721 1447 857 1500 auctores
871 1439 1045 1504 extiterunt.
1082 1442 1111 1505 Α
1129 1443 1192 1526 qui·

62 1537 105 1600 bus
120 1539 254 1624 pleraque
269 1549 338 1601 sunt
353 1539 388 1600 ad
403 1537 536 1601 Graecos
552 1538 703 1615 translata,
726 1539 782 1600 iam
798 1548 855 1602 tunr
871 1540 907 1602 ab
923 1551 1019 1606 aetate
1035 1537 1189 1628 Cecropis,

62 1652 86 1701 et
98 1640 240 1724 deinceps.
272 1637 383 1702 Postea
399 1660 469 1702 uero
484 1639 571 1722 longo
581 1639 696 1701 demum
711 1639 865 1704 intervallo
877 1637 1047 1724 Saturnum,
1062 1643 1190 1724 Rheam,

62 1737 164 1820 lorum,
188 1739 374 1826 Apollinem,
398 1761 432 1803 ac
454 1739 581 1823 reliquos
602 1740 674 1803 deos
696 1741 845 1804 celebrare
868 1754 1037 1827 coeperunt.
1174 1753 1176 1758 '

130 1842 237 1907 Graeci
259 1861 365 1904 nomen
387 1841 422 1904 ab
438 1839 562 1904 Hellene
579 1842 702 1924 quodam
721 1841 816 1906 sortiti
834 1853 919 1920 srtnt,
943 1845 991 1927 qui
1013 1845 1043 1909 in
1063 1843 1191 1912 Graecia

61 1945 153 2028 legens
169 1946 197 2007 ei
214 1942 329 2026 regioni
345 1943 566 2027 appellationem
584 1943 697 2006 indidit.
744 1940 821 2006 Sunt
838 1944 886 2027 qui
904 1944 940 2007 ab
957 1945 1051 2026 elaea,
1074 1951 1129 2012 hoc
1144 1961 1191 2013 est

59 2047 133 2124 oliva,
150 2067 225 2130 qnae
234 2044 360 2107 Athenis
374 2054 480 2108 exorta
496 2054 554 2120 cst,
574 2054 755 2127 nuncupatos
772 2064 839 2108 esse
856 2047 958 2110 velint.
988 2046 1083 2113 Huius
1099 2071 1190 2134 gene·

58 2147 91 2211 ris
106 2159 240 2211 auctores
268 2167 304 2208 ac
322 2146 488 2208 conditores
510 2143 596 2208 lones
624 2147 760 2223 luerunt,
791 2155 824 2208 ut
841 2167 881 2209 ex
898 2150 1079 2214 accuratiore
1098 2151 1189 2216 histo-

57 2249 91 2310 n'a
105 2260 231 2326 cunstat,
256 2247 303 2330 qui
321 2246 357 2310 ab
373 2245 462 2309 larun
479 2247 603 2331 quodam
619 2244 754 2331 appellati
771 2260 858 2326 sunt,
882 2271 940 2313 uuo
955 2271 994 2313 ex
1010 2251 1046 2314 iis
1061 2251 1110 2336 qui
1126 2265 1187 2316 tur·
1201 2275 1255 2322 aaa.
1269 2277 1290 2334 s,
1302 2279 1336 2323 ss

57 2351 99 2413 tin
116 2358 326 2414 extruxerunt.
357 2345 452 2430 Quam
468 2347 505 2410 ob
524 2367 657 2411 caussam
674 2345 814 2432 Meropes
834 2369 935 2412 omnes
953 2354 1050 2415 vocati
1069 2356 1187 2418 suntab

57 2451 182 2514 diuisione
202 2452 380 2533 linguarum.
426 2445 533 2512 Postea
551 2469 624 2513 vero
647 2448 859 2513 recentioribus
879 2453 1056 2536 temporibus
1071 2453 1188 2521 Graece

55 2552 210 2638 superstitio
238 2561 336 2614 certas
363 2551 393 2613 in
414 2551 552 2614 haereses
575 2571 609 2614 uc
629 2562 725 2614 sectas
749 2550 836 2630 abiit,
861 2562 960 2636 utputa
983 2551 1187 2639 Pythagoreo-

55 2675 123 2732 mm,
146 2653 336 2729 Stoicorum,
368 2647 601 2728 Platonicorum,
625 2648 836 2735 Epicureorum
858 2663 915 2718 etc.
960 2653 1073 2718 Eodem
1097 2679 1185 2742 porro

53 2765 167 2840 tempore
186 2753 306 2841 propria
328 2753 422 2815 lormu
444 2773 479 2815 ac
500 2763 570 2814 nota
595 2773 683 2816 verae
708 2753 824 2836 pietatis
846 2765 875 2817 et
900 2755 1050 2840 religionis
1073 2759 1183 2838 extitit,
1300 2769 1306 2790 ‘

53 2877 100 2918 una
115 2880 175 2919 eum
190 2859 259 2938 lege
274 2865 407 2929 naturae,
425 2873 498 2936 qnae
513 2852 548 2916 ab
568 2852 680 2938 origine
695 2855 792 2916 mundi
812 2877 878 2918 sese
894 2857 929 2918 ab
945 2857 1002 2920 illis
1019 2858 1183 2925 nationibus

53 2971 176 3044 perpetuo
195 2955 378 3040 segregavit,
402 2956 436 3016 ad
453 2955 527 3017 hanc
546 2973 637 3038 usque
652 2955 748 3034 diem,
772 2955 851 3019 inter
867 2957 1037 3036 barbaram,
1063 2957 1182 3045 Scythi-

52 3081 102 3121 cam
119 3057 321 3141 Graecumque
336 3057 571 3140 superstitionem
587 3056 753 3134 interiecta,
776 3057 869 3120 dorice
884 3080 948 3122 cum
963 3059 1103 3123 Abraami
1120 3062 1182 3145 pic-

52 3171 99 3224 tate
120 3161 240 3225 coaluit.

120 3259 172 3326 lV.
198 3259 277 3323 'Pom
294 3279 365 3323 vcro
384 3255 544 3321 ludaismus
561 3257 746 3321 abhbraami
766 3259 942 3343 temporibus
956 3261 1101 3346 propriam
1120 3266 1180 3328 lor·

51 3383 113 3424 nam
128 3365 268 3450 adeptus,
292 3381 327 3424 ac
344 3381 397 3445 per
411 3357 556 3444 Moysen,
580 3360 616 3422 ab
631 3359 779 3422 Abraamo
801 3360 972 3444 septimum,
995 3384 1030 3426 ac
1047 3363 1139 3450 legem
1162 3387 1180 3430 a

50 3463 93 3524 deo
107 3467 240 3528 traditam
256 3461 457 3546 amplificatus,
482 3471 510 3522 et
528 3461 564 3522 ab
581 3457 668 3537 luda,
692 3471 794 3544 quarto
810 3457 906 3524 lacobi
923 3463 1000 3542 filio,
1024 3465 1072 3548 qui
1090 3477 1120 3528 et
1134 3463 1178 3530 ls-

48 3567 98 3627 rael
111 3567 276 3628 nominatus
291 3573 353 3640 est,
378 3583 430 3645 per
445 3559 605 3642 Davidem,
630 3562 678 3645 qui
702 3561 810 3646 primus
828 3583 844 3624 e
865 3563 940 3626 tribu
966 3561 1036 3628 luda
1054 3588 1177 3652 regnum

48 3678 184 3730 assetmus
199 3676 264 3744 est,
288 3666 445 3747 perlectum
464 3660 598 3726 ludaismi
617 3684 722 3726 nomen
738 3662 872 3725 obtinuit.
917 3660 1079 3750 Perspicue
1097 3667 1174 3731 enirn

48 3769 180 3848 apostolus
197 3769 234 3830 de
253 3763 298 3828 tv
324 3764 381 3827 illis
405 3763 576 3827 haeresibus
599 3761 762 3826 summatim
787 3763 909 3848 loquens
930 3765 987 3829 ista
1011 3767 1102 3832 dixit:
1139 3774 1174 3832 Iu
1188 3789 1278 3849 uota,
1292 3793 1323 3840 rt

47 3869 144 3930 cantro
160 3875 233 3931 enim
251 3871 316 3928 lesu
329 3888 418 3946 neque
433 3867 586 3938 burburus,
610 3885 698 3944 neque
711 3867 834 3944 Scytha,
858 3889 946 3948 neque
961 3872 1101 3945 Graecus,
1125 3891 1173 3932 ne-

45 3989 87 4047 que
105 3975 243 4043 Iudaeam,
267 3971 318 4029 sed
336 3989 407 4028 noue
428 3979 570 4028 euentura.

115 4069 297 4134 Graecorum
321 4090 408 4153 porro
429 4067 484 4130 ista
506 4076 574 4129 sunt
595 4065 780 4129 discriminas

115 4170 153 4234 V.
176 4168 370 4257 Pythagorei,
388 4169 452 4232 siue
467 4164 666 4252 Peripatetici,
683 4169 836 4232 monadem
852 4177 883 4232 et
897 4170 1109 4254 providentiam
1124 4196 1171 4240 as·

68 4337 105 4390 us
121 4341 264 4406 κιριμαῆς
289 4341 341 4388 oa
363 4339 460 4400 amora.
485 4341 507 4386 e
528 4337 582 4388 auu.
616 4339 642 4387 n
655 4339 773 4418 aemma.
789 4330 961 4418 eeaq'tovec.
985 4341 1055 4424 seyr
1069 4343 1171 4394 renea

41 4409 106 4526 lii.
121 4407 582 4536 ilffliiuiall‘fl'mam.
619 4407 740 4468 omn
753 4405 877 4469 mm
893 4407 929 4457 ‘l'
945 4409 1004 4458 'll'
1029 4408 1119 4463 lim

917 4563 936 4626 2
953 4559 967 4590 ἡ
