3010 5000
273 235 335 301 518
695 246 818 302 emon
833 249 1002 304 fimum!

143 367 210 436 Κεφ·
228 363 256 428 τ’·
362 361 425 429 Ούκ
440 361 498 449 ῦρα
513 367 628 445 τοίνυν,
651 361 693 440 ως
708 357 792 430 ούτοί
806 385 894 446 φασι,
916 362 967 430 διύ
980 372 1087 451 γνοῦσιν
1103 363 1121 433 ό
1136 363 1255 443 Ἰούδας
1268 369 1429 452 παρέδοτε

273 464 326 532 τόν
346 472 478 550 σωτῆρα,
507 464 578 532 ούδέ
595 465 740 533 Ἰουδαῖοι
758 464 869 550 μισθόν
887 469 985 550 έχουσι
1003 467 1222 553 σιαυροόσαντες
1238 466 1290 534 τόν
1307 468 1428 553 κύριον,

273 572 324 634 καί
339 571 384 632 τοί
398 593 430 653 γε
447 568 496 634 διὰ
511 576 641 654 σταυροῦ
657 569 783 652 ἐχόντων
797 566 883 650 ἡμῶν
899 568 954 652 τὴν
970 575 1124 654 σωτηρίαν.
1170 568 1246 637 Ούτε
1261 569 1319 656 γδρ
1338 573 1427 654 παρέ.

275 676 369 738 δωιιεν
392 668 482 736 αύτύν
507 669 663 747 όἸούδας
687 674 736 737 ἵνα
759 673 875 757 γένηται
897 667 969 754 ἡμῖν
994 675 1035 748 είς
1059 677 1219 758 σωτηρίαν,
1250 670 1322 736 ύλλύ
1351 671 1428 738 πατύ

275 772 411 860 ῦγνοιαν,
443 780 528 856 ζῆλον
550 775 602 838 καλ
622 778 818 859 φιλαργυρίαν
840 771 1038 857 τίρνησιθεῖας.
1089 773 1156 840 Κύν
1179 800 1209 840 τε
1231 773 1288 860 γύρ
1310 772 1429 864 εῖπηῆ

275 873 376 960 γραφη
397 873 449 940 τύν
472 874 601 958 Χριστόν
622 879 760 959 μέλλοντα
782 883 899 964 σταυρῷ
918 879 1155 961 παραδίδοσθαι,
1185 875 1206 958 ἢ
1228 875 1285 942 κῦν
1304 874 1429 958 εἴποτιξ

276 982 345 1042 θεία
366 976 469 1064 γραφὴ
491 977 526 1042 τύ
549 975 593 1044 ἐπ’
618 977 767 1061 ιέσχότων
787 975 907 1063 ἡμεροῦν
928 975 966 1044 δι’
986 975 1071 1062 ἡμῶν
1089 977 1293 1061 ἐπιτελούμενα
1311 975 1427 1059 fimti-

276 1106 368 1163 ματα,
400 1077 436 1145 ού
457 1080 575 1157 πόντως
595 1079 677 1166 εῦροι
697 1078 735 1146 ύν
756 1107 799 1156 τις
819 1077 904 1164 ἡμῶν
924 1087 983 1146 τῶν
1003 1078 1039 1146 τύ
1060 1079 1216 1167 παράνομα
1236 1079 1430 1164 πραττόντων

276 1179 437 1267 ύπολογίαν
450 1180 503 1264 την
516 1190 569 1264 τῆς
583 1189 700 1268 γραφῆς
714 1187 878 1268 μαρτυρίαν
892 1184 1066 1268 προφέρων,
1088 1181 1347 1268 προθεσπιζούσης
1360 1191 1431 1248 ταῦ

276 1311 312 1350 τα
328 1287 455 1350 ἔσεσθαι.
502 1282 548 1350 Ού
565 1283 621 1371 γύρ
637 1283 682 1349 ῦτι
699 1282 781 1350 εἶπεν
794 1281 816 1366 ἦ
831 1283 933 1371 γραφη
948 1291 1107 1368 ποιοῦμεν,
1136 1282 1195 1350 ἄλλ’
1210 1283 1256 1350 δτι
1271 1285 1430 1367 ἐμέλλομεν

276 1395 387 1464 ποιεῖν,
408 1395 547 1471 προεῖπεν
561 1385 583 1470 ἦ
595 1385 713 1473 γραφὴ,
735 1387 785 1452 διδ
799 1386 853 1470 τήν
865 1395 919 1453 τοῦ
933 1394 1009 1453 θεοῦ
1023 1385 1206 1472 πρόγνωσιν,
1227 1388 1278 1452 καὶ
1290 1389 1343 1452 ἵνα
1356 1387 1431 1464 θεύς

277 1487 392 1575 όγαθύς
414 1486 569 1573 ύπύρχων,
601 1486 749 1575 ἐπιφέρων
770 1489 803 1556 δέ
823 1487 878 1573 την
899 1487 992 1574 α’ργήν
1013 1488 1088 1554 κατύ
1108 1496 1168 1555 τοῖν
1188 1485 1430 1572 ἇμαρτανόντων,

278 1590 319 1676 μὴ
336 1588 501 1680 ὑποληφθῇ
517 1590 611 1657 πόθει
627 1591 827 1675 συνεχόμενος.
868 1589 908 1656 Ἦ
919 1591 975 1678 γύρ
992 1589 1063 1658 καθ’
1078 1593 1201 1658 ἕκαστον
1221 1597 1280 1656 τοῖν
1297 1589 1431 1677 ύμαρτα-

278 1692 390 1760 νόντων
410 1691 491 1777 πυροὶ
509 1701 585 1758 θεοῦ
608 1691 681 1779 α’ργή
704 1692 759 1758 οῦκ
781 1691 841 1760 α’πύ
859 1693 980 1770 πόθους
997 1691 1131 1780 ύρμῦται.
1173 1691 1302 1768 ’Λπαθὲς
1319 1692 1382 1778 γὰρ
1400 1693 1430 1760 τύ

279 1896 460 1980 νακτήσεως,
492 1895 562 1963 ούδέ
582 1896 655 1988 α’ργγῖ
672 1895 800 1979 ἡττηθὲν
821 1901 893 1964 8καί
912 1898 1120 1984 κρατούμενον.
1164 1901 1304 1963 Δείενυσι
1320 1895 1380 1983 γύρ
1398 1899 1430 1964 τύ

279 1998 397 2075 αίπαθές
418 1997 435 2065 ό
456 1998 529 2076 θεός
549 1998 699 2085 προειπεῖν
721 1997 818 2082 4ἡμῖν
836 2001 889 2084 τήν
906 2003 1046 2084 ἐσομένην
1061 2005 1157 2086 κρίσιν
1175 2003 1227 2066 καί
1242 1999 1295 2084 τὴν
1311 2003 1431 2066 δικαίαν

283 2100 374 2189 ὕπαρ
389 2100 481 2168 αύτοῦ
494 2107 637 2188 τιμωρίαν
651 2103 816 2188 γινομένην,
838 2107 888 2169 ἵνα
901 2101 933 2170 τό
949 2101 1066 2180 ύπαθές
1081 2101 1196 2192 σημαίνῃ
1212 2109 1265 2185 τῆς
1277 2101 1428 2184 θεότητος.

283 2211 414 2290 Προεῖπε
434 2208 536 2270 τοίνυν
557 2201 578 2286 τί
598 2202 699 2290 γραφη
716 2201 790 2268 κατύ
806 2204 973 2291 πρόγνωσιν
990 2207 1265 2291 προασφαλιζομένη
1282 2209 1334 2270 καὶ
1348 2203 1429 2270 διδύ-

281 2329 408 2386 σιιουσα,
437 2311 488 2374 ἵνα
504 2307 545 2391 μη
561 2308 730 2391 ἐμπέσωμεν
750 2309 792 2384 είς
806 2305 899 2392 ύργήν
915 2306 1077 2390 ύνήκεστον
1093 2315 1187 2386 θεοῦ,
1216 2305 1271 2390 τὴν
1286 2305 1324 2373 ού
1338 2305 1430 2372 πόθει

281 2407 468 2492 ὁρισθεῖσαν,
497 2408 566 2476 ούδέ
582 2414 802 2492 συμβαίνουσαν
818 2408 878 2476 ύπύ
893 2409 998 2494 ἥττης,
1026 2407 1098 2475 ύλλύ
1115 2408 1287 2476 δικαιότατα
1302 2417 1364 2486 τοῖς
1380 2407 1430 2490 τὴν

160 2548 211 2593 1³¹ss-
224 2535 268 2580 τεν.
282 2509 427 2597 όμαρτίαυ
442 2515 604 2580 ἐκτελοῦσιν
620 2509 792 2598 ύνθρύποις
805 2521 1100 2598 προετοιμασθεῖσαν,
1122 2514 1173 2578 καί
1185 2509 1227 2594 μὴ
1241 2518 1430 2596 μετανοοῦσιν

283 2617 312 2693 ἐξ
335 2613 482 2697 ύληθείας.

153 2930 220 3000 Κεφ.
239 2927 269 2994 ξ.
373 2919 459 2986 Οῦτω
474 2921 524 2986 καί
539 2920 589 2984 ἐπὶ
601 2926 655 2985 τοῦ
669 2927 813 3004 σταυροῦ,
836 2916 889 3001 ούχ
904 2917 951 2986 ῦτε
966 2916 1045 2986 είπεν
1058 2916 1079 3003 ἦ
1094 2923 1163 2984 θεία
1176 2916 1295 3004 γραφὴ,
1316 2916 1428 2984 'Em

284 3043 383 3110 ρωσαν
405 3026 436 3090 οἱ
454 3019 613 3101 Ἰουδαῖοι,
644 3023 710 3101 καί,
742 3025 920 3109 Παρέδωκεν
938 3020 1056 3098 Ἰούδας
1077 3020 1129 3088 τόν
1149 3028 1284 3106 σωτῆρα,
1313 3019 1370 3088 ἄλλ’
1388 3019 1430 3086 ῦτι

284 3129 379 3210 ἐμελλε
402 3122 600 3208 παραδιδόναι
618 3121 751 3203 Ἰούδας,
781 3125 831 3190 καλ
855 3122 1000 3190 Ἰουδαῖοι
1024 3130 1186 3209 σταυροῦν,
1218 3121 1329 3190 τούτου
1350 3125 1428 3190 ἐ’νετα

285 3235 425 3313 προεῖπεν
445 3223 467 3310 ἦ
490 3231 559 3290 θεία
580 3225 680 3312 γραφη
705 3229 737 3292 ἐν
757 3234 793 3316 τῇ
816 3233 925 3314 παλαιᾷ
948 3224 1083 3316 διαθήκη
1105 3227 1155 3291 καλ
1176 3223 1195 3291 ό
1214 3223 1321 3310 κύριος
1341 3228 1371 3292 ἐν
1390 3231 1429 3312 τῷ

286 3327 449 3418 εὐαγγελίῳ.
480 3327 570 3404 Ὥςτε
583 3321 638 3395 σύν
651 3327 706 3394 οῦκ
720 3331 750 3394 ἐν
764 3327 868 3414 γνύσει
881 3336 934 3411 τῆς
947 3331 1087 3411 ἐσομένης
1100 3325 1264 3414 εύεργεσίας
1278 3335 1320 3416 τρῖ
1333 3325 1427 3413 κόσμῳ

286 3432 477 3516 παραδέδωκε
489 3429 541 3497 τόν
556 3431 661 3516 κύριον
676 3428 838 3512 ύἸούδας,
861 3429 903 3507 τός
918 3434 1023 3498 ἐκεῖνοι
1035 3433 1182 3516 λέγουσιν,
1205 3426 1265 3494 ἄλλ’
1281 3429 1367 3506 εἰδοῖς
1378 3429 1428 3512 μίν

286 3533 331 3600 ὅτι
345 3531 363 3600 ό
376 3531 469 3599 αύτοῦ
482 3533 627 3617 δεσπότης
639 3531 778 3618 ύπῆρχεν,
800 3531 917 3618 δγνοῦν
932 3535 963 3599 δὲ
977 3531 1022 3600 ῦτι
1037 3537 1164 3616 σωτηρία
1176 3534 1257 3598 ἐσται
1269 3537 1311 3619 τῷ
1324 3529 1426 3618 κόσμρ.

288 3644 362 3714 Πῶς
380 3634 437 3723 γύρ
459 3633 496 3702 όν
516 3640 561 3718 είη
579 3641 723 3722 σωτηρίας
739 3633 908 3722 οίνθρούπων
924 3634 1131 3718 ἐπιμελόμενος
1152 3631 1170 3700 ό
1187 3631 1256 3719 παρ’
1273 3632 1364 3700 αύτοῦ
1377 3637 1426 3696 τοῦ

287 3747 416 3825 σωτῆρος
432 3735 551 3804 ύκούων
564 3736 720 3814 Ἀπωλείοις
736 3737 816 3817 υίόςς
839 3740 889 3804 καὶ
906 3737 955 3818 τό,
978 3739 1131 3823 Συμφίρει
1147 3733 1228 3824 αύτῷ
1244 3737 1272 3801 εί
1286 3734 1341 3803 ούτι
1356 3737 1424 3819 ἐγεν·

285 3845 383 3926 νήθη,
405 3843 454 3906 καλ
470 3841 518 3919 τύ,
538 3839 665 3927 Ἑταῖρε,
687 3839 734 3924 ἐφ’
750 3841 768 3907 δ
782 3840 884 3930 πύρεις
907 3843 958 3908 καί
972 3839 1022 3922 τύ,
1045 3837 1104 3916 Εἷς
1118 3841 1148 3917 ἐξ
1164 3835 1249 3921 ύμῦν
1264 3834 1425 3926 παραδόσει

288 3971 339 4030 με,
360 3947 411 4011 καλ
426 3943 476 4024 τύ,
502 3940 537 4010 ‘0
553 3947 663 4010 ἐσθίων
681 3941 740 4026 μετ’
756 3945 830 4026 ἐμοῦ
845 3943 897 4011 τδν
915 3943 1002 4028 ἄρτον
1017 3945 1107 4031 ἐπῇρε
1125 3938 1187 4006 κατ’
1203 3944 1278 4023 ἐμοῦ
1301 3949 1423 4023 1ιτιερνι-

288 4047 373 4134 σμύν,
396 4045 436 4124 οῖς
449 4050 505 4132 ἔχει
516 4045 550 4114 τύ
564 4045 730 4134 εὐαγγέλιον
745 4048 804 4112 22»
815 4046 1005 4134 προαγούσης
1019 4048 1180 4132 μαρτυρίας
1191 4051 1247 4110 τοῦ
1259 4045 1422 4126 ψαλτηρίου,

324 4205 381 4255 σοι.
396 4204 439 4256 Ἦ.
456 4232 488 4244 -
512 4207 533 4256 l.
551 4199 665 4272 ἐσχάτων
682 4219 734 4254 cum
750 4207 846 4256 Ριίαυίο
911 4201 936 4255 4.
952 4200 1013 4271 ἡμῖν
1031 4205 1107 4253 adieci
1125 4215 1155 4252 τε
1171 4203 1222 4252 ωδ.
1238 4201 1354 4251 vatim

287 4277 381 4394 ειν
400 4287 445 4336 ν
469 4267 570 4342 νίν
878 4267 1010 4394 ..τιν’
1025 4265 1422 4390 ..ν

323 4411 348 4460 ¹2.
364 4403 502 4475 ἀνθρώπων
517 4411 608 4472 placuit
623 4411 726 4460 Ρείουίο.
914 4408 973 4458 Cn.
989 4409 1043 4456 vn.
1061 4433 1094 4445 —
1120 4405 1142 4456 1.
1158 4401 1305 4470 τττερνιτμδι
1319 4402 1365 4453 eud.
1377 4401 1421 4450 Υσ-

322 4475 347 4530 3.
362 4475 448 4532 καλιτ
462 4480 513 4530 cod.
528 4479 715 4542 λὀιίαιτροιυίί
728 4481 846 4532 Ρτίονίυι.
879 4481 918 4530 εῖτ.
950 4473 1054 4544 πτέρναν
1069 4477 1168 4538 υυλςσλο
1183 4476 1297 4538 mmm
1312 4475 1350 4524 τεί-
