3008 4996
258 294 320 356 ιιι
680 303 800 356 snam
819 303 987 356 εειιιιιιιιι

258 425 331 488 εἰσιν
358 423 390 486 οί
412 419 493 506 παρῶ
515 426 556 509 τῷ
579 418 690 508 Παόλρι
711 421 857 504 εἰρημένοι
879 416 1131 500 ψευδαπόστολοι,
1164 417 1282 505 ἐργόται
1304 418 1404 499 δόλιοι,

258 520 570 606 μετασχηματιζόμενοι
591 525 633 599 εἰς
654 519 836 597 όποστόλους
858 527 997 607 Χριστοῦ.

130 625 197 693 Κῑφ·
215 623 243 679 θ’·
347 631 485 708 Χρῶνται
497 622 553 710 γόρ
567 631 607 711 τῷ
621 621 696 688 κατιί
712 629 879 688 Μαιθαῑον
891 619 1045 710 εόαγγελίρι
1059 617 1118 686 όπό
1133 624 1256 706 μέρους,
1276 623 1328 688 καί
1341 619 1405 706 οόγλ

257 726 332 815 όλρι,
362 723 431 790 όίλιί
453 725 503 791 διαί
522 723 578 808 τήν
594 728 777 810 γενεαλογίαν
793 722 848 806 την
865 726 1020 810 ἰνσιιρκον,
1049 724 1100 788 καί
1117 723 1227 807 ταότηυ
1244 728 1406 810 μαρτυρίαν

258 831 382 913 φέρουσι
397 825 456 894 όπό
471 834 525 893 τοῦ
540 824 705 912 εὐαγγελίου
713 875 722 905 ,
744 824 833 890 πόλιν
844 826 974 911 λέγοντες
989 823 1051 904 ότι,
1072 821 1208 911 Ἀρκετόν
1221 833 1261 915 τῷ
1274 835 1405 916 μαθητῇ,

188 983 195 1000 .
257 933 308 994 ἵνα
323 931 440 1014 γένηται
455 925 495 1005 ῶς
512 926 530 994 ό
545 927 728 1003 διδάσκαλος.
775 931 811 992 Τί
826 919 895 1004 οὖνς
922 927 1013 1006 φασί,
1037 927 1227 1011 Περιετμίγθη
1248 925 1404 1010 δ’ίησοῦς,

263 1029 482 1114 ιπεριτμήθητι
493 1031 545 1095 καλ
558 1027 656 1105 αότός.
701 1026 830 1114 Χριστός
843 1027 919 1094 κατὰ
931 1027 1040 1111 νόμον,
1061 1031 1171 1109 φασίν,
1192 1028 1404 1110 ἐπαλιτεόσατο,
1436 1021 1440 1030 ’

257 1135 308 1198 καί
326 1130 416 1208 αότός
428 1131 464 1197 τό
480 1134 529 1196 ίσα
544 1136 677 1214 ποίησον.
711 1129 809 1194 Ὅθεν
823 1134 874 1196 καί
887 1155 963 1206 τινες
980 1132 1013 1195 ἐκ
1029 1128 1156 1210 τοόιων,
1186 1128 1228 1207 ῶς
1242 1128 1303 1196 όπό
1318 1137 1404 1215 δηλη-

257 1237 366 1320 τηρίων
378 1231 637 1319 όφαρπαηθίντες,
660 1235 816 1297 πείθονται
830 1240 894 1308 ταῖς
907 1237 1133 1318 πιθαναλογίαις
1148 1230 1199 1298 διό
1212 1231 1246 1297 τό
1262 1231 1316 1299 τόν
1333 1241 1404 1319 Χρι·

257 1334 327 1400 στόν
340 1342 578 1420 περιτετμῆοθαι.
626 1331 684 1398 Τόν
698 1333 731 1400 δέ
751 1339 872 1398 Παῦλον
886 1330 1042 1412 όθετοῦοι,
1071 1333 1122 1398 διδ
1139 1332 1172 1400 τό
1188 1331 1229 1417 μὴ
1243 1339 1404 1401 πείθεσθαι

256 1443 464 1526 τῇπεριτομῇ.
504 1434 588 1500 ’And
605 1437 656 1500 καί
674 1433 862 1520 ἐκβάλλουσιν
879 1432 984 1514 αότόν,
1014 1431 1065 1500 διαί
1082 1433 1115 1500 τό
1133 1437 1295 1520 εἰρηκέναι,
1318 1436 1405 1502 Ὅσοι

257 1537 385 1626 ἐννόμῳ
402 1542 590 1616 δικαιοῦσθε,
611 1543 665 1618 τῆς
678 1535 796 1621 χάριτος
813 1537 976 1614 ἐξεπίσατι·
997 1537 1048 1602 καί
1065 1534 1127 1616 ότι,
1146 1534 1218 1604 Ἐόν
1232 1541 1403 1625 περιτέμνη-

258 1649 329 1719 σθε,
354 1637 482 1725 Χριστός
502 1635 580 1721 όμῦς
600 1635 686 1744 οόβέν
708 1635 858 1720 ῶφελήσει.

130 1949 197 2018 Κεφ.
212 1948 240 2011 ἐ.
344 1937 439 2021 Οὗτος
452 1943 484 2009 δέ
499 1939 517 2008 ό
529 1941 683 2027 Κόρινθος
694 1941 821 2025 όνόητος
832 1945 883 2008 καί
895 1940 1029 2026 όνοηιαν
1042 1941 1218 2020 διδάσκαλος
1227 1942 1338 2026 φόσκει
1349 1942 1406 2011 πό-

239 2055 304 2112 λιν
324 2043 471 2129 τολμήσας
495 2041 622 2129 Χριστόν
645 2047 827 2110 πεπονθέναι
847 2047 899 2109 καί
920 2047 1140 2130 ἐσταυρῶσθαι,
1169 2045 1259 2129 μήπω
1280 2046 1313 2113 δέ
1338 2050 1404 2132 ἐγη·

257 2149 379 2234 γέρθαι,
401 2148 510 2229 μέλλειν
523 2147 555 2212 δέ
570 2143 744 2211 ἀνίστασθαι
756 2145 829 2211 όταν
843 2142 864 2227 ἦ
876 2144 1009 2212 καθόλου
1020 2149 1138 2233 γένηται
1152 2156 1264 2234 νεκρῶν
1277 2145 1403 2214 όνόστα·

258 2271 328 2324 στις.
366 2246 525 2313 Ἀσόστατα
539 2252 639 2313 τοίνυν
652 2255 743 2311 ταῦτα
753 2244 823 2330 παρ’
835 2248 957 2323 ἐκείνοις
970 2245 1007 2312 τό
1021 2273 1051 2314 τε
1065 2247 1181 2333 βήματα
1195 2253 1246 2315 καί
1260 2249 1403 2332 νοήματα.

248 2351 346 2416 Ὅθεν
365 2352 416 2416 καλ
438 2346 457 2415 ό
476 2356 595 2425 Παῦλος
615 2347 843 2430 ἐκπληττόμενος
862 2357 925 2424 τοῖς
944 2349 997 2430 μίν
1018 2347 1172 2416 ἀπιστοῦσι
1192 2359 1228 2441 τῇ
1247 2349 1405 2418 ιίναστόσει

257 2461 316 2518 τῶν
330 2457 441 2535 νεκρῶν
454 2457 489 2540 τῇ
505 2453 647 2539 μελλοιίσγγ
662 2453 781 2515 ἔσεσθαι
795 2451 879 2534 λέγει,
902 2453 945 2514 Εἰ
955 2453 1054 2537 νεκροί
1070 2449 1124 2517 οόκ
1142 2453 1310 2538 ἐγείρονται,
1334 2451 1405 2520 οόδέ

260 2551 387 2639 Χριστός
408 2551 570 2638 ἐγήγερται,
598 2555 649 2618 καί
667 2549 715 2632 τό,
747 2549 892 2636 Φόγωμεν
908 2553 959 2616 καί
977 2556 1104 2636 πίωμεν,
1133 2551 1239 2639 νόριον
1255 2553 1310 2639 γιίρ
1331 2553 1406 2620 τίπο-

132 2683 184 2727 m.
199 2672 243 2715 ιιι.
257 2656 444 2741 θνῄσκομεν,
469 2655 521 2719 καί
537 2653 588 2734 τό,
620 2651 677 2735 Μὴ
695 2661 861 2718 πλανᾶσθε·
892 2657 1068 2739 φθείρουσιν
1086 2653 1151 2737 ἤθη
1168 2653 1276 2739 χρησταί
1292 2653 1405 2739 όμιλίαι

255 2761 351 2824 κακαί.
395 2755 492 2821 Πόλιν
504 2755 537 2820 δέ
550 2763 613 2830 τοῖς
629 2755 745 2840 λέγουσι
763 2753 816 2819 τόν
833 2752 961 2839 Χριστόν
977 2756 1098 2838 μηδέπω
1114 2758 1319 2842 ἐγηγερμίνοτ,
1349 2783 1404 2834 ις-

257 2859 355 2934 αότως
372 2856 424 2924 τόν
440 2861 554 2944 ἔλεγχον
570 2857 717 2940 ἐπιφέρει,
746 2857 851 2940 λέγων,
882 2860 926 2920 El
940 2855 1068 2942 Χριστός
1083 2855 1139 2924 οιίκ
1154 2857 1320 2944 ἐγήγερται,
1349 2857 1405 2943 μῶ-

256 2987 340 3027 ταιον
359 2958 392 3026 τό
411 2958 546 3044 κήρυγμα
563 2954 664 3039 ἡμῶν,
692 2962 800 3039 ματαία
814 2959 865 3022 καί
882 2955 903 3041 ἡ
917 2963 1013 3034 πίστις
1029 2955 1125 3041 όμῶν·
1155 2955 1358 3046 εὑρισκόμεθα
1373 2960 1406 3025 δέ

257 3064 309 3128 καλ
323 3060 563 3146 ψευδομάρτυρες
576 3066 630 3124 τοῦ
643 3065 734 3138 θεοῦ,
757 3057 803 3124 ότι
816 3057 913 3145 ἤγειρε
927 3059 979 3124 τόν
995 3059 1133 3144 Χριστόν,
1155 3059 1192 3126 δν
1207 3059 1262 3126 οιίιι
1275 3059 1405 3147 ἤγειρεν·

259 3161 300 3240 ῶς
312 3171 372 3228 τῶν
386 3163 437 3245 μέν
452 3159 623 3228 αἰποστόλων
635 3159 838 3245 κηρυττόντων
854 3158 983 3243 Χριστόν
997 3162 1165 3246 ἐγηγίρθυι,
1179 3170 1267 3228 τινῶν
1280 3165 1313 3228 δέ
1326 3164 1406 3248 αἰρέ-

258 3287 332 3330 σεων
344 3271 489 3348 λεγουσῶν
504 3260 633 3346 Χριστόν
649 3261 702 3343 μίν
714 3263 887 3347 ἐγηγέρθαι,
909 3260 1031 3348 νεκροός
1047 3263 1080 3328 δέ
1094 3260 1134 3346 μή
1147 3267 1319 3350 ἐγείρεσθαι.
1356 3263 1407 3329 Ἐν

257 3365 348 3455 ταότη
370 3363 425 3451 γόρ
446 3371 483 3453 τῇ
497 3367 629 3448 πατρίδι,
660 3366 736 3445 φημί
755 3364 787 3428 δὲ
803 3361 900 3452 Ἀσίᾳ,
929 3362 999 3428 ιίλλδ
1015 3365 1065 3430 καί
1081 3367 1160 3453 ἐντῇ
1180 3369 1307 3452 Γαλατίᾳ
1322 3364 1406 3432 πόνυ

257 3467 370 3550 ἤκμασε
389 3464 423 3532 τό
441 3463 554 3531 τοόταν
575 3468 790 3544 διδασκαλιῶν,
824 3469 879 3530 λέν
898 3462 945 3541 οίς
963 3469 1013 3531 καί
1029 3492 1058 3531 τι
1075 3464 1267 3552 παραδόσεως
1280 3475 1406 3554 πρᾶγμα

256 3563 349 3652 ἦλθεν
369 3570 411 3643 εἰς
430 3564 524 3648 ἡμᾶς,
552 3565 594 3642 ῶς
610 3591 696 3631 τινων
715 3567 768 3647 μέν
782 3564 850 3651 παρ’
865 3565 965 3643 αὐτοῖς
980 3570 1223 3652 προφθανόνταν
1239 3575 1406 3652 τελευτῆσαι

258 3669 328 3736 ἄνευ
341 3672 549 3752 βαπτίσματος,
564 3665 669 3742 όλλους
680 3669 713 3734 δί
724 3665 784 3732 ἄντ’
796 3665 894 3734 αότῶν
906 3671 949 3744 εἰς
959 3667 1054 3751 ὄνομα
1067 3671 1185 3736 ἐκείνων
1198 3674 1404 3756 βαπτίζεσθαι,

257 3769 332 3857 όπέρ
346 3777 398 3836 τοῦ
413 3767 453 3853 μὴ
466 3771 498 3834 ἐν
509 3777 545 3858 τῇ
557 3767 712 3834 σίναστιίσει
723 3767 902 3846 όναστόντας
913 3768 1022 3847 αότοός
1033 3775 1119 3854 δίκην
1132 3775 1239 3838 δοῦναι
1249 3777 1404 3858 τιμωρίας,

258 3871 407 3956 βάπτισμα
424 3868 465 3954 μή
483 3869 656 3953 εἰληφότας,
677 3875 813 3954 γίνεσθαι
829 3872 862 3936 δὲ
879 3869 1065 3957 όπογειρίους
1079 3880 1133 3956 τῆς
1148 3880 1201 3938 τοῦ
1217 3879 1406 3956 κοσμοποιοὸ

257 3976 399 4052 ἐξουσίας.
428 3975 488 4038 Καί
502 3971 609 4037 τοότου
622 3973 706 4038 ἕνεκα
722 3969 741 4054 ἦ
755 3972 918 4057 παράδοσις
932 3973 953 4055 ό
969 3977 1098 4040 ἐλθοῦσα
1111 3977 1153 4050 εἰς
1165 3972 1245 4057 ἡμᾶς
1258 3997 1333 4057 φησι
1350 3973 1407 4042 τόν

258 4074 346 4142 αότόν
358 4075 442 4160 δγιαν
455 4071 617 4140 οἰπόστολον
632 4073 786 4159 εἰρηκέναι,
801 4077 842 4139 Εἰ
852 4073 929 4152 όλως
940 4078 1040 4161 νεκροί
1053 4073 1109 4142 οόκ
1125 4079 1292 4163 ἐγείρονται,
1309 4081 1337 4142 τί
1351 4079 1407 4142 ιιιιλ

257 4180 443 4259 βαπτίζονται
457 4175 532 4262 όπέρ
548 4171 662 4253 αότῶνς
694 4181 799 4252 Καλῶς
820 4177 852 4242 δέ
868 4175 949 4244 όλλοι
966 4176 999 4244 τό
1015 4175 1105 4264 βηιόν
1122 4176 1329 4262 ἐρμηνεόοντές
1344 4205 1405 4260 φα-

293 4364 352 4414 (λιι.
368 4365 397 4414 V.
421 4391 456 4406 -
482 4367 505 4418 1.
521 4369 557 4417 ίίο
574 4367 625 4416 σοιλ
643 4367 716 4417 Vatia.
749 4369 812 4418 Εδίί.
846 4365 920 4419 etim
934 4385 965 4420 ex
977 4367 1113 4420 traditione
1126 4367 1298 4437 τειηαιεδεαι
1309 4367 1342 4420 αδ
1357 4386 1405 4422 αοε
1489 4405 1490 4432 ,

256 4447 294 4496 μτ.
310 4433 379 4482 m
395 4430 563 4500 πιριετμιῐθη.
846 4435 953 4488 devenit.

293 4499 352 4550 ίίεε.
366 4499 410 4550 VI.
426 4527 460 4539 -
478 4501 500 4553 l.
518 4503 658 4554 comorius:
675 4500 706 4553 de
723 4501 810 4570 ηαλλιιιι
