3036 4998
372 305 506 358 33333333
524 306 613 358 eret.
629 307 709 360 3331.
728 309 759 361 n
775 308 873 360 ulcr.
887 309 974 360 xxx.
1183 299 1244 365 303

106 443 136 486 33
155 424 359 488 contumelias.
405 426 467 504 Ae,
501 431 538 489 Se
556 450 614 502 are,
646 427 755 512 inquil,
782 434 1244 512 3333333313333313133333333-
1281 437 1359 545 ΙΞΕΞΞ

105 539 242 606 33331333
272 531 887 605 3133313331,3133331311313133313
931 537 1241 597 aoanemedominum
1280 522 1365 637 ΞΞἎΞΞ·

104 632 194 690 decue
207 650 244 690 33
258 634 445 709 magistrum?
469 636 599 694 Ε133313
614 636 724 706 31131113,
749 654 810 694 sum
827 637 936 695 31333313.
972 639 1244 716 811331333313331-
1308 625 1314 650 ’
1355 624 1360 636 ’

103 733 226 810 familias
234 734 391 795 Beelzebub
406 747 583 808 3333333331,
605 746 708 816 quanto
724 739 815 814 mugio
829 739 991 798 domesticos
1008 741 1090 798 31331
1117 735 1167 817 Et,
1181 743 1246 802 Noa

102 845 193 912 polest
211 856 311 896 333333
331 840 420 896 mecha·
441 859 501 898 3333
517 841 626 898 dommo
646 859 712 911 suo,
745 859 832 918 333333
850 841 1003 918 discipulus
1021 845 1174 919 magistro,
1198 846 1248 904 3331

105 947 160 996 3313
171 938 320 1018 perfectus
338 941 367 998 in
383 941 507 1000 omm'lms
521 941 674 1018 discipulus
689 944 766 1001 313331
778 944 928 1020 magister,
954 940 1007 1004 ltoc
1024 943 1116 1005 331331
1131 963 1245 1008 omnem

105 1037 291 1101 vexationem
311 1060 345 1102 33
363 1039 611 1119 maledicentiam,
635 1042 805 1106 3131333333
822 1041 967 1125 quaelibet
984 1044 1150 1108 sustinenda
1168 1067 1247 1110 com·

106 1150 235 1223 paratus.
268 1138 725 1222 1131331Ρ333133,1311313333,
750 1143 853 1228 inquit,
877 1167 929 1206 mer
927 1150 1040 1220 331313
1062 1150 1137 1208 ercam
1150 1160 1181 1209 31
1193 1169 1246 1228 ego
1280 1159 1365 1267 leq

107 1245 224 1305 Chresti.
271 1240 378 1328 Neque
399 1265 470 1308 vero
487 1265 543 1329 333
566 1268 624 1309 non
648 1247 768 1310 decebat
793 1245 904 1310 ratione
924 1247 1067 1310 dominum
1093 1249 1140 1310 ille
1162 1271 1245 1314 suum
1295 1215 1316 1257 ῃ

105 1344 233 1408 imitatus
256 1356 313 1408 est.
341 1343 411 1409 Noa
425 1347 501 1410 enim
516 1347 599 1410 derrm
614 1368 681 1412 esse
696 1369 728 1412 sc
745 1347 830 1426 dixit,
852 1359 903 1412 aut
918 1349 963 1412 3131
980 1349 1078 1430 filium,
1097 1362 1146 1414 nat
1162 1352 1245 1416 doum

104 1445 554 1529 33311333.8311,Ι3’ςο3333,
583 1449 693 1534 inquil,
717 1455 844 1514 terminus
860 1455 1065 1532 apostoloram.-
1096 1464 1150 1532 et,
1174 1459 1363 1576 1333-35333.

103 1570 184 1629 qaum
208 1551 334 1612 odorlico
355 1555 431 1612 ochus
451 1556 640 1614 3313133113.

189 1650 323 1734 Quod
300 1673 324 1716 st
350 1661 398 1732 lu,
429 1651 541 1732 Ebion,
567 1649 677 1718 Christi
694 1654 754 1718 ed
747 1655 935 1720 imitationem
954 1657 1059 1722 dictum
1077 1658 1143 1722 illud
1162 1679 1245 1724 usur·
1294 1675 1353 1742 Cap.

104 1774 173 1836 pes,
200 1765 230 1817 et
246 1753 283 1816 oh
299 1753 566 1834 circumcisionem,
590 1777 646 1841 333
667 1767 697 1820 tn
715 1759 819 1820 lrnstra
839 1769 867 1820 13
886 1757 1012 1838 13311133,
1037 1761 1163 1843 magistri
1179 1783 1244 1828 esse
1257 1743 1380 1797 xxm·

103 1857 209 1920 similis
226 1857 274 1920 rel
293 1857 400 1921 domini
418 1857 512 1942 potius
528 1858 666 1938 31133133,Ι
684 1859 745 1922 noli
761 1859 981 1924 circumcisione
998 1863 1025 1924 31
1043 1862 1145 1926 similis
1160 1885 1243 1928 esse:

103 1979 201 2042 neque
223 1958 300 2022 enim
326 1959 376 2022 libi
394 1961 538 2044 proderit,
568 1983 631 2024 cnm
656 1961 732 2024 111133
753 1972 864 2046 tempus
881 1961 1014 2028 (lominus
1041 1963 1103 2048 ipse
1125 1966 1247 2030 circum·

102 2060 272 2144 scripserit,
305 2061 542 2145 qrtcmadmodum
564 2063 676 2127 idoneis
703 2063 800 2126 multis
826 2064 947 2128 testibus
975 2065 1127 2130 evidenter
1149 2079 1247 2132 33133-

102 2162 212 2226 dimns.
258 2161 348 2226 Venit
366 2163 461 2243 cuim,
493 2176 680 2249 veteremque
706 2165 878 2248 complevit,
908 2168 1036 2251 perlecto
1061 2169 1172 2232 demum
1196 2191 1248 2256 per

102 2285 157 2328 soa
174 2265 315 2350 mysteria
333 2266 554 2332 circumcisione
571 2287 723 2331 concessa.
758 2265 853 2349 eram
871 2289 928 2332 nem
947 2289 1003 2332 333
1020 2273 1151 2354 corporis
1166 2282 1246 2358 parte

102 2368 220 2430 deliniri
239 2367 345 2446 voluit,
369 2369 420 2430 sed
437 2369 537 2432 eadem
561 2379 652 2432 toturn
672 2391 776 2455 corpus
799 2370 962 2454 obsignavit
985 2381 1070 2455 atque
1094 2387 1246 2457 apeccato

104 2469 304 2547 circumcidit,
330 2489 424 2554 neque
442 2492 529 2534 nnnm
548 2473 690 2536 dunlnxut
708 2472 802 2556 populi
821 2483 948 2556 partem,
980 2484 1045 2557 puta
1064 2475 1176 2538 virilem
1199 2499 1246 2541 se·

101 2593 195 2649 xum,
219 2572 271 2635 sed
291 2571 459 2636 nniversam
477 2570 711 2638 Christianorum
733 2584 849 2658 genlem
871 2575 968 2659 reipsa
991 2577 1137 2656 servavit,
1161 2578 1244 2657 viris,

101 2673 241 2758 inquam,
266 2685 296 2736 31
314 2673 481 2738 mulieribus
497 2673 609 2760 signnm
630 2675 698 2738 iilud
713 2675 860 2760 impertiit.
906 2675 1019 2762 Quippe
1031 2679 1065 2740 ad
1081 2679 1164 2764 regni
1180 2701 1247 2743 coe-

101 2775 188 2840 lestis
207 2777 367 2840 adeundam
393 2775 579 2841 hereditatem
605 2779 749 2842 curnulntc
764 2779 914 2856 omatibus,
947 2802 1003 2843 aron
1028 2782 1248 2865 3333313333-

100 2899 167 2941 rum
189 2878 238 2942 uni
256 2879 375 2962 generi,
407 2875 484 2942 illoot
506 2879 596 2964 ipsam
616 2890 712 2943 331333
730 2881 854 2965 imponi,
879 2881 958 2946 velut
973 2882 1164 2961 imbecillam,
1187 2895 1247 2948 313-

100 2982 169 3045 1311.
219 2981 360 3064 Adeoque
384 2992 439 3044 tem
464 3003 516 3066 per
539 3003 603 3046 eam
622 3003 705 3066 qnam
730 2985 939 3067 permundata
964 3005 1016 3048 333
1042 2985 1246 3070 egregiamque

102 3082 269 3146 doctrinam
295 3081 941 3171 3331331333333311113313113331311333313
963 3088 1109 3170 patefecit.
1154 3088 1200 3152 Ac
1222 3089 1247 3152 si

102 3197 132 3249 tu
155 3185 269 3250 domini
291 3185 394 3248 similis
417 3205 501 3264 esse,
535 3185 588 3250 1333
612 3197 658 3250 331
677 3187 808 3270 magistri
829 3188 892 3265 ris,
922 3185 1035 3268 libica,
1059 3189 1247 3253 vehementer

102 3289 241 3352 aberres.
265 3285 336 3350 Noli
351 3287 427 3352 enim
444 3288 665 3352 circumcisione
680 3289 736 3352 1313
749 3289 961 3353 similitudinem
977 3292 1052 3356 illius
1068 3292 1246 3376 exprimere.

99 3389 219 3456 Verum
244 3390 365 3474 ogednm
390 3412 407 3452 3
431 3401 616 3454 monumento
637 3387 784 3454 Lazarum
807 3411 941 3469 arcesse,
972 3403 1021 3457 aut
1040 3393 1126 3456 alium
1150 3415 1248 3478 qnem-

100 3494 182 3578 piam
200 3502 344 3556 mortuum
369 3491 514 3571 excitato,
545 3505 595 3556 331
617 3491 740 3557 13133133
760 3493 839 3576 lepra
855 3514 998 3579 repurget,
1023 3495 1117 3558 coccis
1139 3497 1245 3573 visum,

101 3585 267 3658 herrorum
282 3593 462 3658 resolutione
479 3593 674 3658 laborantibus
691 3596 856 3675 sanitatem,
873 3595 897 3660 si
914 3607 1008 3682 potes,
1025 3597 1157 3662 restitue.
1188 3595 1247 3662 Sed

102 3699 160 3762 deo
178 3717 238 3760 non
255 3706 354 3781 potes,
384 3696 458 3780 qnod
484 3696 652 3760 infidelitate
670 3698 823 3780 carnisque
839 3697 962 3762 vinculis
987 3721 1021 3762 ac
1044 3700 1116 3784 legis
1140 3700 1246 3785 imper·

104 3800 198 3863 lectis
213 3799 388 3862 ceremoniis
402 3797 530 3882 illigatos
546 3799 691 3864 contrarie
709 3799 750 3862 illi
770 3800 865 3862 omnio
884 3801 967 3865 13313.
1000 3803 1097 3886 Atque
1118 3814 1148 3866 ul
1166 3824 1248 3888 prac-

100 3913 188 3966 stere
205 3900 331 3964 maxime
349 3920 470 3985 posses,
494 3899 521 3964 irl
539 3903 613 3985 quod
631 3913 748 3987 propter
764 3903 947 3985 deprecatam
967 3904 1049 3967 fidem
1067 3915 1141 3968 tuam
1165 3905 1249 3968 mici·

103 4023 151 4066 mc
173 4014 259 4087 potes
283 4002 417 4086 assequi,
441 4003 608 4068 nominetur
626 4001 737 4069 Christi
754 4007 835 4083 dic03
866 4025 959 4088 neque
977 4005 1053 4068 enim
1070 4007 1248 4092 corruptioni

101 4104 257 4168 3133333133
277 4114 363 4186 31333
380 4124 480 4168 333333
497 4104 659 4190 implicatus
682 4107 834 4171 homuncio
849 4107 976 4172 coclerri
993 4127 1058 4171 oum
1077 4109 1131 4171 deo
1154 4119 1247 4194 potes,

101 4209 157 4271 scd
179 4227 274 4292 neque
291 4201 403 4270 Christi
419 4227 523 4270 nomen
542 4209 576 4270 ad
597 4208 706 4270 edenda
724 4208 850 4293 prodigia
869 4219 952 4292 potes
973 4209 1128 4286 inuocare,
1153 4223 1203 4274 ant
1224 4213 1249 4275 31

101 4323 208 4373 tamen
226 4307 424 4386 invocaveris,
442 4309 548 4372 efficies
565 4309 728 4394 quicquam.
760 4305 819 4373 Sed
839 4310 893 4374 etsi
910 4311 1066 4396 paralytico
1084 4312 1249 4378 suscitando

100 4409 217 4496 aliquid
234 4411 381 4489 efficeres,
411 4411 487 4474 idem
507 4411 621 4496 utique,
646 4411 693 4496 qui
714 4431 766 4498 per
782 4409 847 4477 lesu
871 4433 975 4478 nornen
997 4425 1189 4500 exsurgeret,
1214 4414 1250 4478 eb
