2984 4996
1095 6 1489 22 —ffi-q—-q

361 270 610 326 susannense
627 271 763 326 nomin.
789 267 984 323 nannxcn.
1182 260 1245 324 679

178 388 280 460 Sotot.
299 388 328 458 ll
349 403 380 456 et
396 389 569 458 xxxvtt.
615 395 681 454 idco
704 395 790 466 dicit,
815 394 911 472 Surge
933 395 985 474 qui
1004 395 1124 468 ᾰονιιιιι,
1149 405 1178 455 et
1198 415 1244 456 re·
1257 415 1377 472 aptum.

73 517 180 576 surge
200 517 218 557 ιι
239 501 373 571 mortuis,
398 507 428 556 et
448 496 620 558 illuminabit
638 505 664 556 te
687 497 827 556 cbristus.

177 596 278 662 flelut.
298 595 342 660 ΙΙΙ
363 594 562 664 ccxxxvi.
607 594 761 662 Undenam
781 595 830 659 illa
856 595 964 676 verba,
993 599 1060 660 Ideo
1085 601 1169 672 dicit,
1194 598 1244 662 de·

73 700 235 786 prompsit
252 699 422 785 spostolus?
450 697 521 764 Nou
539 698 654 764 aliunde
671 699 769 784 utiquc
786 719 870 782 quam
887 719 925 762 ex
940 709 1117 764 testamento
1130 710 1242 766 uetere.

73 802 175 868 Haec
192 803 269 868 enim
286 803 360 888 apud
380 799 476 864 Etiam
494 801 642 886 leguntur.
682 799 743 866 lam
758 821 829 866 vero
850 823 907 886 qno
924 822 962 866 es
980 822 1071 887 grege
1088 799 1171 866 Elios
1191 823 1244 868 cx-

74 907 169 968 tititl
210 902 321 970 Nonne
340 925 357 968 e
375 902 525 990 prophetis
548 925 640 982 nnus,
666 905 772 988 quiex
795 903 870 988 legis
892 905 1072 988 praescripto
1091 903 1242 984 vixerunt,

76 1017 116 1072 ut
137 1019 172 1070 ct
194 1007 243 1072 illc
261 1008 318 1090 legi
341 1027 375 1070 ao
398 1006 546 1091 prophetis
563 1005 707 1072 inbaesitl
752 1003 839 1090 Quod
855 1006 880 1070 si
897 1007 938 1070 ita
955 1007 984 1070 in
1002 1003 1122 1072 Christo
1140 1009 1244 1073 vatici-

75 1121 179 1176 natus
196 1119 259 1174 estc
283 1113 379 1189 Surge
394 1113 446 1190 qui
459 1113 581 1184 torno,
607 1121 636 1170 et
656 1131 775 1190 rumge
791 1114 959 1185 amortuis,
985 1121 1015 1170 ct
1027 1111 1198 1172 illuminabit
1218 1122 1245 1173 te

77 1217 241 1287 Circuitus,
266 1211 351 1298 plane
371 1212 463 1297 ipsum
482 1210 649 1297 exemplar,
674 1212 750 1296 quod
769 1211 871 1296 figuris
890 1211 946 1276 illis
965 1211 1163 1278 adumbratum
1184 1223 1241 1292 cst,

76 1317 115 1380 in
138 1313 278 1395 Lazaro,
302 1313 466 1398 ceterisque
490 1312 518 1378 id
535 1334 628 1398 genus
651 1313 798 1399 impletum
822 1324 879 1378 cst.
924 1311 970 1377 De
987 1311 1105 1378 Lazaro
1128 1314 1242 1398 quidem

78 1415 211 1484 Martha
228 1438 264 1482 ac
281 1415 377 1482 Maria
393 1417 558 1482 dubitantes
575 1416 615 1480 ita
632 1417 747 1480 locutae
761 1428 846 1481 sont:
876 1421 936 1480 lom
950 1418 1053 1500 foetet,
1078 1421 1244 1498 quctrsilnn-
1269 1407 1348 1514 {2¹33

77 1543 146 1582 nus
164 1533 215 1582 cst.
262 1521 305 1583 At
322 1540 490 1606 synagogae
507 1519 644 1604 principis
662 1519 796 1583 comites.
841 1523 947 1594 Nolite,
972 1517 1153 1603 inquiebant,
1167 1523 1244 1603 scti-

77 1645 165 1704 gare
188 1627 364 1704 magunum.
413 1618 472 1686 Sed
496 1621 629 1685 dominns
657 1622 714 1684 ista
740 1620 881 1686 subiecit=
919 1626 1016 1684 Nolite
1041 1626 1156 1698 imore,-
1187 1645 1394 1700 acuuntque,

79 1731 165 1788 enain
187 1737 314 1788 mortuus
329 1737 387 1800 est,
411 1729 463 1788 sed
477 1729 590 1786 dormrt.
637 1721 698 1788 lam
722 1734 781 1788 tom
806 1723 882 1788 caim
902 1726 999 1790 lutura
1023 1747 1076 1810 per
1093 1721 1243 1791 Christum

80 1827 271 1892 resurrectio
290 1827 379 1892 divini
397 1826 479 1892 uerbi
497 1826 655 1912 praeconio
677 1825 890 1892 celebrabatur.
938 1823 998 1914 Sed
1019 1839 1049 1892 et
1068 1837 1242 1914 potestatem

80 1931 170 1995 illius
184 1929 347 2015 agendique
364 1928 533 1994 labilitatem
549 1929 710 2014 expressit,
735 1938 766 1990 nt
784 1949 869 2012 quam
889 1940 993 2014 poteras
1011 1940 1092 1994 esset
1104 1927 1242 1996 Christus

84 2033 276 2110 ostenderet,
301 2053 340 2096 cx
355 2051 392 2096 eo
410 2032 486 2116 quod
504 2032 546 2096 uti
562 2031 673 2096 homini
688 2029 853 2096 facillimum
869 2043 914 2095 cst
929 2053 987 2097 non
1009 2043 1166 2112 mortuum,
1190 2034 1242 2098 sed

84 2135 285 2200 dormientem
306 2154 380 2200 voce
398 2133 558 2213 suscitare,
581 2133 622 2198 ite
640 2127 759 2198 Christo
778 2133 1022 2220 promptissimum
1045 2145 1111 2200 crat
1131 2135 1242 2215 dicere,

83 2243 217 2312 Lazaro,
235 2240 403 2319 neniscrcs,
425 2247 497 2316 tom,
518 2242 611 2310 torno,
632 2241 718 2300 ttoni
733 2240 854 2312 Tolitbc,
880 2236 935 2300 hoc
951 2249 998 2302 est
1012 2242 1118 2319 Surge,
1131 2242 1239 2320 puello.

82 2336 191 2424 lisque
207 2339 453 2420 manifestissimis
475 2339 654 2424 argumentis
676 2338 723 2404 dei
746 2339 867 2404 verbum
890 2339 1073 2404 vocationem
1097 2341 1244 2406 indicebat

84 2451 236 2522 nostrem,
257 2437 463 2526 Christumque
479 2441 625 2506 dominum
640 2442 675 2504 ab
692 2441 829 2527 operibus
846 2442 967 2506 mortuis
983 2453 1014 2506 et
1027 2443 1169 2508 altissimo
1185 2465 1242 2530 qno

83 2543 263 2610 tenebamur
283 2565 386 2608 somno
406 2543 601 2629 nosmetipsos
622 2545 819 2624 excitantem,
843 2567 877 2608 ac
899 2546 1054 2609 vocatione
1074 2567 1128 2610 sua
1151 2547 1242 2612 collu-

81 2659 251 2727 stractem,
275 2668 347 2732 quac
366 2647 481 2733 quidem
505 2648 634 2712 secunda
652 2647 706 2710 luit
729 2646 877 2710 habitudo.
922 2645 1000 2712 Nam
1024 2651 1184 2734 perlectum
1207 2671 1242 2714 ac

83 2749 229 2836 gencrale
251 2750 321 2814 illud
345 2750 558 2836 expectandam
584 2760 646 2830 est,
676 2770 742 2812 cum
766 2750 900 2813 nimirum
924 2749 973 2814 itta
996 2751 1059 2836 ipse
1083 2751 1129 2837 qui
1153 2751 1239 2831 dixit,

82 2857 155 2934 Ego
171 2875 231 2914 sum
246 2857 432 2928 mammona,
458 2853 614 2918 universos
629 2852 816 2932 evocaverit,
841 2863 870 2916 et
886 2873 1009 2938 corpore
1027 2875 1061 2918 ac
1076 2863 1174 2918 mente
1191 2877 1241 2940 pa·
1338 2837 1358 2930 ⁰,

83 2955 165 3020 riter
186 2952 341 3031 excitarit,
365 2965 450 3040 atque
473 2955 504 3019 in
527 2957 623 3020 tuturo
647 2954 774 3020 adveatu
796 2975 848 3019 soe
872 2955 936 3020 lnce
959 2955 1129 3040 pertuderit.

178 3052 279 3120 schot.
300 3053 343 3120 iii
360 3067 391 3121 ct
405 3053 592 3122 XXXVIII.
637 3054 671 3121 Ιιι
693 3077 730 3120 eo
751 3056 828 3140 quod
846 3057 984 3142 scriptum
1008 3068 1072 3138 est,
1095 3062 1311 3142 liclcirquetapn
1326 3086 1347 3140 ι,
1360 3084 1392 3130 ιι.

85 3165 174 3224 bomo
191 3171 302 3241 patrem
320 3183 400 3222 suano
422 3172 450 3224 et
468 3171 602 3234 mtrem,
626 3172 655 3222 et
674 3161 838 3222 adhaerebit
859 3165 959 3234 umori,
984 3172 1013 3222 ct
1031 3173 1116 3224 munt
1135 3165 1190 3224 duo
1212 3167 1241 3225 in

83 3285 201 3326 comem
223 3286 323 3337 onom,
347 3263 537 3342 vocabulum,
565 3267 671 3338 lineri,
695 3262 823 3328 sustulit.

176 3363 279 3430 Reiut.
296 3362 341 3430 ΙΙΙ
357 3375 388 3430 et
401 3361 586 3430 xxxvttt.
632 3361 855 3450 Saepenumero
878 3364 1027 3430 docuimus
1048 3366 1123 3432 baud
1146 3367 1240 3433 aliena

85 3487 158 3534 esse
174 3487 249 3553 quae
266 3467 296 3532 in
313 3468 378 3552 lege
401 3467 522 3532 suntab
540 3467 576 3534 iis
597 3488 671 3553 quac
689 3466 837 3551 apostolus
854 3467 989 3548 tradidit,
1014 3469 1086 3550 etsi,
1109 3467 1238 3551 Marcio,

86 3590 198 3636 nomen
218 3571 322 3636 uxoris
341 3571 534 3656 expunxeris.
580 3569 706 3636 Etcnem
727 3569 777 3634 itta
797 3569 862 3656 ipsa
879 3569 986 3650 verba,
1010 3575 1106 3635 Erunt
1125 3578 1154 3636 ia
1175 3596 1240 3638 eor·

84 3695 151 3736 nem
172 3695 272 3749 ιιιιιιιιι,
298 3673 428 3738 iraudenr
451 3684 529 3739 tuam
553 3673 792 3762 satisnscperque
815 3674 964 3758 detegunt.

85 3895 307 3950 unliutons
323 3897 367 3947 ΔΙ)
377 3895 612 3958 domescticus
628 3896 728 3959 QUAM
742 3894 903 3949 octavam
914 3895 1041 3948 MARCIO
1056 3896 1240 3964 cottoch,

482 3982 673 4034 atosToLtts
690 3981 779 4034 vetto
796 3981 850 4032 vlt.

176 4097 278 4166 Schob
296 4097 355 4166 let
371 4099 528 4167 XXXIX.
574 4105 662 4166 Nemo
684 4123 754 4181 ergo
779 4123 827 4164 uos
849 4105 954 4165 iudicet
976 4107 1006 4165 cia
1030 4105 1108 4179 cebo,
1137 4117 1190 4166 ont
1208 4111 1238 4168 in
1257 4127 1307 4175 cat.
1320 4131 1345 4187 ι,
1359 4131 1390 4178 tt.

86 4327 143 4394 γῶι
165 4318 329 4386 immeliensi,
355 4339 415 4388 quoe
433 4339 476 4376 noc
490 4331 543 4388 port
559 4324 648 4390 κλῆσιν
715 4321 756 4376 92.
773 4319 861 4378 τούτου
876 4327 966 4376 mamni
981 4339 1025 4388 pro
1037 4327 1093 4393 τοῦ,
1109 4329 1172 4391 quod
1186 4331 1239 4380 cut·

87 4393 192 4445 incidere
212 4395 290 4456 iubet,
314 4398 336 4443 ct
356 4397 503 4444 accusativos
523 4391 649 4460 ἐγείροντα
681 4409 712 4458 qo
728 4399 799 4446 estut.

87 4459 133 4516 τόι
150 4457 260 4526 Χριστὸν
276 4462 376 4523 modus
392 4463 423 4512 cb
440 4455 606 4516 tamencum.
716 4459 758 4514 93.
776 4461 991 4518 ΚΟΔΟΣΣΕΙΣ
1008 4465 1062 4516 edit.
1079 4467 1160 4518 Puro.
