3006 4990
350 352 485 404 I'ANAllll
503 352 579 404 ADV.
594 351 762 404 notasses
779 353 842 408 Llll.
853 355 874 406 Ι.
893 353 974 406 ΤΟΜ.
986 355 1008 404 Ι.
1194 347 1253 408 105

110 471 187 536 barat.
234 469 310 536 Eum
329 471 446 556 inquiam
463 467 612 535 Christum
630 472 679 556 qui
702 471 732 536 io
756 472 907 557 scripturis
927 471 1060 537 omnibus
1079 493 1115 536 ac
1131 475 1253 561 propbe-

109 578 143 637 tis
158 573 388 659 expectabatur,
412 593 479 637 csse
498 572 645 636 Herodem
663 573 887 653 existimabant,
911 576 1003 658 deqnc
1027 595 1063 638 eo
1089 576 1161 640 falsa
1182 597 1253 660 qua·

108 675 169 738 dam
186 675 278 739 animi
295 675 463 740 inductione
480 674 691 759 gloriabantur.
735 675 783 738 Ac
802 687 1002 760 praeterquam
1023 677 1098 760 quod
1121 678 1151 740 ia
1175 679 1252 746 illius

108 777 181 862 regis
201 778 327 862 gratiam
347 797 421 842 vane
445 779 501 841 ista
519 777 684 852 iactabant,
716 778 802 840 etiam
824 777 894 862 ipsis
917 777 1078 862 scripturae
1102 778 1150 842 illc
1170 780 1251 844 locus

107 878 259 964 imposuit:
282 883 348 940 Noa
362 883 470 941 demam
478 883 612 960 praeceps
627 903 644 940 e
656 883 738 953 Iuda,
761 901 849 960 aeque
863 883 923 940 deta
937 903 975 940 ee
986 884 1046 941 er'ae
1059 883 1175 958 femore,
1199 887 1249 944 do·
1263 895 1360 950 amns,
1370 895 1401 939 te

106 1002 152 1041 aee
170 986 268 1043 oearbt
281 986 331 1042 em'
342 992 513 1042 mercatum
528 992 580 1055 est,
605 982 652 1044 vel
668 991 701 1045 ut
718 981 747 1043 in
763 981 827 1043 aliis
846 980 990 1065 exemplis
1006 981 1141 1064 legimus,
1163 988 1251 1046 donee

106 1089 194 1146 ueneat
219 1089 271 1144 aaa·
292 1095 360 1144 suat
381 1093 535 1144 reseruata.
590 1079 739 1167 Siquidem
766 1081 900 1146 Herodes
927 1081 1074 1167 Antipatri
1101 1084 1250 1150 cuiusdam

105 1184 293 1248 Ascalonitae
312 1194 397 1267 atque
414 1183 559 1268 Apollinis
583 1184 689 1247 aeditui
716 1183 791 1248 lilius
809 1184 873 1247 luit.
920 1180 1013 1248 Caius
1029 1185 1149 1269 insuper
1162 1186 1249 1249 Auti-

106 1285 174 1368 patri
191 1305 300 1370 parens
316 1283 450 1348 Herodes
466 1285 583 1348 nomine
604 1285 678 1350 filius
696 1285 823 1370 Autipae
845 1285 909 1348 luit.
956 1285 1112 1369 Antipater
1132 1285 1167 1349 ab
1182 1285 1250 1352 ldu·

104 1384 192 1448 maeis
213 1396 315 1471 captas
338 1397 368 1449 ct
387 1389 417 1450 in
438 1383 575 1450 idumaea
594 1387 705 1470 degens
720 1385 867 1455 Herodem
884 1385 1016 1471 suscipit.
1062 1384 1127 1469 Qua
1148 1389 1177 1451 in
1202 1409 1249 1452 re·

104 1485 187 1567 picam
205 1488 255 1551 diu
278 1488 430 1551 admodum
448 1487 478 1550 in
500 1489 643 1552 servitute
659 1487 752 1566 vixit,
776 1489 850 1572 quod
869 1509 935 1550 cum
952 1487 1085 1551 Herodes
1106 1501 1190 1573 pater
1210 1491 1247 1554 ob

104 1587 225 1672 inopiam
242 1588 386 1652 redimere
407 1610 465 1652 aon
482 1601 594 1675 posset.
638 1588 770 1653 Tandem
790 1611 807 1652 a
829 1589 1014 1673 popularibus
1038 1591 1175 1654 collatitio
1197 1613 1248 1676 pe·

104 1691 184 1753 cunia
203 1711 261 1753 una
280 1712 345 1753 oum
362 1689 481 1755 Herode
498 1691 558 1754 lilio
574 1690 714 1755 liberatus
732 1689 909 1774 postliminio
934 1693 965 1754 in
986 1693 1106 1777 patriam
1122 1695 1247 1758 reverti-

103 1801 160 1854 tar.
193 1789 290 1874 Quam
309 1791 346 1855 ob
362 1813 493 1855 caussam
511 1793 547 1856 ab
563 1794 628 1857 aliis
647 1791 814 1870 Idumaeas,
838 1793 874 1856 ab
888 1793 952 1857 aliis
968 1793 1137 1884 Ascalonita
1156 1795 1247 1859 luisse

102 1893 230 1977 proditas
248 1904 305 1958 cst.
339 1891 448 1958 Postea
462 1915 526 1958 eum
543 1895 578 1957 ad
595 1893 738 1958 Demetrii
755 1894 977 1958 familiaritatem
996 1896 1191 1980 pervenisset,
1214 1897 1244 1960 iu

104 1991 206 2058 iudaea
229 1995 463 2080 procurationem
484 1995 619 2060 obtinuit.
664 1994 743 2059 Tam
761 1995 848 2059 etiam
868 2008 954 2060 notus
969 1998 1105 2080 Augusto
1120 1997 1244 2082 impera-

103 2097 156 2159 tori
172 2097 237 2160 lait.
270 2097 369 2180 Atque
385 2119 425 2160 ex
444 2097 490 2160 illa
508 2097 714 2183 procuratione
731 2098 909 2183 proselytum
926 2118 960 2161 se
975 2099 1085 2162 iaciens
1105 2121 1161 2162 ana
1178 2121 1243 2163 eam

101 2195 216 2261 Herode
239 2197 297 2262 filio
314 2197 501 2262 circumcisus
516 2210 578 2275 est,
602 2200 637 2262 ad
658 2219 743 2282 quem
760 2195 932 2263 ludaeorum
953 2221 1071 2284 regnum
1095 2202 1241 2285 pervenit.

101 2297 173 2362 Nam
190 2301 328 2384 Augusto
344 2298 511 2385 imperatori
527 2300 675 2364 subiectus
691 2295 865 2364 ludaeorum
884 2300 933 2364 ille
948 2321 1003 2364 rex
1018 2301 1243 2387 populiquello·

101 2402 174 2465 maai
188 2403 356 2466 foederatus
372 2412 448 2465 erat.
479 2398 675 2483 Quamobrem
692 2402 766 2485 qaod
784 2421 823 2464 ex
840 2401 935 2466 aliena
950 2403 999 2466 ille
1015 2413 1102 2487 gente
1118 2423 1242 2485 regerere

101 2515 250 2589 coeperat,
275 2525 339 2566 oum
361 2503 501 2566 hactenns
517 2525 535 2567 a
553 2500 624 2567 luda
641 2513 670 2566 et
687 2501 802 2567 Davide
816 2523 957 2586 regnum,
981 2513 1066 2588 atquc
1089 2526 1128 2568 ex
1153 2503 1242 2569 lndae

101 2605 186 2691 stirpe
202 2599 403 2691 prinoipes'ac
423 2605 602 2690 patriarchae
622 2604 836 2689 perstitissent,
862 2605 936 2688 quod
956 2604 1072 2688 inquam
1091 2605 1240 2690 imperium

100 2706 127 2768 io
145 2718 298 2770 externum
325 2705 471 2770 bominem
501 2708 673 2772 translatum
696 2707 809 2783 lucrat,
842 2705 977 2770 idoneum
998 2706 1055 2770 illis
1076 2707 1169 2770 visum
1196 2717 1242 2770 est

100 2809 206 2872 erroris
221 2820 436 2892 argumentum,
461 2819 492 2872 at
508 2808 654 2872 Herodem
672 2827 739 2872 esse
756 2805 905 2872 Christum
924 2807 1147 2885 arbitrarentur,
1165 2809 1240 2892 quod

99 2931 136 2974 rs
151 2911 199 2974 illo
214 2913 379 2995 scripturae
397 2910 463 2974 loco
479 2931 662 2994 consequens
676 2910 846 2973 videbatara
883 2913 948 2972 Noa
961 2913 1207 2990 destbetprineeps
1222 2929 1347 2985 eomes,
1361 2927 1391 2972 ra.

98 3017 177 3087 Iuda,
200 3017 288 3076 donee
302 3018 411 3075 uenerit
423 3017 474 3074 eui
485 3025 656 3075 reservatam
672 3025 724 3075 est.
771 3009 812 3076 Ut
828 3033 864 3076 eo
885 3032 973 3076 sensu
989 3011 1026 3074 sit
1041 3010 1238 3094 accipiendus,

98 3114 178 3196 rpuasi
195 3113 305 3178 Herodi
322 3123 502 3178 reservatum
520 3125 610 3178 esset.
641 3112 801 3177 Desierunt
817 3113 907 3191 enim,
923 3113 1051 3192 aiebant,
1068 3111 1120 3175 illi.
1143 3109 1239 3175 Porro

97 3215 149 3279 iste
163 3217 199 3278 dc
215 3215 305 3278 ledae
319 3233 429 3297 genere
445 3237 503 3278 nou
520 3226 577 3294 est,
598 3235 632 3278 ac
649 3235 686 3278 ae
704 3213 823 3279 omuino
840 3215 954 3299 quidem
972 3212 1151 3278 israeliticae
1167 3233 1239 3298 geu-

98 3319 142 3378 tis.
188 3317 264 3381 Huic
286 3328 382 3380 autera
406 3313 525 3380 Christo
548 3338 614 3380 esse
637 3327 818 3380 reservatum
842 3318 948 3379 luerat.

162 3417 273 3483 Verum
291 3440 365 3503 qnae
378 3428 540 3502 sequantur
554 3417 621 3480 illos
638 3418 792 3481 manilcstc
809 3418 1001 3501 redarguunt:
1027 3421 1160 3497 Quaestum
1177 3421 1237 3497 ipse
1260 3425 1320 3491 Cap.
1335 3423 1367 3473 tt.

96 3527 248 3600 expectatio
266 3527 391 3602 gennem
412 3525 483 3595 crit,
507 3532 538 3582 ct
550 3525 579 3582 r'n
597 3543 657 3582 eura
675 3531 774 3599 grates
787 3521 950 3600 sperabunt.
997 3517 1149 3602 Quaenam
1166 3539 1237 3580 vera

96 3623 172 3684 natio
187 3623 217 3686 in
235 3621 383 3686 Herodem
406 3623 554 3707 sperarit?
583 3632 633 3684 aut
657 3641 730 3705 qnae
756 3620 885 3704 gentium
909 3642 977 3706 spes
1001 3622 1029 3684 in
1053 3620 1236 3706 expectando

97 3721 210 3788 llcmde
230 3725 326 3787 defixa
343 3725 409 3787 estl
443 3723 489 3786 Ad
515 3724 587 3786 lraec
611 3722 657 3805 qui
677 3722 792 3786 tandem
810 3722 878 3786 illud
896 3723 969 3808 apnd
991 3723 1064 3786 istos
1089 3721 1234 3804 impletum

96 3827 157 3888 est?
197 3830 336 3888 Bmmim‘t
359 3838 393 3887 at
413 3828 456 3886 leo
481 3847 516 3888 uc
539 3827 615 3886 velut
635 3827 722 3886 bona
744 3828 872 3886 ramlera
895 3829 958 3907 peis
975 3829 1063 3906 ἰρειιηι
1079 3825 1237 3886 excitabit?

95 3921 215 3990 Ubinam
234 3927 357 4012 denique
375 3927 446 3990 lavit
465 3925 494 3989 iu
513 3945 618 3989 cruore
635 3926 740 3989 stolam
759 3947 858 4005 suam,
889 3938 919 3990 et
940 3927 1076 3989 amictum
1100 3945 1182 3988 sunm
1205 3924 1234 3986 in

95 4049 166 4092 arae
187 4029 349 4112 sanguiue,
381 4026 618 4112 quemadmodum
636 4022 720 4090 lesus
739 4024 874 4092 Christus
894 4028 1026 4091 dominus
1044 4035 1162 4104 noster,
1187 4027 1236 4109 qui

92 4151 144 4193 sno
167 4131 308 4216 sauguine
329 4149 435 4215 eorpus
452 4129 592 4213 aspersit,
618 4138 646 4191 et
665 4149 739 4193 avae
757 4129 899 4214 sangnine
917 4127 1089 4192 vestimenta
1108 4147 1160 4190 sna
1179 4127 1235 4189 tin-

91 4232 154 4294 set
184 4232 235 4296 Tu
255 4253 328 4295 vero
350 4251 457 4315 quaen
478 4249 523 4292 me
540 4229 675 4294 dicuutur
689 4231 786 4294 aaimo
805 4231 932 4316 percipe.
977 4229 1067 4294 Dabit
1083 4229 1159 4292 enim
1182 4228 1233 4292 tibi

92 4435 255 4515 conbiberet,
278 4435 359 4498 reait
374 4434 435 4514 ille,
459 4455 516 4518 qao
529 4453 581 4520 per
594 4433 741 4496 doetrinae
756 4455 828 4498 suae
844 4435 924 4498 velut
940 4433 1110 4518 sauguinem
1131 4431 1234 4494 dentes

92 4535 236 4601 lominum
252 4546 388 4622 purgaret
404 4557 540 4622 pecorum
558 4535 700 4622 sanguine
723 4557 757 4600 aa
776 4535 879 4600 nidore
893 4557 928 4600 ac
944 4532 1124 4601 detestandis
1142 4531 1234 4596 sacri-
