2984 4996
339 271 474 365 undamn
491 311 553 364 nro.
568 314 588 364 ι.
605 309 686 364 ron.
701 311 744 364 ιιι.
762 311 862 364 ntea.
876 311 969 362 xnrv.
1173 301 1234 364 695

78 453 117 496 ae
140 433 253 514 bonus,
277 431 365 498 alium
392 431 530 518 produxit
554 431 650 496 deum.
699 431 745 496 ab
773 431 826 494 boc
852 429 988 494 universa
1015 429 1129 494 condita
1152 443 1232 510 suut,

77 536 196 599 coefum
214 535 350 600 videlicet
368 555 402 598 ac
422 545 517 614 terra,
543 545 699 619 ceteraque
720 533 841 618 quaein
866 532 920 596 boc
943 533 1050 598 mundo
1073 534 1231 598 cernimus.

78 636 145 702 Sed
164 638 210 700 bic
230 638 347 702 minime
362 637 456 700 bonus
474 637 586 717 evasit,
610 637 731 722 eiusque
749 655 836 720 opera
861 634 956 699 omnia
974 657 1032 700 non
1048 635 1123 699 bene
1144 637 1232 715 facta,

77 762 116 804 ao
141 761 192 826 pro
216 741 290 804 maia
312 740 389 804 iffius
412 751 510 803 mente
532 751 600 803 sunt
622 740 658 803 ab
681 739 730 803 ilic
755 737 906 801 fabricata.

168 839 279 906 Verum
298 842 362 926 quis
381 842 429 905 iffa
452 842 587 926 dogmata
605 843 751 927 patienter
773 841 888 920 audiat,
913 859 968 904 nnec
990 839 1132 904 insaniam
1156 841 1232 905 iliam
1252 848 1358 916 Cap-11.
1435 832 1438 844 ’

76 945 180 1030 potius
197 955 226 1008 et
242 945 397 1008 amentiam
416 943 556 1008 irrideatf
599 943 722 1008 Duobus
741 943 846 1028 quippe
869 943 962 1006 modis
985 943 1038 1006 bac
1064 943 1180 1026 quidem
1203 943 1232 1006 in

75 1048 220 1134 opinione
235 1045 352 1110 minime
369 1057 566 1110 consentanea
581 1047 696 1111 videtur
710 1067 857 1110 asserere.
891 1043 990 1130 ftaqne
1007 1045 1049 1108 sic
1063 1044 1142 1108 illum
1159 1057 1231 1109 tam·

75 1171 167 1234 quam
184 1160 367 1235 praesentem
384 1149 525 1233 alloquar.
572 1148 628 1212 Dic
646 1149 726 1228 mibi,
750 1149 837 1212 sodes
856 1147 991 1232 Apelles:
1018 1147 1072 1210 boe
1089 1147 1164 1210 enim
1183 1149 1232 1211 da-

74 1253 142 1332 bis,
172 1252 291 1336 opinor,
322 1261 372 1314 ant
394 1251 473 1316 iffnm
497 1271 662 1338 supremum
689 1253 773 1315 deum
801 1253 896 1315 futura
924 1249 1124 1329 nescientem,
1156 1249 1230 1314 bunc

74 1375 166 1440 quem
182 1354 254 1417 dicis
277 1373 363 1438 opera
382 1375 435 1418 sna
454 1354 529 1418 maie
546 1354 724 1432 fabricasse,
749 1353 898 1418 effinxisse
915 1354 1017 1432 deum,
1041 1364 1091 1416 aut
1106 1374 1171 1416 cum
1189 1363 1231 1416 ta·

74 1459 135 1521 fem
163 1457 225 1520 fore
253 1466 463 1540 cognosceret,
494 1456 559 1520 ideo
585 1457 778 1541 produxisse,
810 1468 841 1520 ut
868 1477 969 1520 eorum
996 1465 1076 1519 esset
1101 1456 1230 1539 ipsorum
1279 1443 1282 1457 '

74 1580 203 1637 caussa,
227 1579 301 1646 quae
319 1559 392 1622 male
412 1569 514 1643 postea
530 1559 669 1623 condidit.
715 1557 838 1644 Exque
857 1579 1041 1644 consequens
1061 1569 1107 1621 est
1128 1577 1230 1642 supre-

72 1685 156 1727 mum
174 1661 253 1725 iffum
272 1662 354 1724 deum
380 1661 464 1746 piane
482 1673 644 1726 creatorem
666 1683 749 1742 esse,
775 1663 822 1747 qui
845 1683 932 1726 uuum
952 1661 1029 1725 illum
1054 1661 1228 1746 procrearit,

72 1789 91 1830 a
111 1763 304 1849 quocondita
321 1763 513 1828 suntomnia.
548 1761 646 1847 Quare
667 1785 771 1828 caussa
789 1763 846 1828 erit
865 1764 952 1828 etiam
969 1764 1018 1827 ille
1034 1785 1092 1826 non
1114 1763 1161 1847 qni
1180 1783 1229 1826 res

72 1877 195 1932 creatas
212 1866 318 1946 edidit,
342 1866 393 1930 sed
412 1887 541 1931 summus
558 1867 620 1953 ipse
639 1867 781 1931 creatoris
801 1877 920 1946 auctor,
945 1866 991 1950 qui
1015 1865 1054 1929 sit
1076 1865 1229 1930 univorso-

71 1992 140 2034 rum
164 1969 275 2054 opifex.

162 2069 228 2134 Hoc
245 2092 315 2135 vero
332 2071 453 2156 insuper
469 2071 614 2136 affirmas:
639 2071 795 2158 postremis
812 2071 989 2157 temporibus
1007 2071 1126 2136 affuisse
1144 2067 1230 2134 Chri-

70 2187 172 2252 stum,
201 2173 328 2258 supremi
351 2173 486 2238 uimirum
511 2196 546 2237 ac
565 2163 642 2264 Boni
666 2175 711 2238 dei
734 2175 839 2260 filium,
864 2175 984 2259 eiusque
1007 2173 1147 2259 spiritum.
1161 2195 1229 2237 san·

70 2290 167 2356 etum,
193 2277 228 2339 ad
245 2297 345 2340 eorum
363 2276 497 2340 similiter
515 2277 638 2340 salutem
654 2277 702 2361 qui
719 2279 754 2340 ad
774 2277 864 2360 ipsius
879 2277 1009 2340 notitiam
1026 2277 1226 2361 pervenirent.

70 2379 213 2444 Eundem
231 2399 319 2465 porro
339 2399 396 2441 non
415 2379 512 2462 specie
534 2380 705 2465 apparuisse
721 2380 802 2459 sola,
826 2379 877 2442 sed
896 2400 1000 2444 revera
1017 2400 1135 2444 caruem
1151 2401 1229 2443 snm·

71 2484 191 2570 psisse,
215 2503 273 2544 nou
292 2481 327 2544 de
345 2478 442 2545 Maria
460 2491 557 2544 tameo
576 2481 691 2568 virgine
715 2483 791 2546 iilam
812 2481 1014 2568 expressisse,
1037 2483 1089 2546 sed
1112 2482 1228 2546 tametsi

72 2606 149 2652 vera
168 2605 258 2648 carne
278 2605 312 2648 ao
329 2604 452 2669 corpore
472 2594 552 2648 esset
568 2586 731 2669 praeditus,
756 2604 849 2669 neque
869 2606 908 2648 ex
925 2584 1000 2648 virili
1021 2584 1151 2662 semine,
1176 2605 1228 2648 ue-

71 2709 132 2775 qnc
151 2708 191 2751 ex
209 2686 330 2751 muliere
352 2687 467 2770 virgine
490 2687 545 2750 sibi
568 2688 636 2751 ilfud
655 2687 817 2768 ascivisse,
841 2687 892 2751 sed
910 2708 1007 2751 veram
1027 2686 1142 2749 aliunde
1165 2707 1228 2750 car·

70 2813 142 2856 nem
161 2789 216 2854 sibi
231 2811 427 2875 comparasse.
461 2786 547 2872 Quod
564 2790 677 2875 quidem
693 2790 768 2855 fiune
783 2775 812 2854 id
831 2791 945 2855 modum
964 2790 1103 2875 explicat.
1136 2785 1225 2868 Cum,

69 2894 182 2978 inquit,
206 2913 223 2954 e
240 2892 322 2956 coelo
339 2891 474 2976 delapsus
489 2904 569 2956 esset
586 2895 614 2956 io
632 2905 751 2972 terram,
776 2915 881 2979 corpus
897 2893 952 2956 sibi
969 2903 1094 2977 quatuor
1109 2913 1148 2955 ex
1167 2891 1226 2956 efe-

70 2997 183 3060 mentis
201 2995 322 3058 effinxit.
368 2991 478 3058 Verum
497 3016 593 3060 norme
612 2997 646 3060 ad
663 2995 690 3058 id
708 2997 795 3059 etiam
814 2995 953 3060 festinare
971 2997 1088 3059 videtur
1103 2995 1171 3073 isto,
1195 3006 1227 3058 ut

68 3097 164 3184 impia
186 3097 249 3160 eins
270 3097 472 3181 scelerataque
493 3099 638 3162 sententia
660 3099 694 3162 ad
713 3109 844 3162 veterum
869 3106 1019 3183 pot-§tarum
1044 3095 1224 3162 Graecorum

69 3199 189 3264 somnia
206 3220 240 3262 ao
256 3220 348 3294 nugas
364 3199 553 3264 adscribenda
570 3201 722 3265 videatur?
750 3199 859 3264 Eadem
879 3201 954 3264 enirn
974 3201 1138 3284 piraeeum
1155 3199 1224 3276 iliis,

69 3325 107 3368 ae
130 3301 224 3388 magis
246 3303 333 3366 etiam
358 3302 496 3382 ridicula,
522 3303 672 3387 proponit,
698 3300 846 3368 Christum
872 3301 1044 3388 sibimetipsi
1068 3301 1225 3366 fabricasse

69 3426 194 3491 corpus.
240 3403 285 3469 fta
303 3425 320 3469 e
338 3405 417 3468 sicco
436 3405 544 3468 siccum
570 3406 735 3491 expressit,
760 3427 776 3470 e
798 3405 895 3469 calore
915 3407 1054 3484 calidum,
1080 3403 1225 3468 humidum

69 3531 113 3573 ex
136 3510 277 3587 humore,
310 3527 326 3571 e
354 3508 463 3590 frigore
493 3507 639 3592 frigidum.
685 3505 711 3570 E
738 3508 840 3592 quibus
866 3508 1000 3572 ominibus
1023 3509 1148 3570 formato
1170 3506 1226 3572 sibi

69 3629 216 3695 corpore,
241 3629 312 3672 vere
329 3610 358 3673 io
376 3619 455 3672 terra
471 3609 552 3672 visus
574 3620 636 3687 est,
660 3631 694 3672 ac
714 3611 884 3674 coelestium
907 3631 1004 3674 rernm
1023 3610 1107 3674 nobis
1129 3609 1225 3673 scien·

68 3715 143 3776 tiam
164 3711 349 3797 importavit,
375 3722 451 3774 utet
470 3712 649 3776 conditorem
674 3731 913 3799 aspernaremur,
938 3724 966 3776 et
984 3713 1047 3776 eius
1065 3713 1225 3797 abnegare-

68 3836 138 3878 mus
165 3833 272 3899 opem,
295 3815 336 3878 ita
358 3825 387 3878 ut
407 3812 490 3876 nobis
516 3813 584 3877 illud
607 3813 767 3895 indicaret,
797 3837 938 3901 quaenam
964 3815 993 3879 in
1017 3816 1110 3880 saeris
1131 3814 1224 3878 literis

68 3917 120 3982 nef
135 3939 152 3980 a
166 3935 200 3980 se
217 3917 281 4000 ipso
298 3917 481 4002 pronuntiata
497 3917 605 3995 forent,
626 3917 673 3981 ref
687 3939 703 3980 a
721 3914 882 3982 Conditcre
896 3918 1018 4001 profata.
1066 3915 1117 3981 Sic
1133 3918 1221 3996 enim,

67 4021 130 4098 ait,
160 4017 191 4082 in
220 4019 373 4103 evangelio
400 4017 492 4082 dixit:
528 4023 626 4082 Estote
649 4022 737 4101 prodi
756 4025 924 4102 argentemi.
977 4017 1088 4098 Utere,
1117 4020 1222 4105 inquit,

68 4121 226 4200 omnibus,
257 4141 296 4184 ex
321 4120 467 4207 scriptura
494 4123 596 4204 quavis
622 4121 703 4186 utilia
724 4123 864 4208 seligens.
910 4121 1042 4201 Deinde,
1073 4119 1222 4200 Christus,

67 4225 131 4303 ait,
154 4223 343 4310 semetipsum
359 4223 389 4286 in
406 4244 529 4309 corpore
546 4225 581 4288 ad
598 4224 764 4310 patiendum
781 4225 950 4311 supplicium
975 4224 1095 4304 obtulit,
1119 4247 1154 4289 ac
1176 4245 1223 4290 re·

102 4361 130 4414 3.
148 4356 364 4426 προςγιιιὸσκοιιτα
380 4363 447 4411 babet
461 4362 511 4410 cod.
527 4363 600 4413 Vutfc.
666 4365 731 4426 depo,
755 4365 789 4412 nti
812 4364 885 4413 edidit
901 4365 1027 4424 Pedanius,
1051 4364 1092 4412 md
1112 4356 1223 4432 ἀποβησ,

103 4427 128 4480 4.
148 4432 176 4480 fn
189 4432 289 4492 exempti
304 4431 432 4482 Sebotttcnt
450 4433 571 4492 morptm,
597 4434 632 4480 tn·-
665 4433 726 4481 unde
750 4434 840 4483 restitut
863 4425 1021 4501 ἀποβήσεται
1028 4468 1035 4494 ,
1066 4433 1129 4494 quod
1152 4437 1223 4484 ettam

67 4503 191 4582 bttcpepnr
220 4499 317 4548 cuttettts
340 4501 465 4561 portatum
489 4499 632 4561 detrumoto,
665 4503 777 4550 sententio
792 4501 902 4561 postutot.

67 4583 117 4618 non
139 4563 225 4634 απίβη
248 4579 277 4617 ss
298 4567 348 4617 cod.
367 4567 478 4616 Vaticano
494 4571 631 4618 cunctotum
698 4567 722 4621 5.
738 4567 984 4636 διδημιουργημένοι
1001 4571 1055 4621 edit.
1070 4572 1147 4634 pairac.
