3010 5000
309 324 443 378 ennean
461 325 524 378 ure.
538 327 558 378 t.
574 323 711 378 remur.
729 323 828 376 aneu.
840 321 975 376 xxxru.
1152 315 1209 379 501

70 449 186 512 inlimus
201 458 248 512 est
263 443 441 524 laldahaoth‚
466 465 549 529 quem
565 465 603 508 ex
621 442 815 508 imbecillitate
830 445 1051 530 ignorantiaque
1064 421 1138 510 ‘snm
1154 467 1215 510 ma-

72 551 125 614 tris
143 561 277 614 exortum
293 550 440 624 releruut3
460 548 514 612 hoc
529 558 574 611 est
587 547 663 610 illius
679 567 831 631 supremae
846 567 928 631 quam
944 545 1100 612 Prunicuru
1118 549 1214 634 appel-

69 654 143 716 lant.
190 651 272 715 llaue
292 649 368 714 enim
388 659 507 713 narrant
522 649 552 712 in
571 670 660 732 aquas
678 649 821 733 delapsam
837 647 930 733 iisque
947 650 1125 713 commistum
1144 671 1214 715 evo-

69 755 134 818 lare
156 753 272 816 minime
294 753 441 838 potuisse,
474 751 548 835 quod
568 752 705 814 materiae
726 752 867 836 gravitate
887 763 966 814 esset
985 751 1137 837 implicita3
1167 753 1214 817 cui

70 857 185 941 quidem
204 855 323 940 perinde
341 865 373 918 ut
392 855 473 939 aquis
491 854 598 917 inserta
617 853 755 917 recedere
774 854 848 916 ultra
867 854 1040 938 nequiverit.
1084 854 1130 918 Ac
1149 875 1213 920 eum

68 980 103 1021 se
121 958 265 1023 violenter
283 957 400 1020 efferret
417 967 501 1040 atque
520 957 705 1019 extendendo
723 955 882 1034 niteretur,
912 957 1023 1020 eoelum
1039 956 1107 1021 illud
1128 977 1214 1042 supe-

69 1061 132 1124 rius
153 1060 285 1124 ellectum
304 1072 360 1123 est.
406 1056 472 1144 lpsa
492 1078 562 1121 vero
579 1057 627 1120 uhi
644 1057 740 1120 dehnn
755 1057 846 1121 semel
864 1068 924 1136 est,
958 1058 1049 1122 haesit
1064 1059 1093 1121 in
1111 1061 1214 1123 eodem

68 1175 169 1243 statu,
199 1183 292 1246 neque
310 1172 359 1224 aut
376 1160 467 1224 attolli
486 1181 599 1224 sursum
616 1170 665 1224 aut
682 1161 816 1223 deorsum
835 1161 1012 1223 descendere
1030 1160 1137 1246 potuit,
1162 1163 1214 1226 sed

68 1267 100 1328 in
122 1264 217 1328 medio
233 1263 388 1328 immobilis
406 1272 583 1346 extentaque
601 1263 769 1347 permansit.
813 1259 883 1325 Non
904 1263 979 1325 enirn
997 1263 1164 1327 interiorem
1183 1265 1214 1328 in

68 1369 165 1431 locum
186 1377 337 1452 vergeret,
363 1386 418 1450 quo
439 1385 503 1428 cum
520 1363 547 1427 ei
564 1366 647 1428 affine
663 1364 732 1427 nihil
749 1374 843 1444 essetq
875 1385 987 1428 sursum
1006 1375 1101 1428 entem
1120 1386 1214 1430 emer-

68 1490 142 1554 gere
165 1491 222 1532 non
246 1478 376 1555 poterut,
409 1488 474 1530 oum
495 1486 559 1530 eam
581 1467 699 1530 materia
721 1465 769 1530 illa
791 1466 836 1528 cui
858 1485 891 1528 se
916 1465 1089 1531 adiunxerat
1110 1479 1214 1554 srrupte

69 1573 201 1657 pondere
222 1579 371 1654 gravaret.
419 1567 511 1653 lgitur
532 1590 571 1632 ex
593 1567 677 1632 huius
694 1567 855 1651 ignorantia
877 1568 971 1632 editus
989 1567 1155 1634 laldahauth
1178 1572 1213 1636 ad

68 1673 169 1737 intima
185 1673 324 1751 s‘uhsidit,
349 1683 517 1760 septemque
534 1671 589 1734 sihi
605 1670 712 1734 liberos
729 1670 845 1754 genuit,
871 1671 918 1754 qui
936 1671 1051 1736 totidem
1070 1672 1214 1737 coelestes

69 1775 159 1840 orbes
177 1775 377 1840 condiderunt.
423 1774 464 1838 At
485 1773 532 1837 ille
552 1793 624 1858 quae
644 1794 731 1858 supra
750 1793 782 1836 se
802 1783 887 1836 erant
903 1772 1067 1836 interclusit
1081 1795 1214 1838 suorum-

68 1899 126 1962 que
145 1877 292 1940 suhtraxit
309 1879 419 1956 oculis,
453 1897 488 1940 ne
510 1887 620 1961 septem
638 1876 678 1939 illi
697 1896 770 1959 quos
785 1883 953 1960 susceperat
971 1877 1120 1960 quicquam
1138 1878 1214 1962 quod

67 2001 102 2044 se
127 1979 191 2064 ipso
215 1981 346 2065 superius
369 1991 447 2044 esset
469 1989 586 2064 praeter
608 1999 640 2043 se
659 1999 745 2042 unum
766 1987 970 2060 agnoscerent.
1015 1977 1102 2042 llunc
1119 1976 1213 2043 lalda-

68 2082 158 2144 haoth
180 2079 350 2145 ludaeorum
374 2102 440 2146 esse
465 2083 548 2143 deum
571 2091 715 2144 asserunt.
761 2076 847 2162 Quod
873 2079 947 2142 absit
968 2090 1000 2143 nt
1023 2101 1090 2144 esse
1112 2103 1213 2147 verum

68 2195 217 2270 putemus.
262 2181 324 2247 lmu
344 2183 391 2248 ille
409 2185 470 2270 ipse
488 2194 534 2247 est
551 2203 567 2246 a
585 2205 639 2268 quo
656 2183 797 2246 iudicandi
812 2193 895 2259 sunt,
929 2183 1110 2267 omnipotens
1128 2184 1211 2263 deus,

68 2284 259 2365 ludaeorum,
274 2287 403 2371 iuquam,
421 2296 453 2349 ut
467 2296 497 2349 et
509 2281 753 2362 Christianorum,
770 2286 899 2368 adeoque
912 2285 1072 2348 communis
1086 2286 1213 2350 omnium

68 2391 162 2468 deus,
186 2410 244 2452 nou
259 2389 306 2452 ille
324 2387 500 2472 nescioquis
517 2408 555 2450 ex
572 2387 773 2450 commentitiis
791 2386 911 2450 istorum
928 2386 1012 2471 nugis
1028 2388 1212 2473 depromptus

68 2489 252 2555 lnldahaoth.
295 2488 342 2554 De
364 2511 420 2574 quo
441 2489 481 2553 ita
505 2511 626 2553 narrare
648 2499 782 2574 pergunt.

158 2589 251 2672 Cum,
285 2605 317 2656 ut
339 2593 443 2656 dictum
470 2603 532 2669 est,
567 2589 759 2656 laldahaothis
782 2591 937 2656 calliditate
960 2593 1054 2656 aditus
1076 2603 1156 2656 esset
1177 2591 1212 2658 ad
1232 2607 1290 2674 cap.
1305 2607 1345 2658 tv.

67 2697 224 2782 superiora
242 2696 429 2781 praeclusus,
459 2706 568 2779 septem
588 2694 628 2756 illi
647 2693 682 2757 ah
704 2715 739 2756 eo
757 2694 845 2778 geniti
865 2694 965 2780 liberi,
997 2694 1060 2758 sive
1079 2695 1211 2776 Aeones,

67 2799 135 2862 sive
151 2799 201 2875 dii,
225 2797 288 2862 sive
305 2800 417 2862 demum
434 2798 540 2882 angeli,
560 2797 676 2860 diversa
692 2797 766 2858 enim
784 2797 818 2858 ab
834 2797 890 2860 illis
906 2797 1022 2860 nomina
1037 2795 1211 2877 tribuuntur,

67 2903 104 2964 ad
121 2899 251 2986 parentis
265 2901 309 2965 sui
324 2898 518 2964 laldahaothis
532 2896 684 2982 imaginem
698 2898 840 2961 hominem
855 2902 1031 2984 producunt3
1056 2919 1093 2962 ne
1107 2899 1134 2962 id
1151 2900 1213 2984 qui·

68 3005 136 3066 dem
154 3003 238 3066 lacile
253 3002 301 3067 vel
315 3002 462 3080 celeriter,
479 3002 530 3066 sed
546 3001 580 3063 ad
595 3000 716 3064 eundem
733 3001 845 3064 modum
861 3023 917 3086 qun
931 3003 1069 3066 haereses
1082 3001 1213 3086 reliquae

66 3104 258 3168 stolidissime
284 3105 441 3167 finxerunt.
488 3101 539 3167 Sic
564 3100 638 3166 enim
663 3103 860 3187 pronuntiant:
894 3102 1048 3166 Hominem
1072 3101 1212 3188 principio

68 3207 181 3270 vermis
197 3206 290 3270 instar
306 3207 382 3268 humi
397 3214 557 3290 reptantem
575 3225 687 3268 sursum
705 3204 777 3288 erigi
794 3215 844 3268 aut
857 3205 947 3270 attolli
968 3207 1121 3289 nequisse,
1145 3227 1212 3269 coe-

66 3311 174 3372 lestem
192 3308 294 3372 deinde
310 3305 450 3384 hlstrem,
473 3327 546 3390 quae
564 3317 592 3370 et
608 3305 750 3371 Prunicus
766 3307 936 3392 appellatur,
961 3309 1101 3372 adversus
1120 3305 1213 3372 lalda·

65 3411 159 3474 hanth
176 3410 233 3473 tale
249 3410 315 3494 quid
332 3430 398 3474 esse
412 3409 619 3487 machinatam,
643 3420 674 3472 ut
690 3410 717 3472 ei
734 3409 791 3472 vim
808 3410 884 3473 illam
901 3431 984 3494 quam
999 3410 1090 3474 eidem
1107 3411 1212 3494 imper-

67 3512 177 3591 tierat,
205 3513 349 3591 auferret,
381 3511 501 3595 ideoque
518 3511 547 3574 in
566 3511 725 3589 hominem,
756 3532 839 3595 quem
857 3511 934 3575 illius
952 3512 1034 3575 liheri
1054 3513 1211 3590 finxerant,

66 3615 129 3677 vim
144 3615 234 3698 ipsius
251 3615 465 3691 transfundere,
488 3635 521 3677 ac
536 3613 686 3678 scintillam
704 3616 858 3699 quandam,
881 3615 935 3678 hoe
950 3625 996 3678 est
1008 3615 1144 3694 animam,
1167 3613 1213 3678 in·

67 3717 192 3780 fundere
212 3716 350 3780 voluisse.
396 3715 498 3794 Tunc,
522 3715 664 3800 inquiunt,
688 3717 807 3800 pedihus
824 3719 885 3781 suis
902 3718 986 3782 horno
1004 3718 1144 3796 constitit,
1169 3728 1212 3781 at-

65 3839 125 3902 que
141 3827 208 3880 octo
223 3817 365 3882 coelestes
381 3819 468 3883 orhes
484 3819 658 3903 cogitatione
672 3821 879 3884 transcendens
895 3818 1008 3884 Patrem
1023 3821 1100 3884 illum
1118 3817 1211 3885 ladal·

65 3920 175 3984 haothe
190 3921 370 4005 superiorem
388 3921 508 4005 agnovit
524 3943 558 3985 ac
574 3922 703 3986 laudibus
720 3923 836 3986 extulit.
882 3925 923 3987 Αι
942 3921 1106 3986 ladalhauth
1123 3943 1211 4007 aegre

67 4025 171 4086 serens
194 4043 323 4106 eaquae
347 4044 433 4109 supra
458 4046 490 4088 se
515 4035 600 4088 erant
622 4026 787 4110 cuiusquam
813 4027 847 4088 ad
872 4025 1002 4089 notitiam
1027 4026 1209 4113 pervenisse,

65 4124 211 4190 stomachi
236 4125 338 4210 plenus
365 4127 400 4190 ad
428 4126 566 4190 materiae
592 4128 699 4190 lancem
724 4129 838 4191 demisit
863 4129 979 4206 oculos,
1012 4138 1041 4190 et
1065 4125 1209 4193 Virtutem

66 4227 213 4312 quandam
233 4228 376 4314 serpentis
395 4229 492 4313 specie
511 4231 629 4314 genuit,
659 4251 742 4315 quem
762 4231 824 4292 eius
842 4227 949 4294 Filium
968 4242 1090 4310 vocant,
1120 4233 1211 4296 idem·

105 4416 163 4466 Gne.
179 4416 221 4465 tv.
244 4443 278 4456 ·-
307 4415 329 4467 1.
346 4415 505 4483 διανοουμένη
528 4421 626 4470 realltutt
690 4417 713 4468 Ὶ.
733 4421 806 4469 Verbo
820 4417 873 4472 Kal
888 4418 946 4476 edre
961 4416 975 4472 d
989 4415 1150 4488 'Ieldnllunlh
1167 4423 1210 4472 Pe·

65 4487 180 4536 Petamus
200 4499 244 4546 pro
263 4499 290 4536 eo
311 4488 372 4548 qnod
387 4489 457 4549 ampo
472 4489 555 4548 tepuur
571 4489 624 4539 dta-
655 4491 733 4537 tunice
747 4491 850 4550 primum
866 4489 951 4540 adtacti
965 4503 994 4540 ex
1007 4490 1057 4540 eod.
1076 4491 1192 4541 Vaticano.

65 4551 203 4618 eccdpcuscc
