3018 4994
248 285 309 348 374
673 299 980 353 ελνσνινειειιιαιι

249 411 351 495 άνλινῆ
367 415 400 479 έν
416 417 510 504 ἑαυτῷ
524 417 667 500 κατέχων,
697 416 732 482 δν
748 415 799 483 διά
814 423 867 484 τοῦ
881 419 1083 500 βαπτίσματος
1097 419 1215 500 ελληφε,
1244 415 1283 482 τά
1297 418 1392 501 μένέτ

249 523 306 580 τῶν
326 524 449 600 γραφῶν
470 515 600 601 δνάματα
621 521 671 585 καλ
694 517 746 596 τάς
763 521 851 597 λέξεις
867 521 918 585 καλ
938 518 991 596 τάς
1007 518 1177 605 παραβολάς
1196 518 1392 605 ἐπιγνώσεται,

248 617 302 700 την
317 618 349 682 δέ
365 617 538 703 βλάσφημον
553 617 699 687 δπάθεσιν
715 620 824 704 ταύτην
840 619 895 688 οῦκ
911 621 1109 708 έπιγνάσεται.
1152 624 1214 687 Καλ
1231 620 1287 708 γάρ
1304 625 1331 687 ελ
1345 620 1395 698 τάς

249 723 387 803 ψηφῖδας
406 726 554 807 γνωρίσει,
585 721 655 788 άλλά
676 723 728 806 τήν
749 723 885 790 άλοδπεκυ
904 723 970 790 δντλ
987 731 1039 808 τῆς
1056 729 1209 808 βασιλικῆς
1225 721 1343 800 είντάνος
1358 720 1396 789 οῦ

249 825 450 909 παραδέξεται·
473 829 508 890 ἓν
526 827 648 891 ἕκαστον
665 827 696 892 δέ
713 833 773 891 τοῦτ
790 827 951 910 εἰρημένων
967 824 1102 904 άποδοῦς
1117 835 1154 917 τῇ
1170 830 1232 916 λδίμ
1249 824 1328 903 τάξει
1345 825 1395 890 καὶ

249 924 456 1011 προςαρμόσας
471 933 511 1015 τῷ
524 935 577 1011 τῆς
592 927 734 1011 άληθείας
752 933 931 1018 Ησωματίρι
946 927 1106 1014 γνμνοάσει,
1128 931 1179 994 καλ
1193 925 1395 994 άννπδστατον

249 1031 383 1106 ἐπιδείξει
403 1026 436 1094 τδ
459 1027 577 1113 πλάσμα
598 1029 704 1096 αῦτοῖν.

99 1129 163 1195 Κεφ·
186 1127 231 1201 δί’·
336 1138 347 1176 ¹
360 1129 477 1214 Ἐπειδὴ
491 1139 527 1222 τῇ
543 1141 636 1223 σκηνῇ
653 1130 744 1222 ταάτη
763 1135 876 1198 ςλείττει
894 1131 914 1216 ἡ
929 1131 1139 1219 άπολάτρωσις,
1161 1135 1211 1198 “wa
1225 1157 1270 1208 τις
1285 1130 1340 1198 τδτ
1353 1139 1395 1212 μῦ

248 1259 304 1317 μον
327 1230 448 1298 3αδτοῦν
465 1233 631 1320 περαιώσας
651 1233 704 1300 τάν
725 1231 958 1314 δνασκευάζοντα
976 1234 1064 1321 λόγον
1088 1235 1273 1324 4έπενέγιιη,
1301 1239 1396 1309 καλοῖς

248 1339 323 1419 ἐχειν
335 1332 520 1419 ὑπελάβομεν
535 1338 678 1414 ἐπιδεῖξαι
693 1335 836 1422 πρότερον
851 1339 883 1403 έν
897 1335 945 1413 οἷς
959 1340 991 1403 οί
1004 1338 1126 1422 πατέρες
1140 1334 1225 1404 αῦτολ
1239 1340 1331 1401 τοῦδε
1344 1341 1395 1402 τοῦ

251 1436 378 1521 ῡμάθου
397 1440 588 1524 διαφέρονται
602 1437 678 1524 πρδς
694 1436 848 1522 άλλήλονς,
878 1437 918 1514 οῦς
934 1441 967 1504 ἐκ
983 1437 1138 1524 διαφόρων
1152 1436 1330 1521 πνευμάτων
1345 1445 1395 1520 τῆς

248 1539 361 1622 πλάνης
379 1537 468 1616 δντες.
513 1543 573 1605 Kal
592 1543 626 1607 έκ
643 1540 751 1606 τοῦτον
768 1538 824 1626 γάρ
843 1539 1059 1628 6ἀκριβέστατα
1073 1544 1202 1608 συνιδεῖν
1218 1542 1316 1618 ἐσται,
1345 1541 1394 1606 καὶ

248 1641 306 1726 πρά
328 1649 381 1726 τῆς
401 1640 593 1721 άποδείξεως,
625 1647 747 1726 βεβαίαν
767 1640 820 1726 τήν
843 1640 902 1708 ῦπδ
925 1650 979 1726 τῆς
1000 1646 1153 1726 ἐκκλησίας
1173 1644 1395 1727 κηρυσσομένην

249 1742 475 1827 άλήθειανμκαὶ
490 1742 545 1828 τὴν
555 1741 615 1810 δπδ
629 1743 741 1810 τούτων
754 1747 1036 1830 παραπεποιημένην
1048 1749 1258 1831 ψευδηγορίαν.
1297 1741 1395 1828 Ἡμίν

249 1845 303 1933 γάρ
320 1849 467 1930 ἐκκλησία,
498 1851 602 1932 καίπερ
619 1844 689 1912 καθ’
705 1845 775 1929 δλης
789 1854 841 1930 τῆς
858 1849 1032 1930 οἰκουμένης
1049 1849 1104 1923 έοις
1121 1845 1256 1933 περάτων
1271 1853 1328 1929 τῆς
1344 1851 1395 1931 γῆς

249 1949 453 2033 διεσπαρμένη,
475 1948 556 2034 παρά
573 1949 604 2015 δέ
618 1956 678 2014 τοῖν
692 1946 862 2018 άποστόλων
876 1951 927 2014 καί
941 1956 1001 2014 νῦν
1013 1952 1131 2015 ἐκείνων
1144 1955 1290 2032 μαθητῶν
1302 1975 1395 2032 παρα-

248 2055 379 2134 λαβοῦσα
396 2048 451 2133 τήν
469 2053 509 2126 εἰς
527 2053 579 2118 ένα
597 2049 671 2118 θεάν
687 2052 800 2136 πατέρα
817 2050 1055 2136 παντοκράτορα,
1076 2049 1129 2116 τάν
1146 2049 1329 2133 πεποιηκότα
1346 2047 1396 2115 τδν

249 2150 376 2240 οῦρανδν
392 2155 442 2218 καὶ
455 2150 510 2234 τὴν
523 2160 578 2238 γῆν
592 2151 707 2229 καλιάς
720 2153 872 2230 θαλάσσας
884 2155 935 2219 καλ
948 2152 1044 2218 πάντα
1056 2151 1092 2218 τά
1107 2156 1139 2219 ἐν
1154 2151 1265 2232 αῦτοῖς,
1288 2156 1395 2231 πίστιν,

248 2258 298 2321 καί
316 2258 356 2331 είς
373 2258 424 2320 ἕνα
442 2253 572 2340 Χριστδν
586 2253 699 2338 Ἰησοῦν
714 2254 765 2322 τάν
782 2254 850 2322 υίδν
864 2264 918 2322 τοῦ
932 2263 1024 2336 θεοῦ,
1046 2255 1098 2322 τδν
1114 2255 1306 2340 σαρκωθέντα
1321 2252 1396 2339 ῦπέρ

249 2365 301 2439 τῆς
317 2355 457 2443 ἡμετέρας
472 2361 630 2442 σωτηρίας,
661 2359 712 2422 καλ
728 2359 768 2432 είς
783 2364 898 2439 πνεῦμα
915 2356 1014 2442 δι’γιον,
1044 2354 1077 2423 τά
1094 2356 1143 2423 διδ
1159 2362 1217 2422 τῦν
1231 2363 1397 2439 προφητῶν

168 2481 173 2490 ·
250 2457 410 2545 κεκηρνςάς
425 2460 478 2534 τάς
492 2461 662 2544 οἰκονομίας
676 2460 727 2524 καί
743 2459 819 2541 ἴτην
832 2461 943 2524 ἐλευσιν
957 2461 1008 2525 καὶ
1023 2457 1077 2542 τὴν
1096 2461 1150 2524 θέκ
1164 2458 1320 2544 παρθένου
1333 2459 1398 2544 γέν-

250 2584 336 2644 νησιν
357 2565 407 2628 καὶ
429 2560 461 2627 τδ
489 2561 589 2638 πάθος
606 2563 657 2628 καὶ
675 2559 727 2644 τὴν
745 2563 859 2646 ἐγερσιν
878 2565 911 2627 έκ
928 2567 1040 2647 νεκρῶν
1057 2558 1177 2643 κοίτην
1194 2563 1340 2644 ἐνσαρτον
1357 2563 1398 2636 είς

251 2662 320 2740 τοῦς
339 2661 485 2748 οῦρανοῦς
508 2661 655 2748 άνάληψιν
675 2669 729 2729 τοῦ
748 2661 940 2747 ἠγαπημένον
961 2670 1092 2749 Χριστοῦ
1106 2660 1203 2746 Ἰησοῦ
1220 2669 1274 2727 τοῦ
1291 2667 1397 2748 κυρίου

249 2763 349 2849 ἡμῶν,
382 2767 433 2830 καί
455 2763 510 2848 τήν
531 2769 563 2832 έκ
585 2774 644 2830 τοῦν
667 2763 801 2850 οῦρανοῦν
821 2768 853 2830 έν
874 2773 910 2854 τῇ
930 2763 1002 2854 δόξῃ
1023 2773 1078 2832 τοῦ
1099 2763 1211 2850 πωτρδς
1231 2769 1399 2849 παρουσίαν

252 2866 344 2934 αὐτοῦ
350 2919 359 2948 ,
390 2870 464 2933 θέπλ
482 2865 515 2934 τδ
538 2865 862 2949 ἀνακεφαλαιώσασθαι
874 2865 912 2932 τά
933 2866 1029 2934 πάντα
1050 2869 1100 2934 καί
1121 2865 1283 2949 άνιιστῆσαι
1299 2873 1399 2931 πᾶσαν

253 2969 347 3056 σάρκα
369 2970 465 3053 πάσης
482 2968 727 3054 άνθρωπάτητος,
756 2973 807 3034 ἵνα
827 2975 943 3058 Χριστρῦ
960 2967 1057 3053 Ἰησοῦ
1075 2976 1116 3058 τρῦ
1133 2973 1226 3056 κυρίῳ
1242 2964 1332 3050 ἡμῶν
1349 2970 1397 3034 καὶ

251 3079 313 3162 θεῷ
326 3075 376 3138 καλ
392 3079 500 3158 σωτῆρι
512 3074 561 3137 καλ
577 3077 691 3155 βασιλεῖ
698 3071 773 3136 κατά
787 3070 841 3155 τὴν
856 3071 993 3138 εὐδοκίαν
1006 3078 1060 3137 τοῦ
1074 3068 1186 3156 πατρδς
1198 3075 1251 3136 τοῦ
1265 3067 1399 3157 άοράτον

131 3209 182 3254 ηις.
194 3195 238 3244 ιτα
252 3183 312 3240 πάιν
323 3173 395 3262 γόνυ
410 3173 517 3264 κάμψη
531 3177 713 3258 ἐπουρανίων
730 3177 781 3239 καλ
796 3177 930 3259 ἐπιγείων
947 3176 998 3239 καλ
1014 3176 1229 3256 καταχθονίων,
1250 3175 1302 3238 καλ
1318 3180 1400 3239 πᾶσα

253 3285 368 3365 γλῶσσα
383 3275 628 3361 έξομολογήσηιαι
643 3273 739 3366 αὐτῷ,
761 3278 809 3341 καί
824 3281 919 3362 κρίσιν
932 3279 1050 3342 δικαίαν
1066 3278 1173 3350 ἐντοῖς
1187 3278 1259 3340 πᾶσι
1273 3274 1400 3358 ποιήση-

253 3407 315 3458 ται,
346 3377 382 3443 τά
399 3381 451 3462 μὲν
469 3377 651 3461 πνευματικά
666 3385 718 3462 της
733 3382 877 3463 πονηρίας
893 3379 943 3443 καὶ
960 3373 1114 3463 άγγέλονς,
1142 3375 1211 3452 τοῦς
1228 3382 1399 3462 παραβεβη-

254 3482 342 3558 κότας
358 3483 409 3547 καὶ
427 3484 457 3547 ἐν
474 3479 636 3570 άποστασίρι
653 3479 821 3568 γεγονότας,
853 3481 903 3546 καὶ
920 3477 990 3556 τοῦς
1007 3477 1121 3563 άσεβεῑς
1136 3480 1187 3544 καί
1206 3475 1335 3556 άδίκονς
1352 3481 1400 3546 καλ
1495 3541 1496 3544 ,

254 3582 387 3667 α’νάμους
406 3585 457 3648 καλ
472 3583 665 3667 βλασφήμους
685 3589 743 3648 τοῖν
762 3581 931 3668 άνθροδπων
953 3584 995 3657 εἰς
1014 3581 1047 3648 τά
1066 3578 1187 3646 αέυίνιον
1204 3585 1264 3664 πῦρ
1281 3585 1402 3670 πέμψῃ,

253 3696 316 3764 τοῖς
336 3686 368 3752 δέ
388 3689 511 3762 δικαίοις
531 3688 583 3751 καλ
604 3683 709 3765 ὁσίοις,
739 3688 789 3750 καλ
810 3683 862 3761 τάς
883 3683 1001 3761 ἐντολάς
1022 3681 1114 3751 αὐτοῦ
1129 3680 1323 3768 τετηρηκόσι,
1352 3684 1402 3748 καί

255 3791 287 3855 ἐν
301 3791 338 3877 τῇ
353 3785 453 3878 α’γάπη
469 3785 562 3855 αῦτοῦ
575 3785 807 3871 διαμεμενηκάσι,
828 3795 890 3864 τοῖς
904 3783 954 3852 άπ’
971 3784 1071 3872 ἀρχῆς,
1092 3794 1154 3861 τοῖς
1174 3785 1251 3850 ιοδέ
1264 3785 1301 3850 ἐκ
1317 3809 1402 3868 μετα-

255 3895 345 3972 νοίας,
364 3888 440 3975 ζωὴν
452 3887 644 3976 χαρισάμενος
656 3887 829 3976 άφθαρσίαν
841 3887 1007 3973 δωρήσηται
1017 3890 1070 3954 καλ
1082 3886 1171 3965 δόξαν
1182 3889 1310 3954 αίωνίαν
1322 3911 1402 3973 περι-

254 3992 375 4082 ποιήση.

289 4184 327 4238 11.
343 4183 464 4254 σωματλῳ
476 4187 559 4248 τοτ’γιλ
568 4197 621 4234 ωιτν
630 4185 723 4234 ambio.
741 4184 806 4233 Libri
871 4183 895 4236 2.
913 4180 985 4248 λελττη
1003 4185 1054 4233 οοσ.
1070 4185 1123 4233 λιιι.

254 4255 338 4305 habent
355 4251 498 4320 σωματείῳ.
874 4249 899 4302 3.
916 4252 952 4300 na
970 4253 1020 4301 οοσ.
1038 4253 1108 4312 λιιι,
1127 4252 1265 4312 conspirans
1282 4267 1341 4303 οιιιιι
1358 4254 1404 4303 Yet.

289 4323 347 4371 (λιν.
361 4321 470 4372 ΧΧΧλλ.
483 4349 516 4360 -
531 4323 552 4370 λ.
567 4315 675 4385 Ἐπειδὴ
690 4315 720 4373 δὲ
733 4323 808 4371 οοιιλι-
841 4323 963 4382 [numme
977 4323 1018 4382 ςνι·
1030 4320 1097 4369 habet
1110 4317 1228 4385 ipsorum.
1251 4320 1332 4384 λὐλςω
1344 4325 1404 4373 ιιιλιυ

255 4393 285 4440 αλ
300 4391 396 4452 Βιλλίυι,
416 4383 491 4441 Ἐτιελ
507 4385 539 4451 δή
557 4391 594 4438 νιλ
611 4382 685 4440 Ἐπεὶ
701 4383 730 4441 λλ
748 4391 808 4438 (λεο-
842 4392 905 4438 atat
922 4379 1006 4439 αὐτὸν.

255 4461 306 4508 hius
322 4461 343 4507 τί
359 4460 495 4508 massuetus.
536 4461 583 4508 Vei.
599 4459 712 4520 λιιλιτρτιτ
727 4457 809 4506 habet:
874 4449 899 4504 4.
915 4457 951 4506 λεο
966 4457 1128 4518 corrigendum
1143 4461 1193 4506 ιτοί
1208 4457 1343 4508 nandum
1358 4459 1404 4506 λἰα

256 4524 377 4588 Quonim
393 4533 475 4576 nutem
492 4540 579 4575 ιοεωιτ
595 4522 652 4574 huic
669 4522 739 4574 δεειτ
759 4529 808 4574 αλλ
839 4525 945 4585 λιιλιτμτ,
958 4529 979 4574 ιι
991 4523 1043 4572 cod.
1054 4523 1117 4584 λιιι,
1130 4526 1173 4585 qui
1184 4525 1250 4574 λολκλ
1265 4519 1406 4593 ἐπενέγκαι.
