2984 4996
269 285 330 350 706
689 295 995 350 ειαοτιτειειεεαιι

271 413 325 482 νόν
346 419 400 480 τοῦ
415 419 513 496 φυτοῦ
528 409 603 480 εἶναι
619 410 691 480 atino*
708 411 806 494 ῦφεως
822 417 922 498 δίνην,
950 414 1002 478 ιιαί
1021 410 1076 496 τὴν
1091 412 1145 496 μίν
1157 410 1263 496 λευιιήν
1278 408 1351 477 εἶναι
1371 409 1406 488 τίς

271 515 361 599 όφιν,
391 513 445 599 τόν
466 517 498 582 θλ
512 517 649 600 μέλαιναν
671 513 710 592 οός
727 514 882 602 ῦρείιιοντα.
925 511 1016 580 Είναι
1037 516 1068 581 tii
1088 516 1141 580 ιιαλ
1161 513 1214 591 τός
1234 517 1347 600 8βῦγας
1361 521 1408 596 τῆς

270 616 401 701 οίμπέλου
419 617 514 705 όόςπερ
534 621 582 684 λοῦ
598 617 796 705 βαθοίμιγγας,
817 622 914 684 είτουν
927 617 1080 704 σταγόνας,
1104 616 1179 683 οιλιιί
1193 615 1228 683 τό
1240 617 1407 694 αυτλοαλές,

268 719 290 802 ἢ
304 719 336 788 τό
350 723 489 807 μείουροι
501 723 552 788 ταί
568 722 693 804 θιαμφὲς
707 720 830 786 ἓτόστου
841 718 938 807 βωγός
949 718 1199 808 στραγγνλόσεως·
1217 718 1269 786 τόν
1285 721 1319 786 δὲ
1332 715 1408 786 αλιοι

269 825 303 888 ἐκ
317 830 369 906 τῆς
382 819 554 900 ὑποθέσεως
567 822 674 907 ταύτης
686 822 758 890 ὄντα
769 822 821 890 τόν
833 831 905 890 νοῦν
916 831 1029 890 θολοῦν
1042 831 1093 906 τῆς
1105 819 1347 910 α’νθραπόιτγτας,
1362 825 1407 888 ταί

267 923 309 1007 τινὶ
328 926 382 1008 μίν
396 928 438 1003 είς
455 927 553 1006 θέλξον
568 925 752 1013 ἀφροδισίων
769 923 864 1011 όίγειν,
894 925 937 1009 πη
952 926 984 992 (ii
1001 927 1043 1002 είς
1056 922 1173 1012 οίστρον
1190 929 1326 1012 ἐγείρειν,
1355 921 1407 1008 ἦθ’
1475 949 1476 990 ι

266 1019 305 1092 αὖ
319 1027 407 1094 πόλιν
422 1025 514 1114 όργήν
530 1030 676 1111 ἐμποιεῖν,
699 1027 748 1096 tini
765 1026 798 1095 τό
814 1035 1005 1110 τεπφοῦσθαι
1021 1027 1054 1094 τό
1070 1035 1153 1111 σῶμα
1167 1031 1200 1095 ἐιι
1217 1037 1271 1112 τῆς
1285 1026 1344 1094 αἀιό
1359 1033 1407 1094 τοῦ

268 1133 352 1196 οίνου
368 1129 521 1213 δυνάμεως
536 1133 653 1198 καὶτοῦ
670 1134 718 1198 ίοῦ
733 1132 1013 1219 τοῦπροειρημίνου
1027 1129 1194 1217 δράκοντος.
1229 1131 1327 1197 Ὅθεν
1341 1127 1406 1196 α’πέ-
1475 1201 1476 1208 γ

266 1258 366 1316 γονται
388 1236 472 1300 οἴνου
493 1241 641 1310 παντελῶς
663 1236 694 1300 σί
713 1242 849 1300 τοιοῦτοι.

131 1340 198 1409 Κεφ.
218 1339 250 1410 β’.
355 1332 509 1402 Φόσιιουσι
527 1337 559 1402 ιλέ
574 1338 625 1402 ιιαλ
641 1334 695 1420 τήν
711 1346 836 1423 γυναῖκα
854 1333 929 1402 είναι
947 1339 1033 1423 ἔργον
1049 1343 1105 1403 τοῦ
1120 1344 1256 1416 Σατανᾶ,
1277 1334 1407 1420 ταθότιερ

146 1470 198 1516 μς.
210 1457 255 1504 ατο.
268 1439 319 1504 ναί
343 1441 374 1504 οἱ
387 1434 565 1525 Ἀρχαντιτολ
585 1445 670 1504 τοῦτο
696 1441 817 1520 ἐφασαν.
861 1437 917 1505 Διό
940 1438 1010 1516 τοῦς
1029 1437 1113 1528 γόμφ
1129 1438 1339 1523 πλησιάζοντας
1357 1445 1407 1504 τοῦ

266 1547 387 1606 Σατανᾶ
411 1538 443 1606 τό
465 1543 551 1627 ἔργον
569 1548 700 1628 πληροῦν
714 1544 857 1628 λέγουσα·
890 1539 960 1607 όλλό
976 1543 1027 1608 ιιαλ
1042 1549 1096 1608 τοῦ
1116 1539 1283 1627 όνθρόπου
1305 1540 1336 1608 τό
1358 1541 1408 1624 μέν

266 1641 358 1726 ἥμισυ
378 1638 451 1708 είναι
466 1651 520 1708 τοῦ
538 1651 630 1724 θεοῦ,
659 1642 693 1710 τό
711 1644 744 1709 θλ
760 1643 849 1728 ἥμισυ
865 1650 918 1710 τοῦ
934 1642 1082 1728 ῦιαβόλοα.
1124 1641 1189 1710 Ἀπ’
1203 1642 1339 1728 όμφαλοῦ
1354 1641 1406 1729 γόρ

266 1747 317 1811 καλ
332 1742 470 1811 οίνοοτότα
494 1743 568 1812 είναι
585 1754 638 1829 τῆς
657 1753 711 1813 τοῦ
728 1754 803 1812 θεοῦ
820 1745 972 1830 δυνάμεως
987 1747 1063 1832 λέγει
1082 1744 1136 1830 τήν
1153 1745 1273 1828 πλόσιν,
1301 1744 1358 1812 όπό
1378 1744 1407 1810 ii

266 1844 403 1931 α’μφαλοῦ
430 1849 481 1914 καί
503 1849 658 1915 κατωτάτω
685 1856 737 1932 τῆς
760 1855 892 1935 πονηρᾶς
917 1851 1049 1927 ἐξουσίας
1073 1848 1126 1934 τήν
1146 1848 1259 1915 πλάσιν.
1302 1847 1406 1930 Διόπερ

265 1951 340 2033 φησί
357 1948 452 2016 πόντα
468 1947 539 2016 καθ’
556 1948 669 2034 ἡδονὴν
685 1954 736 2018 καί
753 1948 874 2038 αίστρον
890 1953 939 2018 ιιαλ
959 1954 1121 2035 ἐπιθυμίαν
1138 1948 1191 2016 εἶπ’
1207 1949 1343 2034 όμφοιλαῦ
1360 1951 1407 2015 zei

263 2050 421 2118 κατωτάτω
438 2056 579 2138 γίνεσθαι.
621 2051 705 2118 'Anni
726 2055 778 2119 ιιαλ
799 2057 832 2119 αί
851 2051 932 2119 ῦλλαι
948 2055 1073 2141 αἱρέσεις
1089 2062 1177 2120 τοῦτο
1195 2056 1310 2135 ἐφασαν
1330 2049 1406 2118 εἶναι

186 2197 192 2212 ·
225 2157 241 2211 ἰ
338 2153 435 2221 Ὅθεν
451 2157 502 2220 τιαλ
518 2148 606 2232 οὗτος
621 2153 766 2222 οἳλίσιιετατ
782 2155 856 2222 mci
873 2155 969 2222 πάντα
985 2155 1098 2242 τρόπον
1113 2165 1176 2232 τοῖς
1193 2153 1291 2234 ἄλλοις
1305 2157 1406 2222 ἐπατσ·
1476 2159 1477 2180 ’

262 2261 383 2324 λουθοῦν
402 2254 558 2344 οίγόρταις,
586 2267 648 2334 ταῖς
669 2256 705 2323 τό
721 2257 879 2344 θηλητήρια
900 2265 941 2346 τῷ
956 2262 1012 2348 βίρι
1028 2256 1288 2324 ιιατασιιευιίσασιν.
1328 2254 1405 2322 Ἀνα-

262 2357 441 2445 τραπήσεται
460 2358 515 2446 γόρ
537 2363 660 2448 βαδίσας·
690 2358 727 2426 οῦ
746 2360 801 2447 γόρ
825 2359 1019 2444 1παμπόλλου
1036 2360 1262 2444 ἐπιῦεηθήσεται
1276 2360 1403 2442 ταμότου

132 2471 135 2482 ’
262 2457 377 2548 ἦπρός
393 2459 484 2528 αῦτόν
500 2460 660 2548 α’νατροπή.
693 2462 787 2530 ’Όλον
804 2462 859 2550 γοίρ
875 2462 908 2529 τό
926 2470 1010 2546 στῦμα
1027 2466 1263 2549 συγκεκραμένον
1282 2471 1343 2540 ταῖς
1359 2487 1405 2527 τα·

262 2569 320 2639 λῦς
335 2565 366 2629 ἐν
382 2561 462 2652 avieni
477 2563 626 2652 γεγονόσιν
643 2567 676 2632 ἐιι
691 2573 785 2646 θεοῦ,
816 2568 895 2649 φημί
911 2566 943 2632 δέ
958 2562 1099 2650 ὀρέξεσιν,
1129 2563 1167 2632 οῦ
1183 2564 1221 2632 δι’
1237 2563 1404 2631 ότατιίανέτ

261 2671 338 2730 θεοῦ
352 2668 534 2750 γενομέναις,
555 2665 624 2734 ἄλλό
641 2667 691 2734 cini
707 2675 809 2754 χρῆσιν
823 2665 942 2755 όγαθήν
959 2669 1009 2734 ταί
1023 2665 1184 2754 οἷναγιιαίας
1199 2672 1298 2754 χρείας
1312 2665 1406 2744 τόξιν·

260 2769 333 2852 λίγα
352 2768 384 2834 ii
403 2766 436 2834 τό
455 2766 611 2856 όρέγεσθαι
628 2769 742 2848 ῦπνου,
764 2776 900 2857 βρωτοῦν,
923 2769 1072 2853 πόματος,
1095 2769 1255 2850 ἐνδόσεως,
1279 2771 1330 2835 ιιαλ
1346 2775 1404 2835 τόν

261 2867 354 2935 ἄλλων
369 2872 488 2937 πόντων
500 2880 559 2938 τῶν
574 2875 615 2948 είς
628 2871 664 2938 τοί
678 2875 739 2938 ίθια
751 2876 802 2938 τιαλ
813 2881 877 2962 θεῷ
890 2870 1029 2959 εῦόρεστα
1045 2870 1117 2957 ἡμῖν
1131 2877 1342 2956 συμβαίνοντα,
1366 2867 1405 2948 ός

260 2974 312 3038 τιαλ
333 2970 426 3056 αὐτὴν
444 2972 499 3056 την
522 2973 617 3060 ὄρεξιν
634 2982 685 3058 τῆς
700 2973 775 3040 τιατό
790 2973 824 3041 τό
839 2982 923 3059 σῶμα
938 2977 1100 3058 ἐπιθυμίας
1115 2973 1171 3042 οῦν
1186 2973 1298 3040 ῦτοιτον
1312 2967 1405 3040 οὖσαν

260 3072 473 3160 παραστήσαιρί
493 3075 538 3141 ῦν.
570 3075 655 3142 Ἔστι
674 3075 729 3162 γοίρ
751 3076 826 3162 πρός
841 3081 1032 3144 παιιλοποιλαν
1050 3081 1082 3144 ἐν
1099 3075 1252 3160 σεμνότητι
1269 3081 1400 3152 δοθεῖσα,

261 3179 313 3242 ιιαλ
329 3179 371 3254 είς
385 3176 476 3256 δόξαν
497 3185 551 3244 τοῦ
567 3178 743 3263 ποιήσαντος
759 3178 795 3244 τό
812 3178 923 3259 πάντα,
945 3179 1082 3266 καθάπερ
1098 3185 1135 3268 τῇ
1151 3185 1190 3268 γῇ
1203 3176 1241 3243 τό
1257 3179 1401 3262 σπέρματα

261 3281 304 3354 είς
318 3281 449 3363 ἐπίχυσιν
464 3278 602 3362 πλήθους
616 3289 676 3348 τιῦν
691 3279 751 3366 eino*
769 3289 845 3348 θεοῦ
861 3285 1035 3367 ἐντισμὲνων
1049 3289 1161 3360 ιιαλῦν,
1193 3279 1403 3367 γενημόταιντέ

260 3407 339 3464 φημι
356 3384 408 3448 ιιαί
422 3380 611 3470 α’τροθρόων,
635 3383 730 3461 οῦτιις
747 3386 848 3475 καλιῇ
865 3382 1075 3470 όνθρωπότητι
1090 3385 1131 3462 είς
1147 3381 1181 3448 τό
1198 3391 1349 3470 πληρῶσαι
1362 3379 1402 3458 τό,

259 3481 435 3562 Αῦξόνεσθε
455 3487 506 3552 ιιαλ
528 3486 733 3569 πληθῦνεσθε,
755 3489 805 3554 ιιαλ
826 3485 996 3574 πληροῦσατε
1015 3486 1069 3572 τὴν
1089 3493 1152 3574 γῆν.

122 3694 189 3764 Κεφ.
208 3695 240 3751 ὅ.
344 3691 507 3776 Κίγρηνται
527 3692 560 3757 nt
579 3695 610 3758 οί
622 3699 751 3758 τοιοῦτοι
767 3695 818 3758 καλ
836 3691 1026 3778 ῦποιιρῦφσις
1042 3694 1134 3771 τισίν,
1164 3687 1206 3768 οίς
1227 3687 1399 3773 ότητόαμεν·

256 3787 327 3856 όλλοί
341 3795 392 3858 τιαλ
407 3796 439 3860 ἐν
454 3795 535 3880 μέρει
551 3804 615 3871 ταῖς
628 3797 731 3880 βηταῖς
744 3799 871 3880 βίβλοις,
893 3799 1104 3880 λεξιθηρῦντες
1118 3795 1215 3860 ἐκεῖνα
1228 3791 1308 3876 μόνα
1321 3789 1400 3855 &m

255 3893 329 3958 τιατό
342 3893 395 3961 τόν
410 3903 482 3963 νοῦν
496 3893 592 3963 αῦτῦν
605 3897 839 3983 παραπλέκοντες
854 3899 957 3983 ἓτέρας
971 3901 1220 3984 μεταχειρίζονται
1262 3892 1335 3960 Oine
1347 3888 1397 3977 γᾶρ

254 3991 275 4076 ἡ
294 3993 424 4079 ἄμπελος
445 4002 477 4065 ἐκ
495 3999 637 4082 ῦιαβόλου
654 3999 848 4082 πεφύτευται,
879 3999 946 4067 οῦιε
967 4002 997 4078 ἐξ
1013 3998 1111 4082 ῦφεως
1129 4000 1193 4081 ἐσχε
1211 3995 1266 4082 τήν
1281 3992 1399 4079 σταρόν,

256 4093 296 4173 τίς
311 4105 400 4166 παντί
412 4129 453 4190 τςο
468 4100 558 4184 ῦῆλόν
571 4103 637 4170 ἐστι.
684 4109 757 4180 Ποῦς
771 4101 826 4190 γόρ
844 4106 902 4170 ἐστι
916 4109 1019 4182 roim
1042 4099 1134 4168 αῦτοῦ
1148 4109 1204 4167 τοῦ
1219 4103 1325 4185 τυρίον
1340 4099 1401 4162 ἐπι·

254 4209 476 4290 μαρτυροῦντος
491 4207 542 4270 καί
560 4207 693 4291 λέγοντος
710 4206 769 4286 ὅτι,
795 4204 841 4272 Oti
857 4203 898 4289 μή
913 4209 971 4271 πίω
988 4209 1022 4272 ἐτι
1039 4211 1092 4272 τοῦ
1108 4201 1270 4290 ymiiimt
1284 4207 1336 4283 *ἧς
1349 4197 1400 4282 αι’β’

252 4304 344 4369 πίλου
360 4305 484 4392 ταύτης,
515 4309 571 4384 ίας
587 4305 624 4373 ῦν
638 4314 696 4375 πίω
712 4307 785 4375 αῦτό
803 4307 907 4376 καινόν
921 4305 989 4393 μεθ’
1004 4305 1087 4394 ῦμῦν
1103 4308 1135 4373 ἐν
1150 4313 1187 4397 τῇ
1202 4307 1330 4394 βασιλείᾳ
1344 4306 1402 4366 νῦν

286 4459 312 4511 ς,
445 4462 452 4481 ι
492 4481 502 4496 .

284 4503 308 4581 (ί.
329 4463 553 4584 ῦόόῦότίιίίγόέτῦίι
579 4543 683 4601 propter
702 4535 881 4587 rotunditatem
899 4545 940 4588 σοι
957 4533 1119 4588 detinentium
1136 4529 1161 4584 in
1179 4540 1301 4599 angustam
1315 4527 1398 4578 tenui·
