3008 4996
369 307 503 360 canaan
520 309 582 360 nra.
593 309 613 360 1.
631 308 713 360 con.
728 309 758 360 n.
774 309 873 362 naun.
884 309 974 361 xxx.
1180 303 1242 366 255

98 447 132 490 re
145 425 266 510 cognita
279 426 375 492 omnia
388 449 453 492 cum
468 423 594 513 losepbo
607 428 811 492 communicat.
850 429 898 494 Ao
911 429 1034 512 primum
1049 429 1242 496 calamitatem

98 549 181 594 suam
200 527 373 614 deplorans,
404 535 507 604 Oaros,
531 533 646 613 from,
677 533 808 603 numo,
841 529 950 614 inquit,
980 539 1244 613 aerumperde'tot

97 636 212 694 cauom
226 636 349 711 appositi
361 636 489 694 custodes
503 638 621 694 summ?
664 627 740 712 Quid
754 631 797 693 rei
816 642 896 694 esset
910 632 1073 696 sciscitatus
1090 631 1242 720 Iosephus,

97 733 170 796 nibil
190 742 259 795 ante
279 732 379 796 verbis
400 733 436 795 ab
458 753 494 796 eo
512 733 611 796 didicit
625 753 709 816 quarn
726 753 812 796 mann
829 733 1001 817 prehensum
1017 754 1111 798 senex
1131 739 1159 800 in
1178 759 1244 802 enm

96 833 195 898 locum
214 834 333 910 eduxit,
365 834 412 898 ubi
428 856 494 898 cum
509 835 694 898 adolescente
712 834 822 896 melaria
840 835 887 897 illa
903 856 1006 898 manns
1022 835 1099 900 inter
1116 850 1245 902 mortuo-

97 927 162 999 rcim
179 935 264 998 busta
280 916 412 998 malebcii
428 957 532 999 caussa
548 946 738 1000 convenerat.
783 933 865 1018 Ergo
882 936 922 1000 illi
939 937 1010 1000 locis
1028 939 1063 1000 ad
1082 939 1244 1023 ingressum

97 1048 214 1100 cuntes
230 1037 325 1100 omnia
340 1057 414 1120 quae
431 1037 466 1098 ab
482 1037 518 1099 iis
537 1038 638 1100 herent
652 1036 824 1116 exaudiunt,
846 1037 1006 1122 iisdemque
1023 1039 1195 1104 abeuntibus
1211 1063 1245 1106 se

96 1139 274 1202 subducunt.
313 1136 419 1222 Neque
433 1139 510 1202 enim
528 1140 680 1202 admodum
695 1139 967 1222 advesperascebat,
986 1140 1051 1216 sed,
1075 1152 1174 1226 utpote
1190 1143 1244 1206 sub

98 1261 235 1304 occasum
249 1239 333 1316 solis,
351 1240 436 1304 dubia
451 1240 515 1304 luce
531 1239 657 1302 discerni
672 1239 765 1303 adbuc
780 1240 872 1302 oculis
888 1241 993 1324 aliquid
1009 1251 1134 1326 poterat.
1167 1241 1244 1308 Mox

98 1340 251 1404 sceleratis
269 1339 327 1402 illis
346 1363 362 1403 a
382 1341 517 1426 sepulcro
536 1341 676 1424 digressis
697 1363 760 1404 cum
780 1341 890 1424 collega
909 1339 1051 1427 Iosephus
1068 1343 1241 1427 ingreditur.

99 1439 142 1506 lbi
161 1441 368 1506 maleficiorum
387 1443 577 1506 instrumenta
595 1442 743 1526 reperiunt
759 1443 789 1505 iu
807 1443 922 1506 humum
942 1443 1072 1524 abiecta,
1096 1465 1187 1528 quae,
1212 1456 1244 1508 nt

100 1544 207 1624 aiebat,
232 1543 357 1608 bunum
373 1554 441 1628 potu
456 1565 490 1606 ac
504 1543 647 1627 sangnine
662 1564 792 1629 aspersa,
815 1545 942 1608 immisto
958 1547 1077 1629 pulvere
1092 1545 1243 1608 discedcn·
1359 1590 1362 1596 ,

100 1655 143 1710 tes
162 1645 353 1728 reliquerant.
397 1643 472 1708 Tum
496 1667 568 1708 vero
589 1657 756 1730 compertae
776 1644 890 1710 illorum
910 1647 1050 1726 insidiae,
1082 1647 1243 1730 cognitum·

99 1768 154 1832 que
168 1747 254 1810 cuins
269 1746 340 1810 baec
354 1746 482 1810 mulieris
498 1767 602 1812 caussa
617 1746 799 1825 molirentur,
818 1747 916 1831 itaque
931 1759 1066 1830 quantum
1084 1759 1162 1812 artes
1176 1747 1242 1812 illae

97 1860 220 1934 possent
236 1848 441 1932 expectabant.
487 1843 560 1912 Cum
582 1848 651 1912 nibil
669 1849 792 1911 venetici
816 1849 865 1912 isti
889 1850 1118 1931 promovissent,
1149 1870 1183 1912 ac
1208 1871 1241 1914 se

98 1950 203 2016 mulier
225 1961 255 2012 et
272 1945 383 2014 Christi
399 1951 484 2034 signo
505 1964 535 2012 et
555 1950 621 2012 fidei
644 1951 787 2036 praesidio
803 1951 987 2028 defenderet,
1018 1951 1164 2034 cognitum
1184 1961 1241 2028 est,

97 2052 314 2116 adolescentem
331 2061 392 2116 tres
408 2052 537 2134 integras
556 2062 657 2114 noctes
674 2052 749 2114 illius
765 2052 936 2116 alliciendae
951 2051 1044 2134 gratia
1061 2049 1240 2130 substitisse,

98 2155 265 2220 acdeorum
289 2174 340 2238 spe
362 2175 415 2218 sna
436 2155 602 2216 frustratum
622 2175 686 2215 eum
706 2152 913 2238 impostoribus
927 2152 1022 2236 irugio
1042 2154 1240 2220 contendisse.

100 2253 236 2320 Tertium
252 2255 307 2318 boc
323 2252 464 2340 losepbus
477 2256 679 2319 documentum
692 2251 878 2319 Christianae
894 2253 1044 2339 religionis
1061 2255 1169 2336 babuit,
1185 2277 1241 2340 quc

96 2357 169 2422 nibil
187 2359 330 2422 adversus
345 2351 455 2422 Christi
472 2377 577 2420 nomen
593 2355 745 2440 crucisque
760 2358 873 2442 signum
891 2357 989 2420 valere
1007 2357 1148 2420 maleficia
1164 2377 1242 2421 com-

99 2459 188 2544 petit,
213 2479 306 2542 neque
329 2468 483 2542 propterea
505 2454 689 2522 Christianus
711 2470 743 2522 nt
763 2469 844 2522 esset
864 2459 893 2520 io
916 2457 1041 2521 animum
1063 2456 1191 2522 induxit.

181 2557 349 2624 Secundum
369 2559 440 2624 baec
455 2555 591 2624 Christus
610 2560 637 2624 ei
653 2579 686 2622 se
701 2559 730 2622 iu
747 2558 857 2622 somnis
872 2559 989 2622 obiicite
1011 2557 1070 2638 Et,
1092 2563 1174 2640 Ego,
1198 2560 1242 2624 in·
1262 2565 1320 2636 cap.
1334 2573 1381 2624 tx.

95 2663 177 2747 quit,
199 2683 262 2724 sum
279 2666 375 2736 Iesus,
399 2684 477 2744 poem
496 2667 614 2726 maiores
632 2666 676 2722 tui
688 2666 717 2724 ιἰι
733 2683 842 2724 erucem
860 2673 994 2740 agemont:
1019 2665 1140 2741 procincte
1155 2667 1184 2723 in
1200 2683 1243 2726 me

95 2767 213 2828 emtam.
245 2763 289 2828 At
301 2760 442 2848 Iosephus
458 2783 496 2826 ne
507 2763 547 2826 ita
559 2763 672 2846 quidem
685 2763 836 2847 perpulsus
849 2763 1049 2826 vehementem
1064 2761 1094 2826 in
1109 2761 1240 2826 morbum

96 2887 132 2928 ac
144 2866 329 2948 desperatum
342 2864 454 2928 incidit.
488 2863 563 2928 'l'um
581 2863 712 2928 dominus
726 2864 752 2926 ei
767 2883 870 2928 rursus
883 2885 1026 2949 apparens
1041 2874 1072 2926 ut
1087 2861 1116 2926 in
1129 2883 1163 2927 se
1178 2885 1242 2928 cre·

96 2967 183 3030 deret
198 2965 348 3043 bortatur,
379 2967 419 3032 ita
437 2966 611 3030 valetudinis
629 2975 790 3049 compotem
810 2967 948 3029 loturum.
994 2963 1058 3028 Hoc
1080 2964 1128 3028 nbi
1150 2967 1241 3030 laetu·
1310 3005 1312 3010 ,

96 3089 161 3132 rum
180 3069 292 3152 recepit
308 3089 342 3132 ac
360 3079 479 3152 repente
496 3066 660 3146 convaluit,
691 3065 719 3130 io
738 3067 838 3128 eadem
857 3065 944 3130 animi
962 3065 1157 3131 obstinatione
1175 3089 1241 3153 per·

96 3169 182 3234 stitit.
229 3167 329 3252 Quare
347 3171 475 3232 secundo
490 3166 520 3230 iu
537 3168 669 3230 morbum
687 3167 838 3253 delapsus,
868 3188 902 3230 ao
920 3167 1039 3252 perinde
1056 3169 1238 3254 desperatus,

96 3293 164 3335 cum
185 3269 243 3334 ium
267 3271 377 3334 instare
400 3281 512 3354 tempus
534 3280 697 3332 extremum
718 3266 815 3332 ludaei
838 3268 914 3332 illius
936 3267 1053 3351 cognati
1072 3271 1238 3350 crederent,

96 3373 174 3456 qnod
196 3371 234 3436 ab
257 3370 294 3434 iis
315 3381 431 3434 secreto
453 3371 515 3434 lieri
533 3371 609 3434 solet
625 3370 794 3454 mysterium
813 3389 901 3452 aeger
920 3371 1020 3433 audiit.
1063 3367 1181 3434 Etenim
1200 3394 1240 3436 ex

96 3473 273 3560 legisperitis
289 3473 402 3556 quidam
419 3483 489 3536 natu
504 3471 622 3554 grandis
638 3472 780 3536 accedens
794 3471 871 3534 illins
888 3471 958 3536 baec
974 3471 1091 3535 auribus
1108 3473 1238 3538 insusur-

95 3577 197 3640 rabat:
223 3579 321 3648 Crede,
339 3574 443 3658 inquit,
461 3579 551 3638 Iesum
565 3575 618 3635 sub
633 3577 731 3634 Pentri>
744 3576 835 3634 Pilato
850 3577 932 3634 cruci
942 3575 1061 3655 officum
1076 3578 1235 3656 deifihiom,

95 3691 128 3738 et
139 3701 178 3740 ec
191 3679 287 3738 Mareia
297 3687 397 3756 posteo
409 3680 545 3756 geneture,
564 3678 704 3738 cerotum
718 3697 778 3736 esse
791 3679 845 3748 dei,
869 3684 900 3736 et
912 3695 930 3735 o
943 3680 1060 3736 mortuis
1073 3681 1234 3749 cocolubem,

93 3791 126 3840 et
139 3782 180 3840 od
195 3791 319 3842 morum
337 3781 465 3858 orbesque
481 3779 643 3838 eirde'eoodos
659 3799 718 3838 esse
738 3787 892 3838 cerberum.
939 3769 1026 3840 Omni
1046 3798 1100 3860 ego
1119 3797 1238 3840 asseve-

94 3881 212 3944 ratione
229 3879 368 3944 coolirmo
386 3879 455 3944 baec
472 3877 541 3940 mibi
560 3875 713 3961 losepbum
731 3877 822 3962 ipsum
840 3877 871 3940 in
890 3876 931 3939 rei
948 3887 1050 3959 gestae
1066 3879 1238 3961 exponenda

94 3981 176 4048 serie
193 4001 342 4046 narrasse.
387 3976 472 4061 Quod
491 3979 610 4064 insuper
626 3978 662 4042 ab
679 3979 736 4041 alio
752 3979 885 4062 quopiam
903 3977 1019 4062 accepi,
1050 3977 1098 4060 qui
1115 3976 1238 4044 ludaeos

93 4083 192 4148 adbuc
208 4083 244 4144 ob
259 4082 373 4144 illorum
387 4093 493 4146 metu·
509 4090 583 4157 erat,
608 4091 694 4163 atque
707 4079 781 4144 inter
796 4075 981 4142 Christianos
996 4099 1135 4164 persaepe
1150 4082 1238 4164 dege·

91 4186 163 4264 bat,
195 4203 305 4268 eosque
326 4194 357 4246 et
378 4181 554 4248 observabat
576 4181 729 4267 plurimum
754 4180 936 4260 clamabat,
967 4181 1015 4264 qni
1037 4199 1089 4266 per
1108 4178 1238 4246 Betbelis

128 4437 153 4488 3.
176 4441 216 4488 Sic
232 4441 313 4488 Petoc.
329 4452 357 4488 ea
374 4439 510 4490 euchritme
526 4439 577 4488 cod.
591 4439 665 4500 Rupit.
698 4437 725 4486 ln
740 4437 795 4488 edit.
812 4439 888 4498 price.
908 4437 970 4486 mim
989 4440 1051 4486 catut
1070 4431 1237 4502 ὗιιολειφθιις,

89 4511 152 4558 citio
168 4510 227 4557 roho
242 4507 342 4567 culpari.
1009 4555 1018 4560 -
