3036 4998
268 283 328 344 352
687 295 806 348 ελαοιι
824 297 995 348 ενιειιιιιιι

267 413 317 478 καλ
334 410 389 494 τὴν
404 409 571 497 πρόςιιλισιν
587 409 758 495 ποιήσηται·
788 411 821 478 τό
839 415 872 478 δέ
888 411 1085 496 πνευματικόν
1101 415 1313 496 ἐκπεπέμφθαι
1329 413 1411 490 ῦπως

267 511 377 581 ένθάδε
391 519 433 603 τῷ
450 521 566 602 ψυχικῷ
579 513 699 599 συζυηέν
713 522 881 604 μορφωθῇ,
903 517 1125 596 συμπαιδευθέν
1141 513 1221 606 αύτῷ
1237 518 1270 582 ἰν
1287 523 1324 606 τῇ
1342 513 1410 582 άνα-

268 623 391 705 στροφῇ.
436 617 497 680 Καὶ
517 613 594 682 τοῦτ’
616 613 690 682 εἰναι
713 619 851 704 έλέγουσι
872 616 906 682 τό
928 617 1000 694 άλας
1017 620 1068 684 καλ
1084 616 1118 684 τό
1137 626 1203 700 φῦς
1217 625 1272 684 τοῦ
1286 617 1411 701 κόσμου.

259 717 341 785 Ἔδει
355 717 409 805 γάρ
424 725 483 784 τοῖν
497 725 632 802 ψυχικῶν
645 721 697 784 καὶ
713 722 865 802 αἰσθητῶν
878 722 1092 803 παιδευμάτων.
1138 719 1218 788 3Διό
1234 723 1285 786 καλ
1300 719 1414 804 κόσμον

269 820 502 888 κατεσκευάσθαι
524 823 652 906 λέγουσι,
683 824 735 886 καλ
752 820 805 888 τόν
820 829 949 909 Σωτῆρα
965 824 998 888 δέ
1017 825 1065 890 έπλ
1080 831 1167 890 τοῦτο
1185 825 1413 910 παραγεγονέναι

268 924 301 990 τό
319 922 463 1009 ψυχικόν,
493 926 555 990 ἐπεὶ
572 925 624 988 καλ
639 921 827 1002 αύτεξούσιόν
843 928 935 1005 ἐστιν,
966 925 1048 1003 ὅπως
1065 925 1137 994 αύτδ
1156 925 1247 1018 σοι’ση.
1283 919 1342 992 'tn
1357 923 1412 1012 γάρ

267 1026 369 1111 ἤμελλε
385 1029 487 1106 σοι’ζειν
500 1025 552 1102 τάς
567 1024 700 1112 άπαρηάς
718 1024 834 1093 4αύτδν
850 1029 1000 1112 εἰληφέναι
1014 1027 1195 1109 φάσκουσιν,
1218 1027 1276 1095 άπό
1294 1029 1348 1112 μέν
1362 1035 1414 1110 τῆς

267 1127 407 1213 Ἀχαμιόθ
422 1128 454 1196 τό
470 1127 679 1212 πνευματικόν,
702 1126 761 1194 άπῦ
777 1131 809 1194 δὲ
823 1137 877 1196 τοῦ
891 1139 1084 1219 Δημιουρηυῦ
1099 1130 1275 1198 ἐνδεδύσθαι
1288 1129 1342 1198 τόν
1354 1147 1411 1212 ψυ-

267 1231 349 1318 χικόν
369 1231 513 1318 Χριστόν,
545 1229 604 1298 άπό
627 1233 659 1297 δέ
681 1238 734 1314 τῆς
754 1234 925 1316 οἰκονομίας
941 1244 1161 1319 περιωθεῖσθαι
1182 1241 1267 1318 στῦμα
1281 1231 1413 1318 ψυχικόν

269 1338 361 1420 Ι’ἔχον
377 1333 496 1414 ούσίαν,
523 1335 789 1417 κατεσκευασμένον
804 1337 836 1400 δέ
853 1333 970 1425 οἷρρητητ
984 1339 1083 1428 τέχνη,
1109 1335 1184 1424 πρός
1201 1335 1233 1403 τό
1248 1338 1299 1402 καὶ
1319 1333 1410 1420 οδρα·

266 1438 318 1506 τόν
337 1441 389 1504 καὶ
407 1435 586 1520 ψηλαφητόν
608 1439 659 1502 καὶ
680 1434 820 1520 παθητόν
842 1443 1049 1526 7γεγενῆσθαι.
1094 1441 1156 1506 Καλ
1175 1436 1277 1506 ύλικύν
1298 1439 1330 1504 δέ
1350 1435 1411 1505 οῦδ

267 1539 370 1608 ὁτιοῦν
388 1541 537 1622 εἰληφέναι
550 1541 685 1625 λέγουσιν
699 1537 803 1635 ριῦτόν·
833 1540 873 1623 μὴ
890 1541 944 1627 ηδρ
960 1539 1035 1608 εἰναι
1050 1540 1104 1625 τὴν
1118 1541 1191 1624 ύληυ
1207 1539 1344 1624 δεκτικὴν
1358 1561 1411 1606 σω-

267 1648 377 1730 τηρίας.
415 1641 475 1725 Τὴν
489 1643 521 1708 δέ
536 1643 698 1708 συντέλειαν
712 1645 831 1709 ἔσεσθαι
845 1643 917 1709 όταν
928 1653 1079 1735 μορφωθῇ
1095 1647 1146 1712 καλ
1163 1650 1327 1734 8τελειωθῇ
1340 1642 1411 1730 γνύ-

266 1769 310 1814 σει
326 1753 387 1812 πᾶν
402 1744 436 1811 τδ
453 1741 665 1828 πνευματικόν,
694 1747 842 1811 τουτέστιν
857 1749 888 1813 οἰ
900 1750 1093 1830 πνευματικοὶ
1110 1745 1281 1835 ἅνθρωποι,
1311 1749 1343 1812 οἰ
1358 1743 1411 1828 τήν

266 1853 375 1916 τελείαν
396 1855 505 1934 γνοῦσιν
525 1850 639 1930 ἔχοντες
659 1850 727 1932 περὶ
750 1852 827 1914 Θεοῦ
848 1851 967 1932 καὶτῆς
985 1849 1410 1934 Ἀχαμτδθθμεμυημένοιμυ-

61 1965 64 1978 ’
146 1984 196 2030 pq.
209 1970 254 2016 m.
268 1952 379 2036 στύρια.
424 1947 514 2016 Εἰναι
530 1950 562 2015 δέ
578 1949 702 2025 τούτους
717 1947 914 2018 ύποτίθενται.
956 1951 1261 2038 Ἐπαιδεύθησανηάρ
1274 1949 1409 2034 τάψυχι·

266 2053 306 2122 κδ
322 2058 353 2121 οἰ
364 2055 487 2136 ψυχικολ
496 2050 668 2138 ’ἅνθρωποη
692 2055 723 2118 οἱ
735 2050 772 2117 δι’
785 2055 877 2140 έργων
888 2057 940 2121 καλ
953 2059 1077 2132 πίστεως
1091 2062 1182 2140 ψιλῆς
1194 2054 1410 2138 βεβαιούμενοι,

266 2160 317 2226 καὶ
334 2154 373 2240 μὴ
388 2154 442 2238 τὴν
457 2158 564 2220 τελελαν
578 2161 686 2240 γνοῦσιν
701 2157 820 2238 ἔχοντες.
863 2155 954 2224 Εἰναι
967 2159 998 2224 δέ
1014 2157 1137 2235 τούτους
1151 2157 1210 2224 άπδ
1225 2162 1280 2240 τῆς
1291 2154 1408 2238 Ἐκκλη-

267 2264 331 2336 σίας
346 2256 424 2342 ἡμᾶς
436 2259 565 2343 λέγουσι’
588 2255 634 2322 διό
648 2258 700 2322 nni
714 2253 787 2340 ἡμῖν
800 2258 852 2341 μέν
867 2258 1028 2345 άναμιιαῖυν
1043 2257 1116 2326 εἰναι
1131 2257 1186 2344 τὴν
1201 2257 1320 2346 ύμαθην
1335 2266 1407 2344 πρῦ·

266 2367 310 2440 ξιν
328 2359 556 2441 άποφαίνυνται,
587 2357 678 2434 άλλως
695 2356 750 2446 γάρ
767 2357 914 2430 άδύνατον
930 2370 1074 2446 σωθῆναι.
1116 2361 1236 2440 Αύτούς
1254 2363 1287 2427 δέ
1302 2360 1344 2445 μὴ
1361 2359 1409 2426 διά

266 2462 415 2549 πράξεως,
444 2459 515 2527 άλλύ
531 2459 581 2526 διά
595 2459 628 2526 τό
643 2459 732 2542 φύσει
746 2464 959 2547 πνευματικούς
976 2463 1051 2532 εἰναι
1067 2464 1165 2556 πάντη
1178 2489 1209 2530 τε
1226 2467 1276 2530 καὶ
1292 2463 1409 2539 πάντως

267 2564 459 2648 σωθήσεσθαι
474 2568 700 2650 δογματίζουσιν.
742 2561 795 2640 Ὡς
808 2565 864 2650 γάρ
879 2568 911 2635 τό
925 2567 1026 2651 χαλκόν
1040 2566 1186 2634 ἀδύνατον
1200 2571 1347 2654 σωτηρίας
1360 2591 1407 2650 με·

265 2676 379 2751 τασχεῑν
397 2664 445 2743 (ού
463 2667 517 2754 γάρ
536 2664 609 2732 εἶναι
633 2667 805 2752 1θλέηοιισιν
819 2666 903 2737 αύτολ
920 2669 1053 2738 δεκτικόν
1066 2668 1185 2754 αύυῆς),
1213 2668 1308 2747 οῦτως
1321 2667 1409 2736 πάλιν

266 2769 300 2836 τό
317 2768 526 2854 πνευματικόν,
553 2768 613 2835 ¹¹3
627 2765 709 2836 αύτολ
728 2766 803 2834 εἰναι
817 2773 971 2854 θέλουσιν,
994 2771 1139 2839 άδύνατον
1152 2770 1275 2859 φθοράν
1288 2772 1410 2837 καταδέ-

266 2877 374 2953 ξαθαι,
402 2871 459 2938 κάν
474 2868 592 2946 όποίαις
608 2873 876 2958 συμκαταγένωνται
890 2875 1037 2960 πράξεσιν.
1071 2875 1130 2940 Ὃν
1146 2874 1200 2962 γάρ
1213 2871 1328 2959 τρόπον
1342 2900 1409 2959 χρυ-

266 2974 319 3051 σός
336 2977 368 3042 έν
385 2973 522 3064 βορβόρῳ
539 2976 710 3050 κατατιθεὶς
727 2971 783 3040 ούιι
798 2972 956 3059 ἀποβάλλει
970 2977 1024 3062 τήν
1041 2975 1184 3060 καλλονύν
1200 2973 1309 3056 αύτοῦ,
1338 2972 1410 3040 ἄλλά

188 3119 190 3130 =
265 3075 320 3160 τὴν
338 3080 415 3143 ἰδέαν
434 3076 525 3158 φύσιν
543 3075 747 3157 διαφυλάττει,
774 3086 827 3144 τοῦ
843 3079 995 3166 βορβόρου
1011 3079 1103 3163 μηδέν
1119 3077 1256 3164 άδικῆσαι
1278 3083 1410 3144 ηδυνα-

266 3179 354 3262 μένου
369 3177 421 3244 τόν
436 3177 559 3264 χρυσόν,
581 3177 659 3245 ούτα
675 3179 707 3244 δέ
723 3181 771 3244 καλ
789 3177 898 3258 αύτούς
911 3183 1041 3268 λέγουσι,
1062 3179 1118 3248 κάν
1133 3184 1165 3248 έν
1181 3187 1280 3258 πυίαις
1294 3178 1411 3256 ύλιταῑς

265 3281 385 3367 πράξεσι
400 3282 629 3368 καταμένωνται,
657 3282 748 3365 μηδὲν
764 3279 873 3359 αύτούς
886 3283 1165 3369 παραβλάπτεσθαι,
1190 3284 1264 3368 μηδέ
1279 3280 1408 3366 άποβάλ·

264 3391 323 3450 λειν
343 3382 397 3467 τὴν
418 3381 614 3467 πνευματικὴν
635 3381 801 3451 ύπόοτασιν.

114 3599 180 3667 Κεφ.
201 3591 249 3664 κγ’.
350 3588 408 3654 Διό
428 3588 466 3672 δύ
483 3591 531 3655 καλ
547 3587 582 3654 τά
600 3585 802 3674 1άπειρημένα
816 3587 912 3656 πάντα
928 3588 1022 3668 άδεοῦς
1036 3595 1067 3658 οἱ
1078 3589 1250 3658 τελειόταται
1264 3588 1409 3674 πράττου-

264 3713 311 3758 σιν
330 3689 442 3770 αύττῦν,
471 3694 538 3774 περὶ
561 3684 605 3757 οῦν
625 3693 658 3756 αἱ
675 3694 789 3778 γραφαὶ
806 3694 1043 3777 διαβεβαιοῦνται
1062 3691 1133 3770 τούς
1150 3699 1310 3784 ποιοῦντας
1332 3689 1409 3758 αύιά

265 3798 412 3877 βασιλείαν
435 3802 508 3860 θεοῦ
526 3793 568 3877 μοὶ
585 3792 820 3879 κληρονομήσειν.
864 3797 925 3861 Καὶ
937 3794 993 3881 γάρ
1009 3794 1190 3863 εἰδωλόθυτα
1209 3793 1410 3881 ’ἀδιαφόρως

266 3898 410 3978 ἰσθίοοσι,
432 3897 505 3980 μηδέ
518 3895 693 3980 μολύνεσθαι
709 3893 759 3961 ὕπ’
773 3893 869 3964 αύτοῦν
882 3896 1051 3985 ἡγούμενοι,
1066 3901 1118 3966 καλ
1132 3900 1182 3965 tut
1195 3905 1291 3965 πᾶσαν
1304 3895 1408 3985 έυρτά-

300 4123 323 4174 ’λ
341 4125 441 4178 θέλουσι
457 4125 507 4175 ent.
523 4124 577 4174 ten.
854 4127 927 4187 Vntnn
940 4122 1002 4189 πρὸς
1015 4123 1044 4178 τῦ
1056 4119 1161 4188 ἀόρατοι
1174 4122 1219 4177 καὶ
1228 4117 1409 4190 άψηλιὶφητου.

299 4190 323 4242 3.
340 4196 376 4244 λιο
386 4195 436 4244 end.
448 4195 511 4253 λιιι,
524 4197 545 4241 et
554 4193 697 4241 nnnteeeennt
706 4194 755 4240 tem
765 4193 819 4240 nte'en
885 4193 908 4245 7.
925 4191 1043 4258 γενέσθαι
1059 4195 1109 4244 ωδ.
1125 4195 1177 4244 Ven.

266 4260 348 4311 Btttten
363 4265 384 4309 et
400 4263 518 4310 Petnvtne.
555 4261 625 4321 λἰιλςο
642 4253 675 4311 δι’
692 4249 735 4311 οῦν.
884 4263 909 4313 n
926 4258 1057 4314 τελειωὶιλν
1073 4263 1124 4311 ανδ.
1139 4262 1193 4311 Ven.

298 4324 322 4378 t.
340 4330 376 4378 tta
389 4330 439 4378 οοιλ.
451 4329 514 4388 Ven,
527 4330 676 4378 consentiente
691 4329 738 4377 Vet
748 4329 819 4378 Inten-
863 4327 866 4334 '
885 4325 909 4378 9.
926 4330 962 4379 λια
973 4333 1065 4391 τιμωυι·
1075 4331 1103 4379 ete
1112 4331 1248 4380 anctoritate
1258 4329 1310 4378 οοδ
1321 4330 1410 4389 venen,

263 4401 334 4458 prete.
370 4397 442 4457 λυλςο
459 4390 572 4447 attens
851 4397 891 4459 ραι
906 4400 1025 4458 ennepe'rnt
1040 4411 1093 4448 nnn
1110 4399 1156 4446 t'et
1169 4397 1298 4460 interprete.
1334 4399 1410 4460 λὐλρο
1500 4425 1501 4458 η

299 4461 322 4514 5.
341 4461 404 4530 έχων
420 4465 470 4513 ωδ.
486 4466 540 4515 ven.
851 4458 1410 4532 τῆςἊχαμιῦθ.μεμυημένουςθλμυοτήριο
1500 4479 1501 4522 3

298 4529 323 4584 θ.
339 4533 376 4582 ne
384 4532 434 4581 αοιλ
444 4533 505 4594 Ven,
513 4533 659 4595 conspirante
670 4533 819 4595 Ventum.
852 4525 914 4585 ιίυαι
930 4527 1032 4594 τούτους
1047 4537 1098 4584 eett.
1500 4551 1501 4590 ι
