3008 4996
720 264 841 318 SANGH
859 265 1026 318 {immun

537 525 716 596 ΚΑΤΑ
765 525 1210 612 ΝΑΖΩΡΑΙΩΝ,

611 637 729 735 ἐνάτη,
756 638 856 734 ἦκαὶ
876 639 1009 734 εἰκοστή
1028 638 1139 736 ἐνάτη.

165 809 231 875 Κεφ.
249 804 281 857 α’.
385 793 554 872 Ναζωραῖοι
570 791 701 870 καθεξῆς
713 786 831 864 τούτοις
844 791 977 867 ἕπονται,
999 787 1061 872 ἅμα
1077 813 1108 852 τε
1124 784 1226 864 αύτοῖς
1239 785 1337 866 ὄντες,
1358 785 1445 870 ἢκαλ

296 887 355 973 πρδ
377 888 490 967 αύτῦν,
517 887 616 972 ἢσύν
631 886 746 968 αῦτοῖς,
768 888 862 974 ἤρετ’
882 888 1006 968 αύτούς,
1037 888 1118 972 ὅμως
1139 887 1306 974 σύγγρονοι·
1335 885 1373 956 ού
1387 888 1443 974 γδρ

178 1029 228 1074 μγ.
242 1015 286 1058 ιιι.
300 988 503 1076 ἀκριβέστερον
515 989 644 1073 δύναμαι
659 993 781 1068 ἐξειπεῖν
795 995 873 1067 τίνες
886 995 969 1067 τίνας
982 993 1155 1068 διεδέξαντο.
1179 988 1271 1056 Καθδ
1285 988 1342 1076 γύρ
1357 993 1444 1072 ίφηι,

297 1091 452 1178 σύγγρονοι
463 1085 540 1175 ἦσαν
555 1089 704 1182 ἀλλήλοις,
724 1094 776 1158 καί
794 1091 884 1176 δμοια
905 1093 1057 1174 κέκτηνται
1070 1091 1107 1156 τύ
1123 1089 1305 1176 φρονήματα.
1352 1085 1445 1158 Οῦτοι

295 1192 352 1280 γὰρ
368 1196 484 1269 ἑαυτοῖς
504 1191 599 1276 ὄνομα
621 1195 763 1260 ἐπίθοντο
789 1192 855 1276 οῦχί
875 1198 1020 1280 Χριστοῦ,
1048 1191 1115 1258 οῦτε
1140 1190 1212 1260 αύτό
1229 1191 1262 1258 τό
1279 1191 1375 1276 ὄνομα
1388 1198 1444 1260 τοῦ

294 1293 412 1378 Ἰησοῦ,
433 1292 504 1360 ύλλιί
524 1299 713 1380 Ναζωραίων.
759 1297 819 1362 Καί
835 1294 942 1370 πάντες
955 1295 988 1360 δέ
1006 1296 1175 1380 Χριστιανοὶ
1193 1302 1363 1380 Ναζωραῖον
1378 1300 1444 1361 τότε

296 1394 435 1473 α’ςαύτως
460 1399 626 1462 ἐκαλοῦντο.
670 1399 785 1483 Γέγονει
795 1397 827 1461 δέ
853 1393 898 1462 ἐπ’
924 1393 1011 1486 δλίγιγι
1033 1394 1129 1484 χρόνῳ
1151 1403 1305 1462 καλεῖσθαι
1333 1394 1444 1472 αύτούς

294 1497 473 1576 Ἰεσσαίους,
494 1499 566 1581 πρίν
581 1496 603 1580 ή
622 1499 671 1564 ἐπί
686 1503 739 1581 τῆς
753 1496 928 1580 Ἀντιοχείας
945 1495 1036 1582 ιίρχήν
1052 1488 1181 1579 λα’βωσιν
1197 1499 1229 1562 οί
1242 1501 1376 1580 μαθηταί
1390 1525 1441 1564 κα·

295 1608 411 1666 λεῖσθαι
429 1604 607 1684 Χριστιανοί.
649 1597 823 1666 ’θῦιαλοῦντο
848 1599 881 1664 δέ
899 1596 1039 1664 Ἰεσσαῑοι
1056 1597 1107 1664 διαί
1128 1597 1180 1664 τόν
1197 1596 1321 1678 Ἰεσσαί,
1350 1597 1444 1682 οίμαι,

296 1700 453 1786 ἐπειδήπερ
473 1698 492 1767 ό
508 1703 606 1784 Δαβίδ
626 1703 655 1778 ἐξ
670 1697 793 1780 Ἰεσσαί,
821 1703 854 1767 ἐκ
874 1701 907 1767 δέ
923 1707 978 1766 τοῦ
998 1703 1096 1784 Δαβίδ
1110 1699 1184 1766 κατύ
1201 1699 1339 1784 διαδοχήν
1354 1705 1443 1782 σπέρ-

297 1828 387 1885 ματος
408 1799 431 1886 ’ή
452 1805 576 1887 Μαρία,
604 1805 810 1886 πληρουμένης
827 1811 881 1887 τῆς
896 1806 984 1878 θείας
1007 1809 1123 1886 γραφῆς
1144 1800 1219 1867 καιιί
1240 1801 1294 1884 τήν
1316 1802 1445 1868 παλαιὰν

164 1967 170 1978 ,
297 1903 463 1986 διαθήκην,
484 1910 539 1969 τοῦ
551 1909 656 1989 κυρίου
670 1906 806 1988 λέγοντος
819 1903 897 1989 πρός
913 1901 965 1970 τόν
979 1905 1093 1988 Δαβλδ,
1113 1901 1170 1968 Ἐκ
1186 1909 1303 1988 καρποῦ
1314 1911 1370 1986 τῆς
1382 1932 1442 1970 τοι·

296 2009 361 2082 λίας
381 2027 436 2070 σου
456 2005 589 2088 θήσομαι
612 2007 661 2070 ἐπί
683 2013 736 2070 τοῦ
757 2004 874 2090 θρόνου
896 2026 960 2070 σου.

170 2135 236 2202 359,
251 2133 281 2201 γη,
385 2109 476 2172 Δέδια
495 2107 526 2172 δὲ
543 2105 614 2172 καθ’
627 2104 751 2188 ἒκόστην
767 2104 916 2172 ύπόθεσιν
931 2107 1043 2184 λέξεως,
1066 2101 1106 2182 τός
1120 2103 1229 2188 ταύτην
1238 2104 1294 2188 τήν
1309 2103 1446 2190 ύπόμνη-

298 2229 345 2273 σιν
362 2215 520 2292 ποιοῦμαι,
546 2207 768 2292 παρακινούσης
791 2233 827 2292 με
850 2215 903 2290 τῆς
925 2204 1064 2290 ύληθείας
1089 2204 1141 2282 τίς
1166 2209 1198 2272 ἐν
1222 2205 1295 2297 αύτῇ
1313 2215 1350 2297 τῇ
1371 2211 1445 2286 λέξει

298 2313 429 2393 θεωρίας
447 2307 634 2390 ῦποιμαίνειν,
657 2308 707 2374 διὰ
724 2307 757 2375 τό
775 2309 815 2393 μή
832 2297 908 2375 πσίύ
926 2307 1035 2385 πλότος
1052 2307 1303 2392 περιποιήσασθαι
1320 2315 1358 2398 τῇ
1374 2331 1444 2376 συν-

298 2409 375 2488 τίξει
392 2418 446 2494 τῆς
459 2411 628 2497 διηγήσεως.
676 2417 736 2477 Τοῦ
751 2410 807 2497 γδρ
824 2415 931 2495 κυρίου
946 2408 1096 2492 φήσαντος
1110 2416 1151 2498 τῷ
1165 2411 1277 2493 Δαβλδ,
1303 2408 1356 2476 Ἐκ
1371 2439 1445 2496 καρ-

299 2519 361 2577 ποῦ
376 2519 429 2595 τῆς
451 2517 561 2589 κοιλίας
584 2534 640 2578 σου
658 2510 792 2596 θήσομαι
813 2514 863 2578 ἐπλ
879 2519 933 2578 τοῦ
954 2509 1069 2596 θρόνου
1086 2532 1158 2590 σου,
1187 2513 1237 2578 καί
1254 2509 1287 2576 τό
1294 2561 1304 2591 ,
1326 2509 1445 2596 Ὦμοσε

299 2612 403 2699 κύριος
420 2621 461 2703 τῷ
481 2617 594 2698 Δαβλδ,
623 2617 674 2680 καί
698 2612 734 2680 ού
757 2612 1038 2698 μεταμεληθήσεται,
1068 2617 1156 2695 δῆλον
1183 2609 1225 2688 οἷς
1246 2609 1268 2696 ή
1289 2621 1345 2680 τοῦ
1367 2623 1445 2682 θεοῦ

301 2712 482 2798 δμετιίθετός
496 2717 573 2782 ἐστιν
588 2718 757 2802 ἐπαγγελία,
788 2717 838 2780 καί
853 2721 970 2800 πρῶτον
988 2716 1041 2798 μὲν
1057 2713 1102 2780 ὅτι
1122 2713 1214 2800 ὅρκος
1231 2714 1313 2800 παρέ
1331 2724 1398 2806 θεῷ
1418 2721 1446 2782 τί

302 2817 380 2880 ἐστιν
401 2813 458 2880 ἄλλ’
474 2815 495 2900 ή
513 2815 574 2891 ὅτι,
606 2817 679 2882 Κατ’
693 2821 821 2900 ἐμαυτοῦ
839 2815 955 2900 ι’ίμοσα,
975 2818 1049 2902 λέγει
1063 2814 1184 2900 τύριοςς
1229 2812 1275 2880 Ού
1291 2814 1349 2902 γδρ
1370 2819 1447 2884 mu*

302 2921 432 2999 μείζονος
449 2920 504 3001 ἐχει
519 2917 610 3004 ῦρκον
627 2916 709 2995 θεός.
752 2916 840 2984 Ἀλλύ
856 2915 925 2983 ούδέ
940 2916 1046 3000 ὄμνυσι
1066 2916 1099 2983 τό
1114 2926 1215 2997 θεῖον,
1235 2920 1278 2994 είς
1294 2918 1446 3004 παράστα-

302 3040 349 3083 σιν
364 3020 396 3084 δλ
416 3017 601 3102 βεβαιώσεως
623 3017 641 3085 o‘
662 3019 749 3106 λόγος
767 3021 825 3103 ἐγει
841 3017 896 3103 τήν
912 3018 1055 3101 δύναμιν,
1081 3016 1148 3102 μεθ’
1162 3017 1254 3104 ῦρκου
1273 3016 1330 3104 γύρ
1348 3017 1448 3102 ῦμοσε

302 3118 407 3202 κύριος
420 3127 461 3208 τῷ
477 3123 577 3202 Δαβλδ
593 3123 632 3186 ἐκ
639 3128 758 3208 καρποῦ
774 3129 827 3204 τῆς
840 3124 953 3197 κοιλίας
966 3120 1070 3204 θήσειν
1085 3123 1134 3186 ἐπί
1149 3119 1202 3186 τόν
1215 3118 1329 3205 θρόνον
1343 3118 1446 3190 αύτοῦ.

304 3227 501 3305 Μαριοροῦσι
515 3223 548 3286 δέ
563 3226 595 3287 οί
606 3219 765 3288 αίπδστολοι
780 3221 825 3288 ῦτι
842 3224 875 3288 ἐκ
891 3223 1055 3306 σπίρματος
1068 3223 1166 3303 Δαβίδ
1184 3224 1240 3287 ίδει
1253 3219 1307 3287 τόν
1317 3225 1450 3308 Χριστόν

303 3327 498 3406 γεννηθῆναι,
521 3321 615 3409 ῦςπερ
634 3317 690 3390 οῦν
702 3326 755 3390 καλ
774 3321 920 3409 ἐγεννήθη
934 3321 953 3389 ό
966 3321 1068 3409 κύριος
1082 3321 1166 3408 ήμῦν
1179 3320 1295 3406 Ἰησοῦς
1309 3327 1448 3410 Χριστός.

306 3423 439 3508 Παρήσω
454 3425 487 3490 δέ
500 3422 534 3490 τό
550 3431 669 3508 πλῆθος
683 3432 743 3491 τῶν
756 3432 933 3510 μαρτυριῦν,
954 3429 1004 3490 ίνα
1020 3423 1061 3508 μή
1073 3427 1115 3500 είς
1129 3423 1224 3490 πολύν
1240 3423 1330 3509 ῦγιιον
1345 3424 1448 3515 ἆγάγω

302 3523 352 3590 τόν
370 3524 473 3610 λόγον,
495 3523 537 3601 ῦς
549 3551 581 3612 γε
597 3536 748 3610 προεῖπον.
791 3531 885 3592 Είποι
901 3523 928 3590 δ’
943 3523 981 3591 ίίν
995 3551 1040 3602 τις
1057 3530 1143 3605 ίσως,
1164 3533 1219 3592 τοῦ
1236 3533 1368 3612 Χριστοῦ
1384 3556 1448 3616 γεν-

303 3629 448 3709 νηθίντος
465 3630 498 3693 ἐκ
514 3630 680 3710 σπέρματος
695 3631 793 3712 Δαβλδ
812 3626 887 3694 κωτδ
909 3624 1019 3712 σάρκα,
1041 3629 1187 3692 τουτέστιν
1208 3624 1266 3693 dud
1287 3635 1341 3711 τῆς
1361 3627 1449 3716 ἇγίας

302 3730 458 3812 παρθένου
471 3733 608 3811 Μαρίας,
630 3733 686 3794 τίνι
701 3737 742 3817 τῷ
757 3727 834 3818 λόγῳ
850 3730 900 3795 ἐπί
914 3735 967 3794 τοῦ
980 3727 1097 3813 θρόνου
1112 3731 1212 3812 Δαβίδ
1229 3727 1267 3796 ου’
1282 3732 1449 3810 καθίζεται.

297 3820 411 3895 Ἠλθον
424 3828 490 3916 γύρ,
513 3831 587 3911 φησί
600 3827 632 3895 τό
652 3827 832 3915 εύαγγέλιου,
853 3839 950 3915 χρῖσαι
965 3827 1055 3895 αύτόν
1070 3833 1112 3908 είς
1129 3832 1264 3913 βασιλέα,
1285 3835 1338 3898 καί
1358 3835 1449 3918 γνούς

302 3929 481 4014 ύνεγοίρησε,
503 3933 553 3996 καί
571 3929 681 4014 ἐκρύβη
699 3934 731 3997 ἐν
745 3929 881 4017 Ἐφραίμ
894 3929 978 3997 πόλει
994 3939 1047 4014 τῆς
1059 3931 1181 4016 ἐρήμου.
1226 3932 1407 4013 Φθύσαντες
1417 3939 1449 4004 δὲ

301 4028 386 4115 ήμεῖς
402 4035 449 4098 ἐπί
465 4031 517 4099 τόν
531 4030 624 4098 τόπον
641 4039 694 4098 τοῦ
710 4037 801 4116 ῥητοῦ
816 4033 938 4112 τούτου,
959 4037 1009 4099 καί
1024 4032 1206 4116 ἐρωτώμενοι
1219 4036 1287 4119 περί
1301 4041 1358 4120 τῆς
1374 4065 1447 4122 μαρ.
1492 4027 1493 4053 ί

300 4139 402 4219 τυρίας
418 4132 525 4217 ταύτης
538 4137 588 4200 καί
603 4141 656 4216 τῆς
670 4132 858 4214 ῦποθέσεως,
880 4133 927 4201 ότι
943 4139 1001 4200 τίνι
1019 4142 1058 4224 τῷ
1073 4133 1150 4224 λόγῳ
1164 4133 1239 4200 κατιί
1254 4135 1288 4201 τό
1303 4139 1447 4224 σαρκικδν

181 4272 232 4317 μς.
248 4231 342 4307 ιιεού
363 4235 548 4320 πεπλήρωται
575 4237 644 4302 Ῑέπί
666 4235 717 4302 τόν
733 4244 850 4324 σωτῆρα
867 4235 900 4302 τό
918 4241 1042 4303 καθίσαι
1064 4237 1113 4304 ἐπί
1136 4235 1188 4304 τόν
1209 4235 1323 4324 θρόνον
1339 4245 1447 4324 Δαβίδ.
1491 4265 1492 4315 ν

352 4473 412 4522 (λιι.
428 4475 458 4522 ΙΙ.
483 4503 516 4514 -
553 4478 575 4528 λ.
593 4479 705 4540 Suspicor
717 4475 775 4543 περὶ
790 4475 832 4532 τίν
848 4477 959 4546 συνήβαμ
