3018 4994
289 273 350 336 414
713 279 833 334 ειιιοτι
851 282 1019 336 mmmm

290 423 434 482 τοσαυτης
445 396 642 484 ληρωδίας
622 395 674 464 απ’
688 395 780 480 αὐτῆς
795 399 876 464 δέ
839 424 892 482 της
906 397 1133 476 ὑποθέσεως
1092 426 1151 466 των
1164 398 1230 486 παρ’
1245 397 1349 478 αάτοῖς
1362 408 1486 488 λεγο-

291 499 437 585 μένωυ
403 528 456 584 την
474 499 643 587 ἀνατροπὴν
658 505 771 568 τίσεται.
813 496 1046 588 Ἑλέγχονται
1010 529 1065 588 γαρ
1083 494 1168 568 οὗτοι
1184 503 1355 570 παντάπασι
1371 499 1433 568 καθ’

291 607 403 670 έαυτῶν
424 601 605 688 όπλιζόμενοι
625 603 663 671 τά
683 605 783 690 ψεύδη
807 613 859 689 τῆς
878 602 976 672 αιίτῶν
993 610 1214 686 ματαιοπονίας
1261 604 1368 673 Πόθεν
1384 603 1432 691 γάρ

290 703 360 789 υμῖν
367 757 376 786 ,
405 699 429 772 ιδ
446 700 529 774 οὗτοι
549 713 728 791 Πτολεμαῖοί
743 734 773 774 τε
790 711 841 774 καί
861 714 1056 790 Πτολεμαῐαι,
1085 715 1139 774 τοῦ
1158 715 1266 774 Βυθοῦ
1285 736 1321 774 τα
1312 707 1432 793 μέτρα,

291 810 342 875 καί
358 812 391 873 αἱ
403 809 541 891 μαιιόσεις
554 815 612 876 τῶν
623 817 748 877 τοκετῶν
763 813 813 876 καλ
831 818 1006 896 γεννητικῶν
1022 807 1197 878 ὑποθέσεων
1212 808 1233 894 ἦ
1246 819 1367 897 γνῶσιςς
1387 807 1434 886 Ὡς

290 911 345 998 γάρ
360 910 502 998 παρόντες
516 915 637 980 παλτῶν
652 916 836 998 ἐπουρανίων
849 911 901 989 τάς
914 911 1019 995 φάσεις
1032 911 1221 995 θεασάμενοι,
1236 910 1342 989 καλῶς
1356 909 1434 978 αότσί

290 1013 429 1100 προόντες
443 1022 498 1080 τοῦ
512 1013 581 1100 παρ’
600 1013 707 1098 3δμῶν
722 1023 829 1082 Βυθοῶ
844 1017 1044 1098 καλουμένου,
1066 1017 1276 1100 έπαγγέλλεσθε
1293 1014 1346 1098 την
1363 1019 1434 1096 είδη

290 1139 337 1182 σιν
352 1115 423 1200 ημῖν
441 1115 664 1197 δποδειιιυόναι,
694 1116 816 1194 οδδευδς
832 1116 953 1184 πῶποτε
968 1124 1028 1183 τῶν
1043 1125 1206 1204 προφητῶν
1219 1126 1308 1184 τοῦτο
1325 1115 1434 1202 είρηκί·

289 1245 348 1300 τος,
370 1217 426 1286 οδκ
442 1218 533 1286 αὐτοῦ
550 1223 718 1300 Μωῦσέως,
740 1219 776 1288 06
794 1227 854 1288 τῶν
868 1219 926 1304 πρό
944 1217 1048 1298 αὐτοῦ,
1070 1217 1107 1286 06
1123 1227 1181 1285 τῶν
1196 1218 1255 1303 μετ’
1270 1217 1380 1299 αὐτόν,
1401 1216 1433 1283 ον’

290 1328 349 1388 τῶν
361 1319 577 1408 εῶαγγιλιστῶν,
600 1321 637 1388 ⁰6
650 1329 708 1390 τῶν
724 1320 903 1390 άποστόλων.
948 1325 990 1388 El
1001 1320 1042 1404 μη
1056 1319 1114 1407 άρα
1127 1321 1162 1387 τά
1177 1321 1339 1406 ἐθνόμυθα
1354 1319 1432 1401 ποτέ,

291 1451 368 1506 ματα
383 1427 478 1502 είποις
491 1433 551 1490 τῶν
565 1426 632 1510 περί
644 1422 754 1511 Ὀρφέα
768 1451 797 1490 τε
809 1427 861 1490 καλ
873 1421 1009 1491 Ἡσίοδον
1024 1427 1075 1491 καὶ
1092 1429 1288 1512 Στησίχορον,
1311 1421 1381 1508 παρ’
1396 1419 1434 1496 οἷς

289 1531 323 1593 αί
336 1535 395 1594 τῶν
412 1525 583 1614 άνθροίπων
597 1528 693 1612 γεηεαλ
708 1527 947 1610 μετεποιήθησαν
964 1529 1007 1604 εἰς
1022 1535 1104 1594 θεῶν
1120 1531 1307 1610 ἐπωνυμίας,
1337 1528 1390 1592 καί
1403 1522 1433 1589 τά

290 1634 321 1696 ἐν
341 1629 514 1717 ἀνθρώποις
530 1632 711 1712 τετελεσμένα
729 1637 888 1714 ποιητικῶς
907 1629 1181 1715 ἐδραματονργὴθη.
1225 1627 1369 1696 Κάκεῑνοι
1384 1627 1433 1714 γάρ

292 1731 385 1810 οὕτως
401 1731 553 1816 ἐνόμισαν,
582 1731 787 1808 ἐκθειάσαντες
804 1731 874 1808 ταδς
889 1733 957 1817 περὶ
974 1737 1033 1797 Δία
1048 1734 1100 1797 καί
1115 1729 1196 1797 Ῥέαν
1212 1730 1374 1816 καίἭραν
1389 1731 1433 1796 καί

290 1831 421 1959 Ἀθηυᾶυ
436 1862 486 1901 και
476 1832 665 1900 Ἀπόλλωνα
678 1837 730 1900 καλ
742 1832 929 1920 Ἀφροδίτην,
951 1837 1001 1900 καί
1015 1831 1068 1909 τάς
1082 1832 1194 1900 τούτων
1207 1838 1315 1910 κακίας
1329 1831 1432 1956 4γονάς

236 2002 237 2015 ,
289 1937 474 2021 τιμήσαντες,
506 1940 548 2013 είς
568 1942 732 2062 φαντασίαν
752 1943 916 2014 πολυθεδας
936 1963 987 2003 και
976 1935 1288 2024 είδωλολατρείας
1256 1963 1311 2002 τον
1326 1935 1431 2018 κόσμον

289 2042 435 2123 ἐνέβαλον.
478 2037 561 2104 Ἀλλά
580 2037 680 2105 οὐκέτι
695 2066 745 2123 μοι
764 2038 855 2122 πολλη
870 2067 914 2116 τις
928 2044 1007 2124 χρεία
1022 2061 1170 2124 γενησεται
1187 2037 1279 2114 εἰς’
1242 2065 1299 2122 την
1312 2058 1384 2117 σον,
1410 2029 1432 2100 6

292 2148 468 2225 Πτολεμαῖε,
491 2139 661 2228 άνατροπήν
674 2167 704 2206 τε
716 2168 767 2207 και
756 2143 909 2228 ἔλεγχον,
930 2143 981 2207 καί
995 2147 1054 2208 τῶν
1068 2140 1143 2208 κατά
1158 2163 1206 2222 σε,
1228 2139 1287 2226 ἤδη
1303 2145 1430 2208 τῶντῶν

289 2243 483 2371 προπατόρων
504 2242 556 2309 τόν
579 2246 729 2329 ἐλεγχον
716 2251 824 2320 ικανῶς
845 2242 1016 2326 εἰληφότων
1060 2243 1120 2309 Aa&
1140 2251 1199 2310 τῶν
1219 2245 1429 2329 προειρημένων

167 2375 218 2424 ραι
230 2361 275 2404 ²²⁴·
290 2373 343 2430 την
361 2345 436 2413 κατά
451 2369 506 2412 σου
521 2344 662 2428 αίσχόνην
678 2345 894 2430 συστησάμενος
910 2343 1076 2428 διέξειμι
1042 2373 1096 2468 τγγυ
1111 2352 1171 2412 τῶν
1188 2347 1295 2430 ἑτέρων
1312 2344 1427 2428 πλάνην,

288 2448 361 2516 θεόν
378 2447 607 2531 ἐπικαλούμενος
624 2451 835 2534 ἐπίκουρον
800 2475 852 2531 της
869 2445 952 2532 ημῶν
969 2446 1170 2534 μετριότητος,
1195 2447 1278 2525 ὅπως
1295 2447 1350 2532 τήν
1366 2443 1426 2530 παρ’
1485 2503 1486 2528 ,

289 2551 398 2640 ἐκάστφ
419 2553 499 2618 ἐθνει
519 2556 620 2626 κακῶς
640 2551 868 2634 ἐπινενοημένην
889 2548 1035 2618 α’πόθεσιν
1055 2549 1187 2636 φωράσω
1207 2576 1238 2616 τε
1256 2579 1308 2617 και
1326 2560 1426 2671 θριαρ-
1485 2601 1486 2628 ,

288 2617 399 2737 βεόσιό,
431 2655 481 2720 ἐπλ
507 2660 543 2743 τῇ
565 2647 720 2741 ἐπαγγελίᾳ
748 2660 801 2735 τῆς
820 2655 954 2736 σπουδῆς
974 2649 1054 2738 παρά
1081 2660 1158 2718 θεοῦ
1180 2649 1409 2736 αίτοτίμενος
1380 2679 1426 2733 την
1485 2691 1486 2758 ρ

286 2755 377 2845 χάριν.
1485 2771 1486 2804 ι

1485 2991 1486 3030 ι

151 3073 217 3139 Κεφ.
235 3063 268 3124 θ’.
359 3061 427 3128 Ἵνα
446 3062 478 3127 δέ
496 3060 537 3144 μη
554 3059 735 3144 άβασάνιστα
751 3053 772 3151 ᾖ
789 3057 825 3126 τά
841 3065 906 3146 τρία
923 3081 978 3126 σου
993 3064 1130 3140 λεξείδια,
1162 3057 1237 3143 δίδη
1255 3059 1333 3147 πρός
1350 3058 1423 3125 Φλά·

285 3191 341 3249 ραν
360 3162 393 3229 τά
415 3163 538 3250 γόναιον
558 3165 731 3230 ἐπιστέλλων
749 3161 923 3246 έκομπάσω,
953 3155 1173 3247 ῶΠτολεμαῖε,
1194 3201 1237 3214 -
1266 3160 1314 3228 άεί
1329 3161 1426 3248 γάραί
1485 3153 1486 3178 ’

285 3264 425 3349 α’φιοίδεις
436 3270 617 3333 διδασκαλίαι
630 3263 805 3352 γυναικάρια
816 3266 1016 3352 σεσωρευμένα
1029 3262 1184 3351 άμαρτίαις
1197 3263 1341 3344 άπατοῖσι,
1355 3259 1422 3328 κατά

175 3388 179 3396 ’
284 3368 336 3434 τόν
356 3375 410 3434 τοῦ
428 3365 592 3434 άποστόλου
613 3366 715 3453 λόγον,
738 3405 779 3420 -
809 3370 860 3434 καί
879 3365 971 3442 αὐτάς
988 3364 1026 3451 δὴ
1045 3365 1097 3444 τάς
1113 3369 1201 3444 λέξεις
1223 3370 1366 3452 ικαιρίως
1383 3365 1423 3429 έν·
1485 3367 1486 3434 ξ

285 3477 383 3536 ταῦθα
397 3469 624 3556 παραθήσομαι,
646 3471 696 3534 καί
711 3469 766 3553 την
782 3469 879 3536 αὐτῶν
895 3467 1077 3558 άνατροπην,
1100 3467 1264 3555 άναγκαίαν
1281 3461 1369 3536 οὖσαν
1385 3467 1424 3540 τίς

285 3571 317 3640 τό
334 3570 375 3656 μη
391 3579 623 3656 καταλειφθῆναι
640 3574 721 3655 βίζαν
733 3579 787 3656 τῆς
802 3570 989 3650 ζτζανιῶδους
1002 3593 1056 3638 σου
1075 3579 1203 3656 σπορᾶς,
1225 3572 1294 3654 ἑξῆς
1309 3567 1422 3636 άκολοό-
1485 3567 1486 3570 “

285 3685 350 3752 θως
364 3673 534 3758 ποιήσομαι.
580 3671 709 3750 Φάσιιεις
723 3671 796 3759 γάρ,
818 3665 843 3738 ῶ
859 3665 961 3754 οὗτος,
982 3671 1034 3739 τόν
1048 3671 1143 3755 νόμον
1157 3680 1239 3759 τριχῆ
1256 3677 1420 3764 διῃρῆσθαι,

284 3779 335 3843 καί
355 3777 388 3843 τό
411 3777 463 3860 μὲν
484 3779 558 3860 ἐχειν
578 3803 606 3842 τι
627 3778 659 3842 έκ
681 3780 734 3842 τοῦ
752 3781 841 3856 θεοῦ,
869 3773 902 3842 τό
921 3776 953 3842 δέ
970 3779 1003 3841 έκ
1019 3775 1192 3854 Μωῦσέως,
1222 3773 1256 3842 τό
1274 3777 1306 3842 δέ
1322 3777 1351 3841 ἐι
1366 3777 1421 3838 τῶν
1485 3777 1486 3838 λ

285 3881 497 3966 πρεσβυτέρων.
543 3881 603 3943 Καί
619 3877 665 3943 ότι
682 3879 733 3960 μὲν
749 3879 782 3944 ἐκ
793 3884 853 3943 τῶν
867 3879 1073 3964 πρεσβυτέρων
1089 3881 1144 3944 οίει
1160 3879 1356 3964 γεγραμμένον
1370 3872 1421 3939 οδε

283 3984 355 4066 ἔχεις
366 3987 427 4048 ποῦ
441 3979 608 4058 άπσδεῖξαι,
630 3978 717 4046 τοῦτο’
733 3983 793 4046 ἐστι
804 3983 901 4062 δῆλον.
947 3977 1089 4062 Οόδαμοῦ
1103 3977 1158 4066 γάρ
1172 3981 1204 4046 ἐν
1217 3978 1301 4070 νόμφ
1318 3977 1419 4060 ίέμφέ·

283 4106 384 4169 ρονται
396 4086 430 4148 αί
440 4090 499 4150 τῶν
513 4083 717 4170 πρεσβυτέρων
730 4081 916 4169 παραδόσεις.
950 4079 1033 4146 Ἀλλά
1047 4079 1163 4168 άγνσῶν
1176 4084 1229 4149 καί
1243 4079 1295 4157 τάς
1306 4082 1418 4164 βίβλους

281 4185 331 4250 καί
350 4183 403 4268 τὴν
421 4183 565 4268 άληθειαν
583 4183 714 4274 φαντάζη
735 4191 946 4266 συκοφαντῶν,
974 4188 1026 4249 καί
1043 4182 1097 4260 τάς
1114 4181 1296 4260 άκολουθίας
1311 4179 1417 4266 α’γνοῶν
1485 4171 1486 4232 ἶ

283 4286 405 4369 έκοίστης
418 4283 561 4373 άκριβοῦς
575 4285 720 4370 είδήσεως.
751 4289 796 4353 At
805 4285 861 4374 γάρ
874 4284 1053 4374 παραδόσεις
1063 4293 1122 4354 τῶν
1135 4286 1336 4373 πρεσβυτέρων
1348 4289 1416 4347 Δεν-
1485 4311 1486 4378 3

314 4438 371 4496 3.
357 4446 416 4527 υμῖν
430 4446 481 4495 ενδ.
496 4447 569 4496 νοτία.
904 4443 963 4495 θεν.
974 4445 1059 4496 ΙΧ.-
1075 4443 1096 4497 1.
1108 4441 1214 4511 καιρίως
1226 4445 1274 4495 m
1285 4443 1353 4493 Υαθε.
1377 4455 1414 4490 κν·

314 4506 433 4578 λεπτάς
450 4513 517 4563 codd.
531 4513 628 4576 Mla
644 4513 760 4565 ιιΡατιι.
871 4511 932 4578 ρλως
947 4515 1000 4566 libri
1014 4514 1079 4566 ιδλλλ.
