3036 4998
357 313 491 363 ranaun
510 313 604 365 1.tn.1.
622 311 702 364 rou.
717 313 745 362 n.
767 314 862 364 itanu.
879 315 979 364 xxxi.
1180 305 1237 368 aut

93 431 177 496 bala:
202 427 372 516 Carpistes,
397 429 592 509 dorotheus,
618 427 832 510 Charisterius,
857 433 1006 518 Aphetus,
1031 431 1237 520 Metagogeus.

92 530 130 596 lti
154 530 367 598 Mediocritatis
390 534 439 596 iiiii
461 535 557 598 voeati
580 544 658 597 sunt.
704 531 798 596 Velim
822 545 957 598 autema
980 536 1062 599 vohis
1085 539 1235 620 cognosci,

92 637 231 722 Ampsiu,
256 637 376 714 Aureo,
402 633 515 715 Corona,
541 634 689 715 Thardus,
713 633 846 715 Ubuoua,
871 635 1072 717 Thardeddin,
1096 637 1235 719 Merena,

91 741 184 817 Atar,
217 737 330 818 barba,
364 735 480 818 Uduoa,
512 734 638 818 Ceston,
669 735 807 817 Udnach,
831 737 940 818 Eslen,
965 739 1096 824 Anaphe,
1120 740 1236 807 Nassu-

89 861 175 918 meo,
208 838 362 920 Uanaoio,
397 837 591 918 Lametarde‚
624 841 889 920 Athamessumen,
923 841 1044 921 Adora,
1079 839 1233 925 Cobiatha,

87 940 250 1021 Naddaria,
275 941 409 1022 Damma,
435 939 528 1021 Oreo,
552 940 721 1027 Lanapheo,
747 939 934 1028 Udanpheoh,
954 941 1233 1029 Empho’e'thihoohe,

90 1041 204 1126 Barra,
228 1046 408 1125 Assiuaohe,
433 1043 544 1124 ibelim,
568 1041 784 1124 Dexariehem,
808 1042 935 1110 Masem.

223 1181 402 1233 HACTENUS
420 1181 468 1232 EX
486 1181 638 1232 ILLORUM
655 1182 761 1232 Ltttttts
779 1183 821 1232 EA
840 1181 1102 1234 unrnomrstutus

174 1450 333 1518 Praeterea
351 1455 381 1517 in
397 1454 534 1540 Aegypto
552 1475 666 1538 quoque
683 1456 815 1540 dogmata
832 1453 879 1518 illa
896 1475 947 1518 sua
965 1457 1145 1540 propagavit.
1183 1456 1233 1522 Ex
1253 1465 1373 1534 espvn.

87 1577 146 1640 quo
170 1565 317 1641 tempore,
350 1557 393 1622 sio
416 1569 550 1640 tanquam
576 1557 774 1642 viperinarum
795 1556 903 1620 ossium
928 1556 1067 1641 reliquiae
1095 1561 1232 1642 quaedam

85 1657 146 1720 ittto
168 1658 281 1722 semina
300 1659 378 1724 iliius
400 1659 502 1723 aeliota
524 1670 610 1738 sont,
637 1659 808 1744 praesertim
828 1659 856 1722 in
875 1658 1069 1738 Athribitide,
1094 1657 1232 1746 Prosopi-

86 1761 163 1839 tiae,
188 1759 377 1826 Arsenoitide
393 1783 427 1825 ao
449 1759 600 1825 Thebaide
617 1759 822 1839 Praefectura,
854 1781 908 1823 nee
925 1781 984 1823 non
1001 1761 1029 1824 in
1048 1762 1178 1826 inferiori
1197 1785 1232 1827 ao

85 1863 232 1928 maritima
259 1863 390 1949 adeoque
414 1865 615 1928 Alexandrina
643 1864 775 1947 regione.
825 1861 993 1946 Quinetiam
1017 1861 1141 1929 Romam
1166 1887 1233 1950 pro·

85 1967 183 2029 foetos
198 1985 330 2028 errorem
346 1987 429 2030 suum
448 1965 477 2029 iu
496 1987 530 2028 ea
546 1965 616 2030 urbe
633 1965 795 2050 dissiparit.
842 1963 901 2028 Sed
919 1966 954 2028 ad
972 1960 1101 2050 Cyprum
1120 1968 1231 2032 delatus

85 2067 154 2130 hdei
180 2069 379 2152 naufragium,
414 2069 493 2132 velut
518 2069 648 2152 eorporis
677 2068 812 2147 iecisset,
844 2067 949 2130 ibidem
976 2087 1079 2151 passus
1105 2069 1230 2134 animum

86 2171 208 2234 omnino
226 2170 406 2255 depravavit.
453 2166 600 2253 Siquidem
619 2169 757 2234 haetenus
774 2180 884 2254 partem
901 2168 1017 2254 pietatis
1031 2170 1154 2254 aliquam
1171 2171 1232 2236 siu-

85 2293 233 2357 eeraeque
255 2273 321 2336 fidei
343 2273 471 2336 retinere
493 2273 549 2335 iliis
571 2273 600 2335 iu
622 2272 694 2335 loeis
716 2271 878 2336 ridebatur.
924 2267 958 2333 ln
981 2267 1080 2356 Cypro
1103 2293 1174 2337 vero
1196 2275 1230 2337 ad

84 2385 252 2439 extremum
270 2373 424 2460 impietatis
442 2375 592 2459 prolapsus
610 2385 673 2453 est,
704 2394 794 2458 seque
812 2373 921 2438 ineam
938 2394 1021 2458 qnam
1039 2385 1136 2439 tuetur
1152 2376 1231 2460 dagi-

83 2475 192 2540 tiorum
216 2476 395 2561 disciplinam
417 2476 503 2541 altius
524 2477 676 2540 immersit.

171 2575 229 2642 Est
250 2587 345 2642 antem
369 2579 440 2642 haee
464 2579 577 2643 illorum
596 2579 709 2665 opinio:
735 2576 830 2642 iesum
849 2575 997 2644 Christum
1015 2580 1160 2644 dominum
1179 2603 1232 2646 no-

83 2691 180 2744 strum
196 2681 374 2745 salvatorem
388 2703 453 2746 esse
469 2682 510 2746 nti
526 2681 664 2760 diximus,
683 2702 717 2744 ao
735 2677 882 2744 Christum
901 2693 930 2746 et
947 2680 1088 2764 Verbum,
1108 2705 1142 2747 ae
1156 2681 1231 2748 Tra-

83 2783 255 2862 duotorem,
280 2795 310 2848 et
324 2780 485 2848 Finitorem
501 2805 534 2848 ao
552 2783 735 2848 Terminum.
780 2781 913 2848 Eundem
930 2807 1034 2872 eorpus
1049 2805 1065 2850 e
1082 2786 1165 2850 ooeio
1182 2789 1231 2850 de·

82 2885 192 2949 tulisse
213 2907 260 2964 ao,
285 2897 417 2969 tanquam
438 2907 512 2970 aqna
533 2907 586 2971 per
602 2886 739 2965 fistulam,
763 2886 806 2949 sio
824 2885 904 2951 iilum
924 2909 977 2972 per
994 2885 1118 2951 Mariam
1136 2898 1231 2952 trans·

80 2985 159 3052 iisse
185 2986 345 3072 virginem,
378 3009 472 3072 neque
500 2989 650 3073 quiequam
675 3008 714 3050 ex
736 2988 799 3052 eius
823 2999 907 3053 utero
930 2991 1106 3075 sumpsisse,
1138 2991 1188 3053 sed
1213 3011 1230 3053 e

79 3091 170 3154 coeio
187 3091 314 3155 traxisse
332 3111 450 3175 oorpns.
494 3087 600 3175 Neque
618 3111 688 3154 vero
703 3091 825 3175 primum
839 3091 918 3154 iilam
934 3089 1063 3155 Verbum
1080 3112 1147 3156 esse
1163 3113 1231 3155 een-

79 3203 171 3272 sent,
196 3213 290 3276 neque
306 3191 470 3278 proximum
487 3192 522 3256 ab
538 3214 573 3257 eo
591 3189 756 3271 Christum,
780 3193 872 3276 quiin
888 3194 971 3258 ooeio
988 3214 1140 3279 supremus
1155 3195 1232 3258 inter

79 3297 210 3359 Aeones
228 3295 355 3375 residet,
379 3295 430 3358 sed
452 3295 515 3359 eius
536 3295 619 3358 unius
638 3315 742 3359 oaussa
761 3297 945 3378 productum,
973 3307 1005 3359 ut
1023 3296 1051 3359 io
1070 3308 1164 3360 terras
1182 3298 1232 3360 de·

78 3399 188 3483 lapsus
202 3397 333 3482 spiritale
348 3417 454 3481 genus,
478 3398 553 3482 quod
569 3419 585 3460 e
602 3397 683 3460 ooeio
699 3397 781 3460 duxit
797 3395 950 3479 originem,
968 3397 1115 3460 liberaret.
1149 3394 1232 3461 Mor·

78 3509 206 3562 tuorum
222 3498 468 3562 resurreetionem
485 3499 666 3580 inhoiantnrq
698 3499 733 3563 de
750 3519 805 3583 qua
821 3498 970 3562 ridiculam
989 3500 1130 3582 quandam
1150 3500 1233 3563 ishu-

76 3601 145 3664 lam
165 3609 285 3679 texunt,
310 3621 368 3664 uon
384 3601 438 3664 hoo
452 3601 544 3687 ipsum
560 3621 715 3684 resurgere
731 3621 848 3685 eorpus,
871 3601 923 3664 sed
940 3600 1062 3666 alterum
1076 3623 1115 3665 ex
1130 3602 1231 3665 eodem

74 3713 202 3782 ortum,
225 3702 301 3787 quod
319 3702 449 3788 spiritale
465 3712 649 3788 rumeupant3
674 3723 767 3786 neque
786 3713 881 3766 tamen
897 3701 1041 3781 omnium,
1065 3705 1115 3766 sed
1131 3725 1232 3767 eorum

74 3805 231 3870 duntaxat
245 3826 318 3889 quos
332 3804 372 3869 iiii
387 3805 533 3890 spiritales
550 3815 732 3888 ranneupaut,
754 3816 840 3889 atque
857 3825 958 3869 eorum
975 3805 1062 3868 etiam
1080 3827 1151 3888 quos
1169 3806 1232 3869 aui·

72 3907 178 3972 males
192 3917 317 3985 vorant,
342 3907 494 3971 dummodo
508 3907 585 3972 inste
601 3906 778 3991 honesteque
799 3927 832 3970 se
854 3917 968 3992 gerant.
1016 3902 1160 3986 Ceteros,
1184 3906 1231 3991 qui

71 4006 259 4074 Materiales
283 4008 319 4072 ab
343 4007 397 4090 iis,
431 4020 461 4073 et
483 4030 549 4074 oona
572 4031 660 4074 earne
678 4008 826 4090 oonereti,
859 4031 892 4073 ao
911 4009 1019 4074 terreni
1039 4009 1230 4096 appodiantur,

112 4197 165 4252 33.
181 4200 284 4264 boppo&
298 4199 349 4249 ond
357 4199 454 4262 Rhodio.
475 4193 570 4265 dampni
580 4199 647 4248 codd.
713 4197 754 4252 37.
774 4213 851 4264 μασιν
868 4198 919 4247 ond.
937 4197 991 4246 Van.

74 4269 141 4318 Vm.
172 4268 245 4316 rouo.
712 4267 753 4318 38.
771 4263 847 4316 ΤΩΝ
862 4279 907 4314 om.
921 4267 988 4315 codd.
1005 4265 1059 4314 Ver.
1074 4266 1234 4328 dtbedip.,bn·

110 4329 164 4388 34.
184 4335 301 4402 ουδινφεκ
317 4335 369 4384 eod.
384 4335 439 4384 Vm.
679 4338 715 4384 bet
730 4335 803 4384 Vetto.
830 4335 857 4383 da
871 4334 925 4382 edit.
938 4335 1012 4395 prime
1028 4335 1173 4383 modernae
1187 4338 1235 4383 toto

111 4403 162 4454 35.
183 4399 312 4472 dspetpoqe
335 4403 387 4452 eod.
407 4404 463 4453 Vm.
506 4399 648 4470 itptbtpoqe
680 4403 826 4462 subscriptio.

71 4473 134 4525 coa.
152 4469 254 4532 Rtedtp.
716 4467 776 4518 car.
788 4469 841 4518 vu.
854 4495 887 4506 -
907 4467 930 4517 1.
950 4470 1023 4530 vntpo
1039 4463 1193 4537 ’Apoesoiap

109 4539 163 4596 36.
183 4531 280 4591 dorma.
298 4539 419 4606 αχιβιλιμ
434 4538 485 4590 eod
505 4538 581 4587 Venit.
714 4535 739 4586 2.
757 4529 887 4590 ἀνασῶσαι
901 4538 952 4588 aad.
970 4537 1043 4587 Vetto.

133 4621 232 4676 corpas
243 4610 422 4664 mosetto
994 4624 1032 4686 21
