3036 4998
352 311 487 364 causon
505 313 567 364 ura.
583 315 602 365 ι.
617 315 699 366 rou.
715 315 746 365 u.
764 313 863 364 nasu.
878 313 979 364 xxxi.
1181 303 1242 366 353

85 441 190 516 suopte
210 440 280 494 nutu
296 432 486 518 propenderit
506 433 663 519 proficisci.
709 431 795 518 Quod
814 444 911 498 autem
927 431 1060 519 spiritale
1078 433 1117 498 sit
1132 432 1242 498 idcirco

83 533 176 611 mitti,
210 545 241 598 ut
262 534 308 598 hie
326 557 392 598 eum
412 535 539 600 Animnli
559 536 724 622 copulatum
745 559 810 600 oum
829 557 922 620 eoque
942 535 971 600 iu
991 536 1108 601 vivendi
1127 537 1240 602 rutioue

82 634 195 719 pariter
212 637 356 702 eruditum
375 637 443 720 hugi
463 639 641 724 formarique
658 639 760 724 possit.
806 639 905 723 Atque
924 637 1001 702 huuc
1018 639 1132 704 demum
1149 640 1239 704 salem

83 737 162 802 illum
180 759 215 801 ac
233 736 335 804 Mundi
352 740 447 804 lucem
464 761 531 804 esse
549 741 693 820 dictitant,
717 743 752 804 de
769 741 873 826 quibus
890 738 1051 824 Evangelia
1069 743 1236 826 loquuntur.
1247 753 1390 814 Mutunus.

82 837 202 904 Etenim
222 842 347 906 animale
366 852 492 908 externa
509 864 648 908 sensuum
669 843 820 929 disciplina
840 865 912 928 opus
931 843 1041 906 hahuit.
1086 842 1182 929 Quam
1202 844 1239 908 ob

81 963 217 1008 caussam
238 954 268 1008 et
284 941 427 1009 Mundum
449 945 620 1009 fabricatum
638 967 705 1010 csse
723 945 918 1024 contendunt,
943 955 1030 1030 atque
1049 946 1084 1010 ad
1102 947 1240 1011 Animula

81 1044 178 1124 istud,
210 1047 442 1132 quandoquidem
461 1047 596 1112 libertate
615 1048 777 1134 praeditum
798 1059 860 1126 est,
891 1067 948 1133 quo
966 1047 992 1112 ei
1009 1047 1133 1112 salutem
1151 1049 1240 1113 alier-

80 1159 145 1226 ret,
171 1145 357 1215 Salinatorem
376 1169 444 1214 esse
460 1150 621 1236 delapsum.
666 1149 882 1228 Nemeorum,
907 1170 980 1234 quaa
995 1169 1118 1214 serrare
1136 1150 1238 1215 decre·

79 1261 177 1329 verat,
203 1252 329 1315 omnium
345 1252 374 1314 in
391 1273 458 1316 sese
474 1253 571 1316 lerunt
585 1253 664 1316 illum
681 1253 816 1318 hahuisse
831 1253 984 1338 primitias,
1006 1263 1072 1338 puta
1088 1252 1125 1316 ah
1141 1252 1239 1318 hoba·

78 1353 163 1416 moth
183 1354 334 1438 spiritum,
366 1355 532 1418 Animalem
550 1375 568 1418 a
586 1351 748 1420 Conditore
767 1352 916 1420 Christum
937 1377 972 1417 ac
991 1354 1148 1418 sanationis
1166 1375 1238 1422 suae

80 1453 329 1521 administrandae
354 1457 450 1540 gratia
472 1479 578 1544 corpus
600 1457 718 1522 animali
742 1468 844 1522 natura
868 1467 1006 1522 constans
1029 1454 1175 1536 induisse,
1208 1469 1239 1522 at

80 1559 198 1642 quidam
219 1559 383 1624 incredibili
404 1560 527 1643 quadam
550 1571 613 1624 arte
636 1560 678 1624 sic
697 1559 895 1644 elaboraprm,
926 1569 959 1624 ut
976 1559 1088 1638 rideri,
1120 1571 1237 1624 contre-

79 1660 153 1724 ctari
173 1661 289 1746 patique
310 1673 422 1747 posset.
467 1659 568 1745 Quare
586 1661 656 1726 uihil
672 1663 765 1726 eidem
783 1683 848 1726 cuna
866 1662 988 1726 materia
1004 1661 1093 1726 luisse
1108 1683 1238 1727 commu-

78 1785 133 1842 ne,
167 1762 272 1849 quippe
291 1784 357 1828 eum
378 1765 499 1828 materia
518 1765 742 1848 consequendae
760 1765 846 1829 saluti
861 1785 1045 1850 nequaquam
1060 1763 1165 1828 idonea
1184 1763 1234 1830 sit.

78 1862 242 1930 Praeterea
260 1877 318 1932 torn
335 1887 434 1931 rerum
450 1867 577 1931 amnium
595 1869 680 1932 huam
698 1877 784 1952 atque
799 1867 911 1932 exitum
929 1868 1004 1945 lore,
1024 1887 1088 1931 cum
1100 1867 1236 1951 quicquid

77 1967 211 2053 spiritale
228 1979 292 2048 est,
316 1969 344 2033 id
361 1981 406 2034 est
419 1969 566 2054 spiritales
583 1969 733 2048 homines,
757 1970 805 2054 qui
824 1971 984 2055 perlectam
1002 1969 1038 2033 de
1054 1966 1121 2034 Deo
1138 1970 1235 2034 seien-

79 2071 149 2134 tiam
169 2070 295 2149 hahent,
319 2081 348 2134 et
365 2072 401 2135 ab
419 2071 583 2136 Achamoth
600 2071 750 2156 mysteriis
766 2072 869 2136 initiati
887 2082 967 2137 sont.
1013 2065 1185 2136 Cuiusmodi
1201 2093 1234 2136 se

78 2193 147 2238 esse
163 2171 245 2256 ipses
258 2183 406 2238 asserunt.
447 2171 563 2238 Etenim
579 2174 721 2238 animales
737 2173 870 2238 homines
883 2175 1001 2238 animali
1015 2174 1135 2258 quadam
1149 2175 1236 2239 disei-

78 2277 158 2361 plina
172 2276 321 2340 institutes
336 2295 416 2354 esse,
438 2277 485 2360 qui
501 2277 616 2360 quidem
629 2275 766 2361 operibus
780 2297 814 2340 ac
828 2277 951 2362 simplici
967 2276 1021 2340 hdo
1035 2275 1233 2354 stabiliuntur,

81 2399 178 2463 neque
196 2379 354 2464 perlectam
374 2377 525 2442 scientiam
542 2378 639 2464 adepti
656 2389 735 2443 sunt.
781 2377 934 2442 Eiusmodi
951 2399 1006 2442 nos
1024 2399 1109 2458 esse,
1140 2378 1235 2462 quiin

78 2477 236 2546 Ecclesiae
259 2501 350 2566 grego
373 2501 578 2560 numeramur,
610 2481 735 2565 ideoque
758 2491 839 2544 recte
862 2481 946 2544 laetis
967 2501 1040 2565 opos
1063 2501 1130 2544 esse
1150 2480 1234 2545 nohis

80 2583 269 2668 praedicant,
304 2603 398 2667 neque
418 2584 503 2648 aliter
522 2604 608 2669 posse
630 2603 683 2646 nos
701 2583 825 2648 salutem
844 2582 995 2646 obtinere:
1030 2602 1063 2647 se
1082 2601 1155 2646 vero
1176 2603 1234 2648 uon

82 2685 169 2750 ollioa
185 2685 309 2750 actionis
325 2685 487 2764 beneficio,
510 2687 561 2750 sed
576 2688 652 2771 quod
668 2697 773 2750 natura
787 2685 935 2771 spiritales
950 2683 1027 2763 aiot,
1052 2685 1171 2749 omnino
1187 2705 1235 2748 sa-

81 2787 150 2852 lutis
174 2797 325 2873 compotes
349 2789 412 2852 lore
434 2789 594 2853 coohdunt.
637 2785 716 2852 Num
737 2787 777 2852 uti
796 2788 871 2872 quod
893 2798 1042 2852 terrenum
1058 2797 1105 2850 est
1120 2785 1236 2852 servari

82 2891 161 2955 nullo
178 2892 265 2954 nodo
279 2900 393 2976 potest,
417 2910 511 2974 neque
528 2900 632 2954 natura
647 2892 683 2954 ad
699 2891 726 2954 id
740 2891 877 2954 idoneum
894 2899 956 2968 est,
979 2889 1023 2954 sie
1041 2899 1143 2954 contra
1159 2889 1236 2974 quod

83 3005 129 3058 ast
143 2991 290 3078 spiritale,
314 2991 475 3057 cuiusmodi
490 3013 523 3056 se
539 3013 608 3058 esse
622 2993 735 3072 volunt,
761 3003 916 3078 utcumque
931 3011 999 3056 sese
1012 2992 1152 3076 gesserit,
1169 3011 1234 3056 cor

81 3094 178 3181 rumpi
198 3115 379 3180 nequaquam
399 3115 498 3180 posse.
544 3095 590 3159 Ao
610 3095 849 3180 quemadmodum
868 3115 969 3158 aarum
990 3092 1020 3158 io
1041 3113 1164 3160 coenum
1184 3094 1235 3158 ah·

80 3199 189 3263 iactum
209 3195 449 3283 pulchritudinem
467 3219 525 3262 nou
546 3197 667 3275 amittit,
700 3199 752 3262 sad
770 3197 842 3262 eitra
862 3197 948 3262 uidam
967 3195 1081 3260 decoris
1098 3195 1235 3261 iniuriam

81 3313 215 3365 naturam
231 3300 350 3378 retinet,
373 3301 414 3364 ita
431 3299 605 3386 semetipsos
623 3310 770 3378 asserunt,
795 3299 910 3364 tametsi
929 3298 1079 3384 quibusvis
1099 3298 1128 3362 in
1144 3298 1235 3362 actio·

82 3404 186 3482 nihus,
218 3403 350 3486 adeoque
371 3402 518 3466 enarretis
540 3423 604 3468 eum
627 3403 766 3482 materia,
798 3411 972 3480 versantur,
1003 3399 1112 3465 nubum
1135 3421 1175 3464 ax
1198 3419 1234 3464 eo

83 3506 288 3572 detrimentum
309 3523 430 3590 capere,
454 3525 548 3589 neque
567 3504 726 3591 spiritalem
746 3504 936 3568 substantiam
956 3521 1043 3589 posse
1062 3502 1196 3587 perdere.

165 3603 315 3690 Quocirca
335 3607 383 3691 qui
406 3606 567 3671 interillos
586 3607 790 3693 perfectissimi
810 3615 988 3683 censeutur,
1018 3603 1118 3670 illicito
1135 3603 1233 3668 omaria
1269 3615 1329 3682 cap.

83 3709 255 3794 legibusque
271 3709 362 3773 vetita
376 3709 499 3772 licenter
514 3719 694 3795 perpetrant,
718 3711 753 3773 de
770 3709 873 3795 quihus
887 3707 990 3772 literae
1005 3726 1108 3772 sacrae
1124 3715 1235 3770 testan-
1250 3683 1348 3735 xxttt.

82 3821 148 3876 tura
183 3815 240 3891 Qui
253 3815 390 3874 erbamodr'
404 3815 590 3887 committent,
621 3815 658 3876 ob
676 3816 831 3876 hereditate
846 3815 933 3891 regui
946 3813 1074 3872 coelectis
1091 3813 1231 3872 meallen.
1246 3824 1389 3882 uatacuat.

83 3908 179 3997 Igitur
194 3924 226 3978 et
241 3933 315 3998 quae
332 3912 417 3978 idolis
434 3913 583 3979 immolata
600 3925 668 3980 sont
684 3913 764 3980 nullo
778 3913 944 3978 discrimine
961 3911 1127 3989 comedunt,
1152 3909 1237 3976 nihil·

81 4037 138 4100 qoe
156 4037 196 4082 ex
212 4035 247 4080 ea
260 4037 293 4080 re
310 4015 494 4100 contagionis
510 4017 545 4080 ad
561 4037 628 4081 sese
643 4016 770 4082 derivari
787 4026 905 4102 putant,
930 4025 960 4079 et
975 4016 1010 4078 ad
1029 4013 1124 4078 omnia
1141 4014 1236 4098 genti·

117 4203 157 4256 10.
177 4200 293 4258 durmin
308 4203 420 4271 λέγουσιν
439 4197 512 4257 oirel
528 4206 579 4256 cod.
592 4208 645 4256 Van.
677 4207 764 4268 princ,
778 4206 883 4268 primum
895 4205 1006 4256 Puemua
1020 4215 1050 4254 aa
1063 4203 1115 4254 cod.
1126 4203 1238 4254 leticum

115 4271 157 4324 tt.
175 4264 192 4326 i
209 4265 282 4326 adrat
299 4267 363 4326 ιῖιαι
379 4271 493 4326 θέλουσιν
509 4277 600 4324 renuat
616 4288 646 4324 rc
679 4275 773 4324 odteeit.

84 4341 132 4392 Vct.
147 4342 288 4404 horrente,
305 4342 473 4403 eteoclem,
489 4344 530 4403 eut
542 4343 610 4392 habu
623 4339 646 4394 al
715 4340 773 4392 cm.
786 4339 886 4392 xxttt.
902 4363 937 4378 --
959 4338 981 4390 1.
1001 4335 1170 4406 προειρημένα
1185 4338 1238 4390 aad.

81 4403 156 4462 adrat
169 4403 234 4462 atio
248 4405 370 4462 dilacera.
408 4411 481 4472 Valeo
498 4407 612 4462 θίλιυσιι
623 4407 646 4462 el
681 4411 737 4459 Van.

80 4469 156 4529 edrai
174 4471 245 4530 ιῖιιιι.
712 4477 737 4528 2.
754 4469 902 4543 ‹idmep'auc
916 4478 1027 4527 sententie
1037 4477 1173 4539 postulauit.
1197 4475 1239 4526 tt-

119 4543 157 4594 h‘2.
177 4542 325 4612 δυναμένου,
339 4546 403 4608 quoti
412 4547 560 4598 mutuam
573 4547 598 4598 lat
608 4547 646 4598 ed.
679 4546 716 4596 δή
731 4546 816 4598 hobtttl
832 4541 969 4610 διαφόρως.

136 4625 226 4682 carpus
238 4625 372 4672 Haemoni.
386 4625 416 4672 ll.
991 4633 1031 4694 23

274 4705 286 4734 Ο
