3006 4990
312 259 446 312 raunnn
464 259 539 311 nov.
557 257 839 310 santuanensi.
857 257 938 312 non.
950 260 970 309 r.
1172 247 1212 310 93

356 513 608 592 ADVERSUS
634 514 927 590 utunnnnos.

189 635 276 731 Quae
302 643 354 710 est
378 635 538 709 Iudaismi
564 635 711 709 haeresis
738 633 798 726 V.,
831 635 946 708 ordine
971 635 1101 710 XVIII.

151 784 242 850 Nune
256 786 314 849 alie
330 786 400 850 mibi
414 795 482 872 post
496 783 766 869 Hemerobeptistas
784 784 915 848 haeresis
928 787 1114 870 exponenda,
1137 809 1211 870 quae
1231 803 1289 869 epp.
1307 805 1324 852 t.

80 884 292 952 Neaeraeorum
319 887 435 952 dieitur.
480 883 538 968 Qui
563 885 696 970 quidem,
720 897 752 950 ut
775 886 957 970 accepimus,
981 907 1091 970 genere
1114 885 1212 954 Iudaei

81 1001 155 1068 sunt,
178 987 364 1054 eGaiaatide
382 1000 413 1052 et
427 987 595 1054 Basanirite
618 1009 654 1052 ao
672 986 793 1071 reliquis
811 988 889 1052 oltra
906 985 1059 1052 Iordanem
1081 991 1214 1074 regioni·

79 1089 125 1154 bus
137 1089 263 1154 oriundi.
309 1088 506 1173 Quamobrem
527 1110 592 1154 eune
611 1089 682 1154 bueo
696 1100 778 1154 aeota
794 1087 955 1154 Israelitioa
978 1111 1017 1154 ex
1035 1103 1122 1175 gente
1145 1115 1212 1177 pro·

79 1191 144 1256 taeta
160 1194 216 1270 sit,
241 1189 414 1258 Iudaeorum
439 1192 469 1254 in
490 1191 624 1256 omnibus
643 1191 777 1274 dogmate
800 1191 1016 1276 complectitur,
1040 1214 1095 1256 neo
1116 1194 1152 1256 ab
1175 1195 1212 1260 iis

79 1315 141 1375 quos
156 1304 243 1358 antee
266 1294 490 1358 commemoravi
511 1295 573 1356 iere
589 1293 647 1357 ulle
666 1294 697 1358 iu
713 1314 745 1356 re
761 1293 894 1356 dissidet.
937 1291 1013 1358 Noun
1037 1303 1068 1358 et
1088 1295 1212 1360 oiroum-

79 1394 206 1459 cisionem
223 1395 343 1480 perinde
361 1407 448 1480 etque
464 1395 513 1458 alii
530 1395 654 1474 retinet,
679 1406 709 1460 et
724 1395 799 1460 idenn
816 1395 966 1458 sabbatum
984 1395 1138 1476 observat,
1162 1417 1211 1461 ee-

77 1495 187 1581 demque
208 1499 284 1560 ieste
303 1497 451 1575 oeiebrat,
474 1497 525 1562 aed
550 1517 643 1580 neque
661 1499 750 1560 fatum
768 1517 863 1580 neque
882 1497 1088 1562 astronomiam
1108 1499 1212 1562 adnuit-

77 1597 114 1660 tit.
155 1600 203 1663 Ao
228 1620 294 1662 oum
316 1609 434 1662 veteres
457 1599 522 1662 iilos
547 1599 743 1683 patriarches,
775 1601 810 1662 de
835 1597 938 1682 quibus
963 1599 993 1663 in
1009 1597 1211 1664 Pentatouobo

76 1701 174 1764 nendo
190 1712 254 1778 est,
277 1700 434 1786 approbet,
457 1699 507 1786 qui
524 1701 559 1764 ab
576 1699 691 1764 Adamo
713 1700 748 1763 ad
764 1698 893 1785 Moysen
915 1720 1007 1784 usque
1026 1700 1132 1786 insigni
1149 1701 1210 1785 pie-

76 1805 320 1880 tatedoruerunt,
344 1802 477 1866 nImirum
493 1801 605 1880 Adam,
631 1799 721 1880 Setb,
744 1801 865 1878 Enoch,
888 1799 1103 1882 Mathusniem,
1126 1801 1209 1881 Noe,

75 1901 210 1983 dbrram,
236 1901 332 1982 Iseae,
356 1901 462 1982 Iaoob,
486 1901 574 1982 Levi,
597 1901 713 1982 Aaron,
737 1925 772 1968 ao
789 1901 887 1966 Iesum
904 1901 1109 1983 Nereidum,
1132 1903 1210 1970 Pen-

75 2007 229 2070 teteuebum
245 2005 431 2070 nibilominus
446 2005 536 2090 ipsam
552 2004 698 2089 repudiat.
740 2003 808 2068 Nee
822 2002 949 2090 Moysen
966 2005 1081 2090 quidem
1098 2005 1209 2084 ubiieit,

76 2127 158 2191 neque
177 2107 302 2171 oblatam
320 2107 385 2172 boio
402 2128 419 2170 a
436 2107 490 2170 deo
505 2107 600 2190 legem
617 2127 684 2169 esse
700 2105 855 2184 diffitetur,
879 2107 931 2170 sed
949 2107 1034 2171 utiam
1054 2107 1145 2171 inisse
1167 2108 1210 2170 di-

76 2209 206 2293 eitqnam
226 2229 299 2292 quoe
316 2209 406 2290 vulgo
428 2207 645 2272 circumfertur.
690 2205 741 2270 Ex
761 2230 818 2291 quo
841 2211 1012 2274 factumest
1034 2205 1210 2274 utludneo·
1246 2273 1251 2284 ,

75 2329 128 2371 rurn
144 2310 329 2374 eeremonies
350 2309 477 2393 reliquas
499 2309 675 2387 observent,
700 2319 799 2393 utpote
815 2306 931 2386 Iudaei,
956 2310 1141 2374 asueribeiis
1159 2311 1211 2374 ab-

73 2407 212 2490 tumeant,
235 2431 330 2494 neque
345 2411 472 2474 animata
488 2431 520 2474 re
539 2411 595 2473 utta
610 2419 779 2474 vescantur.
827 2407 928 2494 Itaque
945 2431 1050 2476 earnes
1066 2412 1096 2474 in
1113 2411 1208 2475 eibum

73 2513 200 2576 adbibere
223 2512 272 2578 vei
292 2513 456 2576 saorifioere
481 2514 565 2575 naias
588 2532 656 2574 esse
681 2511 836 2574 ducebant.
883 2508 1016 2576 Condate
1038 2512 1115 2574 enim
1138 2513 1209 2576 bueo

73 2632 132 2677 esse
145 2615 307 2692 volumine,
327 2634 422 2698 noque
436 2635 535 2677 eorum
552 2615 703 2698 quiequam
719 2634 734 2676 o
748 2613 907 2677 maioribus
922 2613 1097 2698 profectum.
1121 2611 1209 2676 Eius-

73 2716 141 2778 modi
163 2714 384 2780 Nazaraeorum
410 2713 565 2778 discrimen
587 2737 604 2778 a
628 2715 748 2798 reliquIs
772 2715 837 2778 tuto.
881 2711 967 2779 Unde
990 2725 1020 2778 et
1045 2714 1130 2778 ieoile
1150 2737 1208 2778 non

73 2836 124 2879 uno
144 2819 286 2881 dunuxat
307 2818 337 2880 in
360 2815 443 2894 loeo,
466 2817 518 2881 sed
540 2815 570 2879 in
592 2817 721 2901 pluribus
744 2815 866 2879 refutari
888 2823 1021 2900 possunt.

144 2919 193 2983 Ao
206 2918 329 3006 primum
343 2919 418 3002 quod
436 2929 552 2982 veteres
566 2919 744 3002 patrinrobas
759 2927 788 2981 et
802 2913 929 3002 Moysen
945 2917 1078 3001 probunt,
1099 2939 1208 3002 quaero
1226 2925 1287 2995 cap.
1305 2931 1334 2983 u.

71 3019 101 3080 ub
119 3020 193 3098 illis,
223 3043 290 3084 enm
311 3021 390 3084 nulla
412 3021 447 3084 de
471 3019 507 3082 iis
529 3020 586 3084 alia
608 3020 751 3104 scriptura
773 3019 921 3096 meminit,
953 3019 1029 3082 uude
1052 3030 1082 3082 et
1107 3020 1209 3083 bortum

72 3122 216 3206 appellatio
240 3135 272 3186 et
294 3123 414 3206 egregia
435 3121 529 3185 virtus
553 3121 609 3184 nisi
637 3142 677 3186 ex
699 3119 755 3185 iilis
781 3119 976 3184 voluminibus
1000 3119 1118 3203 cognite
1141 3141 1210 3186 ease

71 3224 207 3306 peperit?
251 3223 312 3306 Qui
330 3243 417 3308 porro
433 3222 572 3286 eonvenit
588 3222 740 3286 veritatem
759 3222 788 3286 in
807 3243 895 3284 unum
912 3241 977 3285 euru
996 3220 1122 3286 falsitate
1138 3243 1208 3286 oon-

70 3327 200 3389 onrrerei
227 3324 408 3408 eandemque
428 3324 599 3408 seripturam
618 3324 722 3409 partim
743 3344 832 3402 nera,
864 3323 967 3406 partim
988 3322 1061 3386 falsa
1079 3323 1208 3387 inuuere?

71 3445 126 3489 eum
141 3427 273 3492 solvetur
287 3424 413 3504 dixerit,
443 3425 505 3489 Aut
526 3425 612 3489 faoite
632 3425 765 3490 arborem
788 3424 893 3488 bonum
915 3434 945 3486 et
964 3425 1076 3487 fruetus
1097 3425 1203 3502 bonos,
1220 3450 1343 3509 nanim.

69 3538 113 3590 eut
135 3528 270 3593 arborem
294 3527 399 3590 malam
423 3536 454 3590 et
479 3528 589 3590 fruetus
613 3527 716 3590 malos.
764 3523 870 3610 Neque
896 3525 972 3588 enim
998 3535 1096 3608 potest
1119 3525 1208 3590 arbor

69 3626 136 3691 boue
157 3629 248 3694 malos
271 3629 381 3698 fruetus
399 3628 512 3706 iuuere,
542 3647 636 3711 neque
654 3628 743 3692 arbor
760 3627 835 3690 mala
852 3627 945 3691 bonos
962 3627 1074 3692 fruetus
1094 3628 1203 3691 faeere.

68 3726 206 3810 Qoooiroe
228 3729 419 3796 vanissimum
448 3729 550 3793 borum
575 3728 721 3794 bominum
744 3729 895 3813 ingenium
922 3737 984 3804 est,
1017 3728 1206 3813 doctrinaque

67 3829 123 3914 ipse
140 3832 238 3896 multia
260 3853 299 3895 ex
320 3830 462 3916 oapitibus
483 3830 578 3896 everti
599 3853 634 3895 ao
652 3831 773 3895 refutari
793 3840 899 3916 potest.
942 3828 1122 3894 Praesertim
1139 3851 1207 3894 eom

66 3929 92 3993 in
113 3931 281 3998 hodiernum
307 3953 398 4018 usque
420 3943 532 4016 tempus
555 3953 613 3996 nou
639 3935 723 3996 modo
745 3933 931 3996 celebrentur
954 3953 989 3996 ea
1014 3951 1088 4017 quae
1113 3931 1150 3994 iis
1173 3931 1204 3994 in

65 4031 141 4098 libris
156 4045 240 4120 gesta
262 4042 476 4114 memorantur,
508 4035 560 4096 sed
581 4045 611 4098 et
627 4033 751 4118 ipsamet
769 4033 834 4098 looe
848 4043 1124 4118 repraesententur,
1155 4031 1204 4096 ubi

65 4133 226 4200 admiranda
239 4137 289 4200 itta
304 4134 436 4221 prodigia
453 4136 648 4219 eontigerunt.
684 4133 830 4220 imprimis
843 4155 928 4198 mons
944 4131 1030 4213 Sion,
1053 4132 1102 4196 ubi
1117 4155 1203 4198 onem

66 4233 116 4297 deo
138 4237 322 4302 Abrabemua
345 4236 522 4316 immolavit,
554 4236 631 4301 idem
655 4236 690 4299 nd
719 4237 775 4300 boo
800 4247 911 4322 tempus
936 4255 1041 4300 nomon
1065 4235 1200 4300 obtinuit.

66 4331 139 4400 'dum
156 4338 203 4403 nbi
221 4359 348 4424 quereus
366 4339 415 4404 iiia
432 4335 564 4402 Mambre
584 4338 653 4418 tuit,
684 4357 741 4421 quo
755 4338 784 4402 io
802 4339 867 4403 ioeo
884 4337 1004 4402 vituium
1023 4338 1135 4424 augetis
1151 4359 1201 4424 ap-
