3018 4994
283 275 345 336 454
413 285 415 288 ·
705 283 826 337 emm
843 285 1012 336 ιιιιειιιαιι

273 401 393 483 Ἕλλησι
407 409 499 466 ταῦτα
511 403 649 488 γενέσθαι
662 397 719 467 ούιι
735 394 773 484 ἦν
785 399 931 484 Ἀλήθεια.
971 400 1011 468 Τό
1028 399 1082 488 γάρ
1096 408 1183 486 σῶμα
1198 399 1291 486 αύτῆς
1305 403 1381 469 κατά
1393 405 1428 482 σέ,

283 503 407 590 Μάρκε,
438 506 676 589 μεταγενέστερον
693 503 746 586 μέν
762 502 888 584 Κάδμου
904 505 956 568 καί
971 511 1029 569 τῶν
1044 502 1103 591 πρό
1121 501 1232 585 αύτοῦ,
1265 508 1427 591 8μεταγειέ-

282 627 384 690 στερου
397 607 428 672 δέ
440 615 499 671 τῶν
515 605 550 671 τά
564 604 652 671 λοιπά
666 605 905 690 πραςεθεικότιον
921 616 1063 689 στοιχεῖα,
1086 609 1329 692 μεταγενέστερσν
1341 611 1374 674 δὲ
1388 611 1429 673 καὶ

161 737 212 783 pag.
225 725 269 770 ιιι.
284 717 403 776 σαυτοῦ.
434 708 480 773 Σύ
494 707 548 794 γάρ
564 707 655 791 μόνον
669 713 789 774 εἷ’δωλον
803 707 965 794 κατήγαγες
974 705 1030 790 τὴν
1043 705 1103 774 ύπό
1117 731 1172 774 σου
1184 711 1347 794 λεγομένην
1359 710 1429 792 Ἀλύμ

281 821 378 877 θειαν.
425 817 475 887 Τίς
496 809 521 876 δ’
539 809 668 889 ἀνέξεταί
685 833 738 876 σου
756 811 809 894 τὴν
826 819 953 876 τοσαῦτα
969 819 1160 896 φλυαρούσον
1177 810 1292 897 Σιγήν,
1327 814 1372 895 θῆ
1388 811 1431 878 τόν

282 912 482 996 άνονόμαστον
495 911 640 996 α’νομάζει,
661 915 711 978 καί
725 912 778 979 τόν
792 912 920 999 άρρητον
935 916 1078 1000 ἐξηγεῖται
1091 915 1141 978 καὶ
1154 912 1207 979 τόν
1222 911 1430 998 άνεξιχνίοστιι

283 1020 434 1102 έξιστορεῖ,
462 1017 513 1080 καὶ
535 1013 683 1100 ἤνοιχέναι
702 1015 736 1082 τό
759 1014 853 1098 στόμα
874 1017 966 1098 φησὶν
993 1014 1127 1081 ιοαύτόν
1148 1015 1183 1082 ὃν
1204 1013 1371 1100 άστόματον
1389 1020 1431 1081 ταὶ

282 1116 412 1184 άνείδεον
435 1121 525 1205 λέγεις
531 1146 541 1196 3
572 1119 624 1182 καί
646 1121 883 1203 προενέγκασθαι
900 1117 1017 1204 Λόγον,
1051 1115 1093 1195 οίς
1111 1121 1142 1184 έν
1157 1146 1185 1184 τι
1203 1127 1264 1185 τῶν
1282 1123 1432 1186 συνθέται

282 1219 373 1299 ζαίων,
388 1220 441 1285 τόν
457 1247 487 1285 τε
502 1222 606 1305 Λόγον
620 1217 712 1285 αύτοῦ
727 1219 831 1303 ὅμοιον
846 1219 917 1286 άντα
932 1228 973 1310 τῷ
988 1220 1167 1304 προβαλόντι
1181 1223 1232 1286 καί
1245 1223 1375 1305 μορφάν
1386 1229 1432 1288 τού

281 1321 412 1406 ύοράτου
429 1322 569 1409 γεγονότα
592 1330 621 1368 ¹¹
635 1327 781 1405 στοιχείων
796 1323 849 1406 μέν
865 1320 940 1388 είνοι
952 1322 1126 1409 τριάκοντα,
1155 1329 1311 1406 συλλαβῶν
1330 1327 1366 1390 δέ
1380 1345 1433 1389 τεσ-

281 1425 394 1509 σάρων,·
415 1423 520 1490 Ἔσται
537 1417 591 1490 ούν
607 1424 682 1490 κατά
700 1425 754 1509 τήν
772 1423 931 1509 όμοιύτητα
948 1424 1109 1513 τοῦλόγου
1127 1423 1146 1491 ό
1164 1425 1270 1509 Πατὴρ
1287 1435 1351 1492 τοῖν
1367 1425 1432 1492 πάν

280 1555 354 1607 των,
386 1525 427 1604 σός
448 1525 485 1592 σύ
507 1534 583 1617 φῇς,
615 1532 762 1610 στοιχείων
782 1529 834 1610 μέν
856 1527 1027 1614 τριάκοντα,
1056 1534 1208 1612 συλλαβῶν
1229 1530 1263 1594 δέ
1280 1529 1433 1614 τεσσάρων.

270 1629 316 1708 ΙἪ
333 1629 421 1695 πάλιν
442 1633 486 1704 τίς
507 1627 637 1706 άνέξεταί
653 1652 706 1695 σου
725 1634 766 1706 είς
783 1629 914 1714 σχήματα
932 1632 982 1696 καί
999 1629 1166 1713 άριθμούς,
1197 1631 1270 1696 ποτὲ
1288 1632 1344 1714 μὲν
1360 1631 1433 1716 τριά-

281 1759 388 1812 κοντα,
418 1731 487 1797 ποτέ
505 1732 536 1797 δέ
554 1734 782 1817 εἰκοσιτέσσαρα,
804 1734 875 1798 ποτέ
891 1734 924 1798 δέ
937 1737 970 1810 ἐξ
985 1731 1078 1816 μόνον
1092 1737 1297 1819 συγκλείοντας
1312 1731 1368 1800 τόν
1382 1741 1435 1799 τῶν

281 1835 402 1900 πάντων
416 1831 534 1917 κτιστύν
552 1835 603 1899 καὶ
623 1834 803 1920 δημιουργόν
819 1838 870 1900 καὶ
887 1834 1014 1918 ποιητὴν
1032 1834 1135 1922 Λόγον
1150 1843 1204 1901 τοῦ
1223 1841 1317 1915 Θεοῦ,
1351 1864 1434 1900 κιττο-

280 1943 499 2021 κερματίζοντος
514 1935 605 2002 αύτόν
621 1940 662 2013 είς
676 1935 820 2020 συλλαβάς
836 1939 889 2020 μέν
903 1939 1059 2023 τέσσαρας,
1081 1948 1207 2021 στοιχεῖα
1221 1939 1253 2003 δέ
1266 1938 1433 2022 τριάκοντα,

280 2043 328 2105 καλ
343 2039 395 2105 τόν
408 2039 528 2105 πάντων
543 2038 647 2125 κύριον
659 2039 712 2105 τόν
727 2036 927 2124 ἐστερεωκότα
936 2039 1006 2116 τούς
1022 2038 1182 2126 αύρανοός,
1204 2044 1246 2116 είς
1262 2045 1331 2125 {in-q
1347 2040 1433 2106 κατά-

280 2168 383 2228 γοντας
398 2139 543 2225 άριθμόν,
572 2139 682 2224 όμοίως
696 2148 737 2230 τῷ
754 2139 914 2231 άλφαβήτρι
936 2141 1074 2208 1Ἇαύτόν
1088 2169 1118 2208 τε
1132 2141 1182 2210 τόν
1197 2142 1293 2208 πάντα
1305 2151 1432 2226 χωροῦν-

280 2271 316 2309 τα
335 2246 469 2329 Πατέρα,
500 2241 652 2327 άχιόρητον
671 2245 703 2309 δέ
721 2241 903 2326 ύπύρχοντα,
935 2248 976 2321 είς
999 2243 1130 2329 Τετράδα
1150 2247 1202 2310 καί
1217 2243 1369 2330 Ὀγδσάδιι
1384 2250 1434 2310 καὶ

282 2346 401 2412 Δεκάδα
416 2349 465 2411 καὶ
482 2345 646 2411 Δωδεκάδα
661 2343 896 2432 ύπομερίζσντσς,
920 2349 971 2412 καί
986 2347 1037 2412 διά
1052 2349 1269 2414 τῶντοιούτων
1283 2357 1433 2413 πολυπλα-

280 2455 411 2531 σιασμῶν
426 2447 458 2514 τό
477 2445 605 2533 άρρητον
620 2451 672 2514 καὶ
689 2447 880 2532 α’νεννόητον,
912 2447 952 2526 τός
967 2449 1004 2514 σύ
1019 2450 1096 2540 φγγς,
1128 2457 1181 2514 τοῦ
1200 2449 1320 2534 Πατρός
1335 2453 1433 2534 ἐκδιη·

279 2555 437 2640 γουμὲνους
468 2554 529 2615 Καὶ
556 2551 590 2616 ’όν
617 2549 773 2634 άσιάμοτον
799 2554 850 2616 καί
876 2548 1019 2618 άνούσιον
1049 2549 1214 2635 όνομάζεις,
1245 2551 1299 2635 τὴν
1323 2552 1433 2620 τούτου

280 2653 384 2721 ούσίον
400 2655 448 2719 καί
466 2651 519 2736 τήν
534 2651 696 2718 ύπόστασιν
710 2655 742 2718 ἐκ
759 2661 873 2718 πολλῶν
889 2653 1068 2740 γραμμάτων
1081 2656 1187 2740 ἐτέρων
1204 2657 1232 2732 ἐξ
1250 2657 1357 2740 ἑτέρων
1376 2683 1435 2742 γεν-

279 2759 418 2839 νωμένων
440 2754 677 2835 κατασκευάζεις,
707 2753 796 2832 αύτός
817 2759 963 2833 Δαίδαλος
981 2756 1112 2839 ψευδὴς,
1142 2759 1194 2822 καλ
1212 2759 1320 2822 τέκτων
1342 2758 1434 2834 κακός

277 2861 435 2945 γενόμενος
461 2865 513 2939 τῆς
539 2856 827 2943 προπανυπερτάτου
857 2857 1024 2942 δυνάμεωςς
1057 2861 1107 2924 καὶ
1133 2857 1173 2942 ἣν
1194 2857 1352 2945 άμέριστον
1375 2861 1434 2950 φῄς

279 2957 367 3040 είναι,
390 2964 432 3036 είς
447 2957 588 3040 άφοίνοος
606 2962 657 3025 καί
675 2959 847 3042 φωνήεντος
861 2963 911 3025 καί
927 2957 1106 3044 ύμιφάνους
1123 2960 1278 3048 φθόγγους
1292 2957 1432 3048 ύιιομερί-

281 3072 338 3142 ζων
352 3061 385 3129 τό
405 3061 526 3142 άφωνον
541 3059 638 3128 αύτάν
652 3069 692 3152 τῷ
707 3070 765 3127 τῶν
780 3061 899 3127 πάντων
916 3065 1024 3149 Πατρλ,
1046 3067 1097 3128 καὶ
1113 3072 1151 3154 τῇ
1171 3061 1321 3130 Ητούτου
1333 3066 1433 3152 ἐννοίᾳ

279 3163 529 3247 ἐπιψευδόμενος,
561 3167 601 3240 είς
621 3163 676 3248 τὴν
697 3161 837 3230 άνωτάτω
859 3167 1046 3248 βλασφημίαν
1068 3169 1118 3232 καί
1140 3172 1275 3253 μεγίστην
1297 3163 1433 3250 άσέβειαν

280 3271 461 3351 ἐμβέβληκας
481 3266 614 3343 άποντας
635 3265 705 3342 τούς
726 3288 774 3332 σοι
794 3268 1001 3350 πειθομένους.
1046 3267 1103 3334 Διό
1129 3272 1222 3335 Ηκαλ
1240 3274 1363 3345 δικαίως
1383 3273 1431 3335 καί

279 3368 467 3454 άρμοζόντως
488 3376 525 3458 τῇ
546 3369 666 3458 τοιαύτη
690 3392 745 3434 σου
767 3367 858 3458 τόλμη
880 3367 898 3434 ό
918 3378 1004 3445 θεῖος
1021 3369 1187 3456 πρεσβύτης
1205 3373 1257 3437 ιιαλ
1272 3370 1365 3456 ιιήρνξ
1381 3381 1432 3455 τῆς

281 3471 422 3557 άληθείος
443 3475 591 3557 ἐμμέτρως
612 3468 789 3554 ἐπιβεβόηκέ
810 3493 870 3553 σοι,
894 3470 985 3537 είποίν
1007 3471 1115 3549 οὕτως·

482 3573 667 3639 Είδωλσποιέ
688 3572 813 3658 Μάρκε,
836 3576 885 3639 καί
907 3574 1111 3660 τερατοσκόπε,

481 3675 703 3761 Ἀστρολογικῆς
723 3677 840 3761 ἐμπειρε
862 3679 912 3742 καὶ
934 3685 1060 3762 μαγικῆς
1082 3679 1191 3762 τέχνης,

485 3777 532 3844 Δι’
554 3771 596 3844 ὧν
617 3777 769 3864 κρατύνεις
789 3785 842 3861 τῆς
863 3778 975 3862 πλάνης
996 3779 1031 3844 τά
1053 3778 1223 3866 διδάγματα,

158 3927 209 3974 Μ,
221 3916 266 3962 χρ,
483 3889 597 3965 Σημεῖα
619 3879 735 3956 δεικνύς
755 3890 816 3956 τοῖς
836 3878 895 3947 ύπό
918 3888 972 3946 σοῦ
994 3884 1197 3966 πλανωμένοις

313 4039 337 4092 8.
356 4039 606 4107 μεταγειέοτεριν-
573 4038 712 4092 -σωιτοῦ
729 4053 774 4088 οτι.
787 4041 839 4089 ωδ,
873 4037 1016 4105 phabetum,
1030 4049 1056 4088 et
1065 4055 1145 4106 1psnm
1155 4056 1196 4107 qu1
1209 4039 1291 4090 omnia
1303 4039 1367 4106 capit
1379 4039 1425 4087 Pa-

282 4111 356 4159 Venti
872 4117 946 4164 trem.
963 4107 1059 4157 anullo
1072 4118 1155 4157 autem
1172 4109 1274 4174 capitur,
1289 4107 1314 4157 in
1329 4116 1424 4173 qum-r

313 4166 375 4228 9
354 4173 428 4260 ῃτδ
437 4177 488 4258 σριί.
504 4177 577 4224 λὀιιιί.
873 4173 1286 4260 ααῑίοιιοια--ιυρραιείοιιιειιι
1297 4183 1347 4226 om.
1364 4177 1426 4225 Unde

319 4243 354 4292 10.
368 4239 444 4296 αύτδι
456 4235 483 4296 όι
488 4246 601 4326 rescripsi
612 4257 640 4294 ια
655 4244 701 4292 λιι.
709 4245 838 4306 interprete.
871 4247 961 4293 correxi
977 4237 1053 4297 αύτόι
1066 4259 1095 4296 τε
1106 4241 1149 4297 τόν
1160 4241 1242 4297 πάντα
1255 4250 1318 4322 0623,
1334 4257 1384 4293 τοτα
1398 4245 1424 4290 6-

281 4314 347 4362 Libn'
363 4313 445 4360 λαδιιιι
463 4305 524 4363 αύτὸ
543 4303 578 4364 δν.
871 4313 907 4360 δή
922 4313 1031 4362 λούονται
1046 4308 1120 4364 ου’τδι
1138 4311 1259 4394 γεγονότα
1273 4329 1356 4364 ταυτα
1381 4313 1423 4360 Ρι-

318 4380 356 4430 ΙΙ.
373 4381 444 4428 Verba
455 4378 585 4462 στοιχείων
597 4377 642 4445 μὲι
653 4375 715 4430 εἶναι
724 4405 757 4417 -·
765 4406 838 4418 --
869 4382 948 4428 iuvius
957 4381 1127 4430 rescribendum
1135 4386 1228 4442 μαιουιλ
1231 4375 1374 4462 οἷλφαβητῳ
1384 4393 1423 4440 γε·

283 4441 359 4500 αύτόι
376 4445 496 4512 γεγαιέτα
513 4463 557 4495 σοι.
575 4449 626 4497 ωδ.
643 4449 719 4496 Venet.
870 4443 975 4532 γωότο
993 4447 1037 4498 καὶ
1053 4441 1171 4499 αύτδι
1143 4465 1186 4500 τοι
1203 4445 1281 4531 πάντα
1296 4451 1358 4530 αριλ,
1376 4447 1421 4494 Βιλ-

317 4515 355 4566 1².
374 4516 421 4565 Vct.
436 4517 565 4577 Ιηίιηιτκιι
581 4514 693 4566 similiter
708 4524 782 4582 atque
797 4513 837 4565 al·
870 4517 930 4566 λιιιιι
956 4509 1113 4586 όλφαβύτῳ,
1140 4515 1185 4570 καὶ
1202 4511 1276 4568 αὐτόν
1295 4510 1337 4568 τδι
1351 4527 1419 4578 γεγε·
