2986 4996
341 375 387 426 ao
406 373 595 426 nrrsrotru
612 373 722 425 aaron
739 373 784 427 ur
800 373 908 425 rnutr.
1154 361 1191 423 21

71 521 222 589 seruernut,
250 509 307 572 diis
329 510 377 594 qni
392 510 480 592 vulgo
499 507 641 572 habentur
664 508 848 588 sacrificare,
878 509 1013 574 animatis
1029 510 1127 587 vesci,
1157 530 1192 572 ac

68 611 127 673 rino
144 611 178 674 nti
203 611 347 695 probibuit
361 606 558 696 Pythagoras.
602 609 682 674 ldem
700 631 780 696 qnae
796 611 833 673 ab
854 611 921 674 luna
941 631 1055 674 sursum
1079 621 1190 695 patent,

69 713 239 790 inmortalia,
264 733 339 796 quae
357 711 495 775 interiora
511 723 595 791 sunt,
619 712 753 774 mortalia
769 712 893 775 dicebat.
938 711 1062 775 Animas
1087 733 1104 773 e
1128 733 1192 776 ror-

67 815 165 896 qoribns
187 815 216 877 in
233 815 290 878 elia
308 834 447 898 corpora,
479 813 567 876 etiam
585 813 749 876 animalium
766 834 801 876 ae
817 812 993 894 bestiarum,
1017 815 1191 880 transfundi.

67 915 104 977 Ad
125 917 189 980 baec
221 915 434 1000 quinquennale
462 915 578 978 interim
609 915 756 979 silentium
786 913 938 978 obseruari
962 915 1127 1000 praecepit,
1159 937 1193 979 ac

68 1029 194 1098 postremo
217 1019 302 1079 deum
326 1018 425 1080 baberi
448 1037 481 1080 sc
499 1017 602 1080 voluit.

135 1116 186 1182 Vl.
220 1117 365 1182 Platonici
388 1119 492 1196 deum,
517 1127 547 1180 et
571 1115 739 1197 materiam,
770 1139 805 1181 ac
825 1119 944 1181 formam
965 1119 1189 1184 constituerunt.

68 1215 188 1284 lluudum
217 1221 346 1304 genitum
372 1241 406 1282 ac
430 1218 607 1304 corruptioni
632 1219 810 1296 obnoxium,
839 1219 964 1282 animem
983 1219 1140 1304 ingenitam
1164 1233 1195 1286 et

66 1319 259 1399 immortalem,
289 1343 325 1384 ac
345 1321 472 1384 divinam
498 1319 633 1384 arbitrati
657 1331 736 1383 sunt.
780 1319 877 1384 Huius
903 1331 964 1384 tres
987 1341 1054 1384 esse
1080 1333 1191 1406 partes,

65 1443 134 1484 noan
150 1424 264 1486 ratione
282 1424 457 1507 praeditam,
482 1422 602 1484 alteram
621 1442 677 1504 qua
692 1421 859 1502 irascimur,
883 1423 998 1485 tertiam
1015 1444 1071 1507 qua
1086 1445 1193 1488 concu-

64 1523 197 1606 piscimus.
242 1519 422 1588 Communes
446 1523 579 1587 omuibus
600 1543 710 1587 uxores
729 1543 795 1586 esse
813 1523 922 1603 uoluit,
946 1545 1032 1587 nemo
1049 1535 1078 1588 ut
1095 1525 1193 1610 priva-

65 1634 111 1686 tam
127 1626 271 1689 obtineret
291 1647 326 1689 ac
350 1625 549 1710 praecipuam,
580 1624 631 1688 scd
652 1635 684 1688 ut
700 1622 819 1708 quilibet
835 1646 955 1709 quarum
973 1625 1061 1689 vellet
1081 1626 1192 1712 copiam

65 1724 179 1790 baberet.
212 1725 303 1790 lidem
320 1727 481 1790 animarum
502 1727 530 1790 in
546 1726 628 1790 varia
646 1746 781 1810 corpora,
801 1725 888 1790 etiam
904 1727 1075 1808 bestiarum,
1097 1738 1193 1792 trans·

63 1827 110 1890 itm
123 1829 292 1892 affirurubat.
337 1827 418 1892 Deos
437 1828 560 1912 denique
577 1827 742 1913 complures
758 1826 793 1891 ab
813 1850 870 1892 uuo
885 1849 953 1892 esse
973 1828 1140 1913 productos.

134 1944 204 2010 Vll.
237 1943 330 2010 Stoici
352 1967 457 2031 corpus
480 1945 650 2010 uniuersum
668 1965 736 2010 esse
758 1945 912 2024 deliniunt,
936 1955 966 2009 et
988 1947 1193 2030 aspectabilem

65 2045 128 2108 bunc
144 2049 280 2112 mundum
298 2048 381 2111 deum
401 2068 467 2112 esse
482 2057 624 2111 statuunt.
657 2045 800 2110 Nonnulli
819 2048 904 2112 etiam
922 2068 962 2110 ex
978 2046 1046 2130 igne
1062 2060 1193 2114 naturam

61 2147 127 2211 illius
140 2161 276 2213 constare
293 2149 463 2214 defendunt.
497 2147 592 2212 [lcum
610 2148 714 2233 qnippe
730 2158 856 2212 mentem
873 2169 940 2214 esse
956 2160 1068 2234 putant,
1092 2171 1127 2214 ac
1142 2172 1194 2214 ra·

61 2250 195 2314 atissimae
221 2251 311 2314 totius
328 2249 429 2330 molis,
461 2251 536 2314 cccli
560 2261 715 2334 terraeque
738 2249 893 2328 uidelicet,
916 2250 1055 2316 arrimam.
1101 2247 1194 2316 Cuins

63 2373 168 2436 corpus,
186 2364 218 2414 ut
229 2351 302 2430 diui,
319 2363 407 2416 totum
424 2353 479 2415 lroc
495 2353 533 2414 sit
549 2353 729 2430 urrirersum,
750 2353 824 2415 oculi
840 2373 911 2418 vero
924 2352 1031 2416 sidera.
1057 2351 1194 2418 Omnium

62 2453 171 2516 interire
191 2475 329 2532 cantem,
361 2464 392 2515 ct
412 2454 537 2516 arriruam
564 2453 594 2516 in
621 2453 737 2516 diversa
763 2454 889 2516 transire
909 2475 1032 2539 corpora
1057 2455 1112 2518 sibi
1130 2477 1195 2539 qner-

60 2555 184 2618 suadent.

137 2654 222 2719 Vlll.
248 2655 386 2739 Epicurei
401 2666 514 2719 atomos
531 2666 560 2718 et
575 2655 722 2720 individua
736 2677 858 2740 corpora
873 2656 1015 2720 similibus
1032 2659 1196 2720 constantia

61 2757 192 2840 partibus,
217 2768 244 2820 et
258 2757 382 2835 infinita,
403 2779 499 2820 rernm
517 2756 644 2820 omnium
662 2755 833 2843 principium
851 2777 885 2820 ac
901 2758 987 2821 linem
1005 2777 1072 2822 esse
1090 2759 1197 2822 docue-

60 2869 132 2920 runt.
177 2855 328 2922 Summum
346 2857 450 2922 bouum
470 2859 499 2920 in
517 2858 666 2944 voluptate
684 2868 862 2942 posuerunt,
886 2860 971 2922 deum
988 2881 1022 2924 ac
1042 2860 1198 2946 providen-

60 2962 123 3022 tiam
146 2959 179 3022 ab
195 2981 295 3023 rerum
318 2959 568 3023 administratione
591 2961 784 3024 sustulerunt.

140 3074 196 3143 ΙΧ.
218 3075 438 3142 Samaritismus
460 3089 489 3140 et
505 3074 683 3145 Samaritae.
718 3075 814 3141 liuius
830 3079 867 3142 ab
885 3077 1031 3144 ludaismo
1049 3080 1133 3164 origo
1148 3080 1198 3144 de·

61 3179 185 3256 ducitur,
208 3199 283 3262 quae
299 3190 445 3243 sectarum
461 3181 535 3264 apud
554 3177 687 3243 Graecos
702 3178 836 3243 divortiis
852 3187 883 3244 et
899 3201 998 3244 earum
1015 3181 1142 3246 decretis
1163 3202 1199 3245 ao

61 3281 233 3364 dogmatibus
249 3281 394 3364 antiquior
406 3291 462 3344 est.
488 3279 669 3345 Graecorum
686 3301 773 3365 porro
781 3281 1017 3366 superstitionem
1031 3282 1197 3368 complexa,

61 3395 85 3443 et
101 3403 166 3444 cum
182 3379 307 3445 ludaicis
326 3382 507 3466 dogmatibus
529 3383 624 3466 aliqua
644 3403 684 3445 ex
702 3393 784 3466 parte
807 3383 933 3448 miscens
950 3383 1000 3448 illa
1016 3395 1098 3448 secta
1120 3383 1199 3447 circa

60 3482 342 3547 Nabuchodouozori
361 3495 392 3546 et
408 3480 543 3548 ludoicae
559 3483 736 3569 captivitatis
753 3495 883 3569 tempora
902 3486 1019 3569 prodiit.
1041 3483 1133 3548 Primi
1151 3507 1198 3548 se-

61 3596 122 3648 ctae
139 3585 305 3648 conditores
322 3604 363 3648 ex
373 3584 509 3670 Assyriis
528 3585 557 3648 in
574 3583 710 3649 iudaeam
737 3587 925 3670 transportati
948 3586 1075 3671 quinque
1097 3587 1201 3650 dunto-

59 3699 109 3748 xat
124 3683 238 3770 Moysis
256 3686 347 3750 libros
370 3697 564 3771 aeceperunt,
589 3708 661 3771 quos
680 3708 732 3772 per
749 3685 873 3750 Esdram
891 3690 1072 3751 sacerdotem
1090 3708 1146 3750 rex
1164 3688 1201 3750 ad
1263 3703 1270 3749 t

61 3789 122 3851 illos
140 3783 289 3873 Babylone
308 3787 494 3852 submiserat.
531 3785 634 3873 ltaque
653 3799 769 3852 caetera
785 3787 893 3852 babent
910 3811 973 3852 cum
992 3787 1107 3854 ludaeis
1122 3811 1202 3853 uom-

60 3889 174 3968 munia,
203 3890 228 3952 si
253 3889 310 3952 hoc
331 3911 417 3952 unum
436 3891 567 3974 excipias
591 3891 666 3973 quod
689 3901 718 3952 et
741 3901 844 3974 gentes
868 3889 1084 3968 abominentur,
1108 3910 1203 3974 neque

61 4011 228 4076 quemqnam
245 3991 417 4075 contingere
432 3990 535 4068 velint,
555 3993 688 4076 quodque
705 4003 883 4056 mortuorum
901 3993 1158 4070 resurrectionem,
1169 4013 1204 4056 ac

60 4103 190 4156 caeteras
204 4103 271 4176 post
283 4090 410 4178 Moysen
427 4092 592 4178 prophetias
608 4092 754 4156 reiiciont.
788 4089 1037 4157 Samaritanorum
1056 4103 1102 4158 est
1118 4095 1222 4169 lectio,

60 4195 152 4258 divisa
172 4194 202 4256 in
226 4203 324 4278 partes
345 4205 479 4278 quatuor.

61 4367 111 4414 dem
127 4369 228 4426 tmpore
244 4369 320 4412 ortum
333 4377 381 4413 eoae
394 4366 542 4426 mmdrcrum
553 4367 620 4426 cnud
688 4365 727 4417 7¹2.
745 4365 885 4418 locmdttnt
895 4366 1134 4428 estmetnbotoeost.
1152 4369 1207 4416 t'ut·

61 4435 160 4482 croceos
173 4434 249 4482 cottus
263 4433 353 4480 tnrtttar'
368 4435 507 4493 rtteoeptus,
523 4445 553 4482 eu
567 4436 620 4482 sinu
654 4449 684 4498 qo
700 4439 763 4484 extet
780 4431 854 4490 elatu.
872 4438 949 4484 minus
966 4437 1092 4485 commoda
1202 4451 1205 4460 ¹

60 4501 134 4559 tuctu
145 4499 260 4548 tudommt
275 4505 365 4560 crtum
379 4501 410 4547 ub
425 4513 482 4548 oeno
494 4501 617 4552 Nobucbo·
685 4501 725 4552 73.
742 4499 832 4566 μωσία
849 4504 900 4552 cod.
919 4505 994 4551 tenet

60 4567 169 4617 dorum
183 4571 205 4616 et
218 4567 332 4616 ludoicus
347 4568 499 4630 captivitatis.
684 4564 725 4620 ii.
743 4566 773 4622 bl
787 4583 833 4620 om.
848 4571 898 4620 eod
909 4571 985 4622 Venot.
993 4606 1003 4634 ,
1017 4576 1040 4622 et
1052 4571 1193 4632 Anurenlmt.
