2994 5024
355 295 490 348 eastun
508 297 571 349 um
584 298 605 348 t.
622 295 703 348 rost.
716 297 760 348 nr.
777 296 876 348 uass.
889 295 971 348 xon.
1179 285 1239 348 623

82 414 138 500 qui
162 435 198 478 ea
218 415 283 480 loca
302 427 471 502 peragrent.
516 413 628 480 Verum
648 427 681 480 ut
698 437 752 480 suo
768 415 859 501 ipsius
875 437 928 480 ore
945 416 1152 482 convinceture
1184 421 1240 480 Fa·

84 531 164 580 etum
179 530 238 594 est,
271 519 381 604 inquit,
412 524 441 582 riu
462 539 518 582 uno
535 523 642 582 11100001
661 523 776 582 docente
794 522 844 580 illo
865 523 895 580 rie
914 522 1031 600 tempto,
1061 524 1243 602 promserunt

84 626 204 683 risel'eere
226 626 254 684 in
276 625 355 685 illum
377 645 491 698 manau,
524 627 741 696 attinuerunt,
775 631 808 684 ul
823 622 956 706 sequenti
976 622 1069 708 capite
1086 618 1170 685 LIV.
1189 621 1240 684 tle·

84 723 226 788 claretur.
273 721 366 810 Igitur
383 724 624 811 quemadmodum
642 721 837 788 IIiericboute
858 723 888 786 iu
908 724 1043 810 templum
1065 725 1181 788 venerit
1201 745 1240 788 ex

85 826 192 890 eodem
215 827 266 890 illo
288 827 394 892 itinere
416 849 450 891 ac
472 827 538 891 viae
556 827 711 890 Intervallo
732 825 930 912 cognoscitur.
978 823 1036 891 Sel
1060 847 1096 891 eo
1118 847 1167 890 res
1190 828 1241 892 ad·

82 929 174 992 ducto
197 939 244 992 est
265 940 297 993 ut
315 928 462 1016 improbus
485 929 532 992 ille
553 939 704 992 veteratur
723 951 796 1014 qnae
819 929 848 991 in
871 929 920 993 ria
938 939 1021 1013 gesta
1041 939 1126 1008 suot,
1160 939 1190 992 01
1209 929 1238 992 iu

82 1031 194 1116 templo
210 1052 227 1094 a
244 1033 392 1096 salvatore
410 1042 479 1096 ante
498 1031 574 1095 bunc
588 1051 752 1097 sermonem
772 1042 838 1096 suat
855 1031 949 1111 (licta,
979 1031 1178 1096 dissimulasse
1196 1031 1239 1095 ri-

85 1134 202 1197 deatur.
247 1131 414 1214 Nimirum,
438 1140 544 1198 1100100
558 1155 618 1196 tneo
633 1137 730 1196 domus
745 1139 881 1197 oratabm's
900 1136 1045 1197 vocabalum
1060 1146 1133 1209 ete,
1159 1143 1190 1197 ut
1207 1132 1236 1196 iu

82 1235 236 1321 prophetia
258 1236 405 1323 leguntur.

171 1335 272 1404 Sebol.
290 1337 375 1404 LIV.
407 1344 449 1402 Et
463 1345 642 1422 quussmunt
662 1343 778 1402 tiaribere
797 1363 897 1404 munus
917 1343 947 1402 in
968 1343 1065 1414 illum,
1090 1351 1119 1402 et
1138 1345 1236 1403 tulnae·
1250 1355 1344 1416 tuest,
1358 1362 1388 1406 te.

80 1453 163 1504 runt.
1033 1497 1036 1508 .

169 1543 271 1611 Ilelut
288 1545 374 1612 LIV.
409 1543 494 1629 Quae
513 1546 547 1610 ad
566 1545 642 1609 buno
657 1545 753 1610 locum
772 1555 920 1632 spectant,
951 1566 987 1609 ea
1007 1545 1140 1630 proxima
1157 1547 1236 1610 relu-

81 1646 197 1712 tatione
218 1670 283 1714 cum
305 1650 368 1736 ipsa
391 1649 525 1734 loquendi
546 1648 661 1712 ratione
683 1669 767 1733 quam
791 1648 856 1712 lieri
879 1649 972 1735 potuit
990 1648 1164 1714 brevissime
1182 1669 1236 1712 ex·

79 1769 175 1833 pensu
197 1762 318 1817 suntet
339 1753 498 1840 explicata.

169 1848 272 1920 Scbcl.
289 1853 357 1920 LV.
390 1851 464 1918 Item
485 1853 565 1919 illum
582 1851 699 1918 induxit
717 1852 828 1932 Iocum,
859 1875 916 1937 quo
939 1854 975 1917 cle
993 1853 1053 1918 vite
1072 1853 1120 1917 illa
1138 1852 1234 1937 agitur
1248 1867 1304 1914 rura.
1316 1873 1336 1917 a.

79 1955 222 2040 agricolis
243 1957 349 2023 locata.
394 1957 493 2042 Atque
509 1954 565 2020 hoc
579 1955 716 2042 iusuper:
742 1959 984 2038 0011010000,
1008 1961 1140 2038 Lapidem
1155 1978 1233 2038 quem
1248 1973 1305 2018 nra
1318 1978 1348 2020 n.

79 2061 308 2139 reprobaverunt
325 2063 529 2143 cedachontesl

166 2159 269 2228 Ilelut.
290 2160 361 2227 LV.
394 2159 476 2228 Nihil
503 2162 532 2225 itl
559 2160 674 2246 quidem
701 2179 810 2224 nocere
836 2159 920 2224 uobis
946 2172 1052 2244 potest.
1102 2159 1235 2226 Tametsi

77 2263 160 2326 enim
176 2263 272 2329 locum
287 2265 374 2330 istum
390 2264 553 2342 exemerit,
577 2284 636 2327 non
655 2262 713 2326 ullo
729 2263 757 2326 it
775 2273 877 2326 nostro
895 2264 1000 2327 damno
1016 2263 1150 2343 sustulit,
1180 2264 1233 2328 0011

78 2364 138 2428 sibi
162 2366 219 2452 ipsi
240 2367 361 2453 tuisque
385 2365 479 2432 Irauii
501 2367 596 2452 potius
620 2365 684 2430 luit.
731 2361 937 2449 Compluribus
959 2365 1037 2430 enim
1060 2365 1234 2430 testimoniis

77 2468 155 2534 satis
176 2489 322 2555 superque
343 2469 499 2534 relellitur.

167 2566 269 2635 Scbol.
290 2569 374 2635 LVI.
407 2569 527 2638 Delevil
542 2571 628 2635 illude
662 2573 734 2648 Quia
752 2590 816 2630 uero
833 2575 1120 2650 mortat'resurgunt,
1152 2573 1346 2650 Moy-tutata.

77 2694 128 2734 ses
144 2678 360 2736 0010010100οω
375 2675 492 2749 rubetae,
516 2679 593 2736 01001
606 2675 677 2734 dr'er't
689 2675 828 2733 domiuum
845 2676 925 2734 110000
941 2674 1085 2748 Atreum,
1108 2675 1191 2734 Isaac
1207 2684 1236 2732 et

78 2776 177 2837 10001.
224 2781 300 2838 Deua
321 2787 414 2839 autent
435 2789 480 2840 est
499 2780 639 2850 orborum,
663 2797 717 2836 non
740 2785 922 2836 mortuorum.

167 2875 270 2944 IIeIut.
288 2876 374 2943 LVI.
409 2877 606 2942 Admirandus
627 2876 711 2962 plane
734 2875 829 2940 insani
852 2875 976 2942 hominis
998 2887 1110 2961 stupor.
1156 2872 1233 2958 Quid

78 2979 182 3042 eoiml
224 2977 293 3044 Nou
316 2980 385 3044 illud
409 2979 652 3044 animadvertisse
674 2999 726 3064 par
749 2978 824 3042 istud
842 2999 909 3042 esse
926 2977 1122 3044 testimouium
1140 2977 1232 3040 altero

77 3081 123 3144 illi
146 3081 183 3145 de
205 3082 338 3146 mendico
356 3079 493 3162 Lazaro,
523 3103 578 3146 nee
600 3103 658 3144 uon
681 3092 710 3143 et
732 3101 832 3144 eorum
854 3081 1006 3165 parabolae
1027 3079 1131 3164 quibus
1148 3079 1232 3164 regni

79 3181 178 3248 editus
199 3184 419 3249 intercluditur?
463 3181 595 3267 Quarum
618 3183 732 3268 quidem
754 3182 953 3268 parabolarum
972 3182 1111 3266 reliquias
1130 3203 1232 3246 sorra·

77 3284 141 3364 vit,
172 3306 227 3350 nec
248 3287 355 3350 utalia
378 3287 514 3372 pleraque
537 3285 665 3350 sustulit.
711 3283 754 3350 Ita
777 3305 887 3349 summu
910 3305 963 3348 sua
986 3306 1051 3348 eum
1073 3281 1231 3368 ignominia

79 3387 175 3452 verba
196 3387 244 3452 illa
267 3389 438 3474 dereliquit:
469 3392 534 3450 Illic
556 3394 614 3451 erit
624 3393 715 3473 fletus
736 3400 765 3450 01
783 3391 891 3450 01001100
911 3390 1044 3449 dentium.
1091 3383 1231 3451 Celerum

79 3488 158 3574 quod
181 3499 212 3554 et
227 3490 333 3574 digitus
356 3501 423 3576 post
439 3489 547 3554 obitum
570 3491 600 3554 iu
619 3511 720 3575 aquom
739 3489 937 3574 immergitur,
968 3502 998 3552 et
1013 3510 1087 3573 aqua
1104 3489 1230 3572 linguam

78 3591 257 3675 refrigerat,
282 3591 323 3656 uti
344 3593 379 3656 de
397 3590 516 3658 Lazaro
536 3593 617 3658 diues
634 3593 783 3656 Abraamo
799 3591 928 3672 dicebat,
953 3593 1086 3676 quodque
1103 3590 1230 3654 dentium

78 3691 191 3756 stridor
208 3705 255 3758 001
273 3717 307 3758 00
325 3695 428 3774 Iletus,
460 3705 633 3780 argumento
651 3703 699 3758 est
716 3694 961 3759 resurrectionem
981 3714 1047 3760 0000
1064 3713 1229 3778 corporum,

78 3796 267 3879 quantumvis
281 3817 316 3860 ea
334 3817 409 3880 quae
424 3797 460 3860 110
478 3807 657 3862 mortuorum
676 3797 891 3862 resurrectione
906 3817 977 3862 vere
994 3806 1064 3861 suut
1079 3817 1097 3858 a
1115 3794 1231 3860 domino

78 3895 193 3982 prolata
215 3917 303 3982 pecus
326 3897 375 3962 illa
397 3897 558 3962 sustulerit.

170 3997 271 4065 Sobol.
291 3996 391 4064 LVII.
425 3995 487 4064 Isla
510 4021 625 4086 quoque
647 3999 859 4086 praetermisit:
893 4005 964 4080 0010
993 4024 1057 4064 uno
1080 4011 1233 4080 resurgunt

78 4107 188 4163 mortui
204 4113 233 4164 01
248 4105 361 4182 Moyses
378 4107 500 4166 ostendit
515 4107 626 4178 decens,
660 4107 740 4166 deum
757 4105 901 4180 Abruum,
932 4107 1172 4178 010100011οα00,
1203 4113 1232 4162 et

76 4207 160 4266 110000
182 4206 282 4280 Iacob,
306 4208 385 4266 deum
407 4209 541 4267 uiuorum.

163 4279 267 4370 Ilelut.
282 4303 382 4371 LVII.
415 4304 561 4390 Quoniam
579 4307 624 4374 bis
642 4307 743 4372 eadem
761 4329 778 4371 a
794 4307 939 4372 salvatore
955 4307 1078 4394 repetita
1092 4305 1230 4392 parabola

76 4419 144 4489 est,
173 4407 240 4472 ileo
258 4407 303 4474 bis
323 4430 387 4474 eam
406 4409 628 4497 proposuimus,
658 4433 696 4476 ne
714 4421 747 4476 ut
760 4409 1008 4475 circumforaneus
1025 4409 1083 4476 iste
1099 4406 1226 4488 Marcio,
1356 4466 1360 4477 .

109 4541 153 4596 29.
171 4545 252 4610 Supra
268 4543 366 4608 καθώς.
