2994 5024
260 285 321 348 620
683 295 805 350 θλΝθΤῐ
821 295 990 350 ΕΡλΡΗΑδλίῙ

266 410 326 488 Τάς
344 410 461 490 ἐντολάς
482 409 560 480 οἶδα.
607 411 646 479 Τό
669 413 702 480 δὲ
723 412 791 480 δλον
806 413 968 496 κεφάλαιον
985 412 1118 500 φανερόν
1136 410 1259 498 δπάργει
1278 411 1342 480 άιιό
1363 418 1408 495 τής

261 511 452 591 άτιολοοθίας.
496 518 557 582 Καί
574 519 601 581 εί
613 517 726 600 πατίρα
739 513 856 602 άγαθδν
871 514 978 598 φάσκει
991 519 1042 582 ιιαλ
1056 515 1130 582 θεόν
1145 513 1296 600 όνομόζει,
1318 523 1409 592 καλάς

261 614 320 682 όπό
341 625 394 684 τοῦ
413 617 509 700 νόμον
529 626 582 684 τοῦ
604 617 716 704 πατρός
737 615 829 684 αότοῦ
846 617 979 686 διδάσκει
997 617 1051 685 τόν
1067 619 1248 704 βουλόμενον
1264 617 1322 702 τήν
1337 617 1408 700 ζωήν

140 753 190 797 τις.
202 741 247 787 εει.
260 727 486 805 κληρονομῆσαι,
508 723 559 786 καί
577 718 633 787 οόιι
650 718 760 801 άθετεῖ,
782 719 818 789 οό
834 722 866 788 δλ
882 719 1058 801 α’ποιθεῑεαι,
1081 721 1151 788 άλλά
1167 729 1277 806 μᾶλλον
1292 724 1408 804 ἐπιμαρ

259 831 343 907 τυρεῑ
361 821 430 899 τοάς
451 826 483 889 ἐν
505 821 585 913 νόμῳ
604 826 869 907 πολιτευσαμένους
884 823 962 908 ζωήν
978 822 1100 892 αίοόνιον
1116 827 1408 910 αεκληρονσγτηιιίναι,

261 927 396 992 Μοιϋσία
417 929 517 992 τεκαὶ
538 924 608 1002 πυός
629 925 733 1003 ἄλλους
753 926 916 1012 προφήτας.

345 1026 430 1112 Σγόλ.
444 1026 497 1094 νά.
527 1026 661 1114 Ἐγίνετο
677 1031 709 1095 δὲ
723 1032 755 1096 ίν
768 1035 809 1119 τῷ
822 1033 941 1116 ἐγγίζειν
958 1037 992 1077 ²¹
1004 1027 1095 1094 αότόν
1109 1035 1144 1120 τῇ
1157 1027 1281 1114 Ἷεριγεό,
1304 1027 1408 1112 τυφλός

261 1128 343 1213 ἐβόα,
364 1127 471 1215 Ἰησοῦ,
493 1131 539 1196 υίδ
554 1133 652 1215 Δαβίδ
669 1133 787 1216 ἐλέησόν
803 1158 846 1216 με.
892 1135 951 1200 Καί
967 1131 1015 1198 ὅτε
1030 1131 1115 1216 ίάθη,
1137 1134 1244 1215 φησίν,
1265 1129 1305 1198 Ἠ
1317 1136 1408 1208 πίστις

260 1253 314 1298 σου
336 1234 444 1300 οίσαιιί
465 1255 504 1298 σε.

336 1333 453 1422 Ἕλεγχ.
469 1335 535 1402 νά.ι
556 1333 611 1400 Ἐν
631 1339 725 1403 πίστει
748 1334 804 1402 οάιι
826 1339 869 1403 ἔνι
890 1340 1009 1418 ψεῦδος.
1053 1339 1097 1401 El
1111 1334 1167 1422 γάρ
1186 1335 1344 1415 ψεύδεται,
1373 1333 1408 1402 οά

259 1443 363 1516 πίστις.
407 1439 497 1524 Λέγει
517 1445 606 1524 γοῦν,
638 1440 691 1504 Ti}
712 1441 825 1522 Δαβλδ,
854 1441 905 1505 καί
926 1442 1102 1518 ἐπαινεῖται,
1133 1441 1183 1504 τινί
1205 1443 1355 1522 κομίζεται
1375 1437 1406 1503 τό

260 1545 369 1624 αίτημυ
384 1538 447 1607 ότό
464 1538 558 1623 όνομα
572 1539 757 1628 ὁμολογήσας
772 1543 823 1608 καί
836 1539 893 1607 οάιι
910 1540 1119 1624 Ηἐπετιμήθη
1133 1538 1174 1619 τός
1188 1541 1331 1624 ψεύστης,
1351 1539 1407 1605 ἀλλ’

260 1641 301 1720 τός
321 1642 424 1720 πιστός
447 1647 640 1730 ίματαρίσθη.
688 1642 751 1709 Οτίιι
771 1642 830 1726 άρα
851 1641 980 1729 άσαριιος
1002 1641 1020 1710 ό
1042 1641 1092 1710 διό
1113 1643 1167 1727 τήν
1186 1645 1336 1726 ίπίαλησιν
1356 1650 1407 1708 τοῦ

259 1743 404 1828 όνόματος
421 1744 615 1832 χαρισάμενος
633 1753 673 1834 τῷ
691 1753 792 1836 τυφλῷ
808 1744 842 1818 τό
860 1746 984 1828 βλέπειν.
1025 1744 1188 1829 Ἀληθινῶς
1206 1745 1262 1832 γάρ
1281 1739 1333 1829 ήν,
1358 1747 1407 1810 τισί

259 1846 295 1914 οό
312 1847 447 1931 δοκήσει,
480 1851 513 1914 λιι
534 1855 588 1914 τοῦ
604 1850 769 1933 σπίρματος
787 1849 885 1931 Δαβλδ
906 1846 981 1913 κατά
998 1846 1108 1935 σάρκα,
1139 1845 1199 1914 άπό
1215 1852 1338 1933 Μαρίας
1357 1855 1407 1930 τῆς

259 1946 344 2036 άγίας
364 1951 519 2037 παρθένου
541 1953 592 2016 ιιαλ
614 1949 664 2016 διά
687 1949 851 2034 πνεύματος
872 1946 959 2036 άγίου
982 1951 1198 2037 γεγεννημένος.

342 2152 428 2240 Σγόλ.
445 2153 499 2242 νβ.
533 2156 694 2242 Παρίιιοψε
709 2153 759 2236 τό,
783 2153 971 2241 Παραλαβάν
985 2152 1055 2231 τοδς
1069 2153 1183 2220 δάδειια
1198 2157 1303 2241 ἔλεγεν,
1321 2151 1404 2230 Ἰδοό,

259 2255 456 2341 άναβαίνομεν
473 2260 515 2333 είς
532 2255 738 2344 Ἰεροσόλυμα,
767 2260 818 2323 καὶ
837 2256 1041 2340 τελεσθήσεται
1059 2256 1155 2322 πάντα
1173 2255 1210 2322 τά
1227 2257 1405 2343 γεγραμμένα

258 2361 290 2425 ἔν
302 2369 364 2436 τοῖς
375 2357 542 2444 προφήταις
553 2363 621 2447 περὶ
632 2365 685 2426 τοῦ
698 2364 766 2426 υίοῦ
779 2368 833 2426 τοῦ
845 2357 1027 2444 άνθράπον·
1045 2358 1288 2444 παραδοθήσεται
1302 2357 1404 2444 ῃγάρ,

257 2465 309 2528 ιιαί
332 2459 603 2547 άποιιτανθήσεται,
634 2466 685 2528 τιαί
708 2471 745 2553 τῇ
767 2467 848 2554 τρίτη
871 2459 965 2550 ήμὲρηι
988 2462 1185 2549 ἐγερθήσεται.
1220 2459 1297 2528 ’Όλα
1318 2467 1405 2526 ταῦτα

258 2566 421 2650 παρίτοψε.

334 2664 452 2753 Ἔλεγγ.
467 2665 521 2750 νβ.
553 2665 667 2732 Μ”Ινα
690 2668 722 2732 ίν
744 2669 848 2750 μηδενί
870 2663 1080 2756 όρθοποδήση·
1109 2665 1151 2750 μή
1172 2663 1353 2752 όρθοποδιῖν
1372 2663 1404 2727 δὲ

258 2770 397 2854 ἕλίγχεται
411 2774 596 2858 ῥᾳδιουργεῖν
614 2767 688 2836 κατά
704 2767 801 2835 πάντα
816 2766 936 2855 τρόπον.
972 2767 1116 2855 ’Έκρυψε
1131 2767 1187 2855 γάρ
1203 2765 1240 2832 τά
1254 2764 1337 2850 ῥητά,
1356 2769 1404 2831 ἵνα

258 2874 352 2954 δῆθεν
365 2871 402 2937 τά
418 2874 486 2958 περί
500 2878 553 2938 τοῦ
569 2870 692 2946 πάθους
706 2868 875 2956 όρνήσηται.
911 2869 1055 2958 Ὕστερον
1069 2871 1101 2936 δὲ
1113 2868 1305 2956 όμοίογοῦιτι
1317 2864 1403 2934 αότόν

259 2977 462 3062 ἐσταυρῶσθαι
484 2977 525 3051 είς
546 2971 672 3057 μάταιον
696 2970 775 3062 αὐτῷ
797 2970 816 3040 ό
836 2971 931 3050 πόνος
952 2980 1005 3056 τῆς
1026 2976 1220 3062 ῥᾳδιουργίας
1241 2974 1326 3038 ἔσται.

344 3179 429 3263 Σηόλ.
447 3179 498 3264 νγ’.
533 3180 695 3265 Παρίαοψε
715 3176 748 3243 τό
770 3175 931 3260 κεφάλαιον
951 3175 983 3244 τό
1006 3179 1073 3262 περὶ
1093 3184 1147 3260 τῆς
1168 3175 1241 3244 όνον
1259 3178 1310 3241 τιαλ
1327 3179 1402 3254 Βηθ-

258 3279 357 3368 φαγή,
387 3284 437 3347 καλ
455 3279 488 3347 τό
510 3283 577 3364 περὶ
600 3287 652 3363 τῆς
668 3279 781 3356 πόλεως
803 3282 854 3346 καί
872 3286 926 3346 τοῦ
943 3283 1040 3365 ἱεροῦ,
1072 3277 1195 3345 ὀδιότι
1210 3277 1402 3364 γεγραρμίνον

256 3377 310 3468 ήν,
337 3381 371 3449 ‘0
392 3381 476 3460 οίιιός
497 3409 555 3466 μου
574 3379 658 3460 οίιτος
676 3389 840 3469 προςευχῆς
857 3380 1097 3465 ’θαληθήσειαη
1126 3384 1177 3448 ταί
1194 3389 1306 3448 ποιεῖτε
1322 3374 1402 3444 αόιόν

257 3485 401 3570 σπήλαιον
419 3492 541 3576 ληστοδν.
1204 3493 1209 3506 ”

333 3586 450 3673 Ἔλεγχ.
465 3587 517 3673 νγ’.
553 3584 611 3653 Τόν
625 3589 738 3671 ἔλεγχον
752 3588 859 3670 ἑαυτής
874 3583 996 3669 ήααιιία
1011 3582 1065 3670 οάγ
1082 3582 1149 3674 δρᾷ,
1170 3583 1331 3667 τυφλάττει
1343 3579 1400 3667 γάρ

260 3693 360 3755 Οίεται
382 3692 414 3756 δὲ
435 3689 584 3755 δόνασθαι
602 3685 801 3772 άποκρόπτειν
822 3686 877 3772 τήν
892 3696 945 3772 τῆς
962 3687 1103 3772 άληθείας
1119 3685 1208 3768 όδόν,
1240 3686 1314 3772 ὅπερ
1332 3683 1401 3752 ίσελν

258 3787 412 3858 άδόνατον.
456 3790 564 3868 Εάθδς
585 3790 640 3877 γάρ
663 3788 844 3873 άνεπήδησε,
874 3789 1051 3876 παραλιποόν
1072 3789 1126 3856 όλα
1148 3788 1185 3854 τά
1206 3788 1349 3871 κεφάλαια
1365 3781 1399 3848 τά

257 3896 471 3979 προειρημένα,
493 3892 542 3959 διά
557 3893 609 3960 τόν
625 3895 849 3981 μαρτυρηθέντα
866 3890 958 3958 τόπον
974 3899 1028 3958 τοῦ
1044 3899 1118 3958 ναοῦ
1137 3889 1211 3958 όντα
1227 3889 1318 3956 αὐτοῦ
1332 3891 1399 3953 ἴδιον

256 3987 307 4060 πάλ
330 3999 371 4073 είς
392 3994 486 4077 όνομα
508 3993 601 4061 αότοῦ
619 3993 864 4084 ᾠκοδομημένον,
892 3997 944 4060 ιιαί
963 3992 1022 4061 άπό
1041 4001 1095 4076 τῆς
1111 3991 1224 4078 Ἰεριγεό
1243 3985 1399 4059 καταλιπόν

257 4104 355 4162 πᾶσαν
370 4097 425 4180 τήν
437 4094 619 4164 άιιολουθίαν
635 4105 688 4180 τῆς
702 4095 882 4182 όδοιπορίας,
905 4103 970 4173 πῶς
982 4123 1012 4162 τε
1025 4088 1122 4180 ήλθον
1137 4098 1179 4172 είς
1193 4099 1344 4178 Βηθανίαν
1354 4090 1398 4156 παλ

258 4202 299 4275 τίς
315 4198 476 4285 Βηθφαγή.
522 4197 615 4266 Φόσει
628 4197 684 4285 γάρ
698 4198 852 4286 λεωφόρος
863 4191 902 4281 ήν
916 4197 1027 4264 παλαιά
1039 4196 1153 4284 άγουσα
1166 4199 1208 4274 είς
1221 4188 1396 4282 Ἰερουσαλήμ

135 4325 187 4372 τις.
199 4317 245 4363 εει.
259 4299 309 4366 διά
330 4309 384 4367 τοῦ
398 4300 515 4388 Ὄρους
536 4309 594 4368 τῶν
616 4303 735 4380 ἐλαιῶν,
767 4298 823 4367 οόιι
845 4300 992 4386 όίγνωστος
1009 4294 1084 4368 οόσα
1103 4308 1168 4377 τοῖς
1182 4303 1234 4366 παλ
1250 4298 1301 4365 τόν
1315 4293 1397 4362 τόπον

291 4455 331 4506 21.
350 4451 426 4509 αάτδν
443 4473 516 4520 supra
532 4461 687 4510 desideratur.
850 4461 931 4509 Ρείαυ.
966 4455 1119 4524 ίιτεθνμήθη
1136 4459 1190 4508 edit.
1202 4461 1275 4520 μήτε

291 4521 331 4570 2¹2.
351 4520 492 4590 ίπιτιμήδη
506 4529 556 4581 cod.
568 4530 652 4588 νοτία,
664 4533 686 4577 τε
697 4528 817 4578 ιἰισιιδίι.
884 4524 926 4576 23.
943 4523 992 4592 γὰρ
1012 4541 1059 4578 παπ
1075 4528 1160 4590 ίιςλίιιτ
1175 4539 1255 4590 ιαρεο.
