3010 5000
368 352 503 406 ruutau
519 351 579 406 uta.
594 355 614 408 r.
631 353 713 408 rou.
728 353 771 406 tn.
788 353 885 405 ntea.
897 353 978 405 xurr.
1184 342 1244 405 553

94 484 179 554 stus,
203 475 250 558 qui
269 473 442 538 adulterum
460 475 689 559 extinguendum
707 475 848 552 accessit,
873 473 1058 560 tyrannicum
1075 472 1140 538 eius
1154 472 1246 536 domi-

93 587 197 640 natum
215 588 366 653 evertere,
398 587 496 662 utpote
515 579 588 662 quod
606 578 713 641 acriter
730 575 852 641 obsistat
870 588 900 640 et
919 578 1061 640 adversos
1080 597 1245 662 supremum

91 678 179 756 illud,
203 681 277 762 quod
295 701 348 742 nec
363 679 456 743 videri
475 701 530 743 nec
546 679 687 744 nominari
704 689 811 763 potest,
835 679 877 742 sic
893 689 1004 763 pugnet
1019 700 1053 743 ao
1069 682 1244 765 refragetur,

92 779 176 845 nulla
199 791 229 843 ot
251 783 280 845 ri
303 779 387 846 deiici
410 801 477 846 sese
499 782 634 867 patiatur.

183 879 269 966 Quod
292 896 390 947 auum
413 885 534 947 insanus
557 885 605 948 ille
626 885 715 968 legem
736 907 770 947 ae
789 883 944 969 prophetas
964 883 1114 947 existimat
1131 905 1147 946 a
1165 885 1246 946 dete·
1267 890 1325 958 cap.
1340 891 1383 940 ttt.

91 985 169 1049 riori
192 1007 226 1048 ac
249 987 397 1050 contrario
419 1005 486 1050 esse
504 984 670 1070 Principio,
701 987 858 1050 ameliore
880 1006 952 1049 vero
974 982 1140 1065 Christum,
1170 986 1194 1050 si
1218 985 1246 1048 id

90 1109 198 1152 verum
222 1099 284 1168 est,
316 1089 461 1172 quomodo
484 1109 556 1173 quae
581 1089 616 1150 ad
636 1083 782 1152 Christum
801 1088 963 1152 attinebant
980 1088 1137 1172 prophetae
1156 1088 1245 1150 certis

93 1192 253 1276 figurarum
270 1191 430 1282 involucris
445 1191 561 1254 obtecta
576 1190 722 1254 vaticinati
738 1201 806 1254 sunt
821 1191 875 1252 nisi
891 1210 948 1253 nna
964 1191 1122 1273 eademque
1137 1190 1182 1252 vis
1199 1210 1245 1252 es-

93 1306 145 1358 set
167 1315 240 1378 quae
266 1295 294 1357 in
319 1294 383 1378 lege
409 1292 518 1378 pariter
542 1315 576 1356 ac
602 1291 746 1377 prophetis
772 1304 859 1375 atque
883 1291 1045 1374 evangeliis
1067 1293 1162 1355 locuta
1188 1291 1245 1354 sit?

98 1395 352 1478 Quemadmodum
381 1396 450 1458 dicit
478 1397 525 1480 qui
551 1394 691 1478 loquebar
718 1395 744 1457 iu
772 1394 936 1480 prophetis:
971 1397 1386 1461 &commiserescendum

95 1496 256 1562 Praeterea
274 1519 327 1564 cur
340 1497 474 1562 dominus
491 1498 519 1560 iu
536 1497 690 1580 evangelio
706 1497 901 1582 praedicaret,
925 1501 961 1558 Sr'
975 1501 1072 1576 Moysi
1083 1501 1244 1571 crederetis,
1259 1509 1399 1564 iocansne.

96 1605 250 1663 crederetis
258 1604 387 1684 forsitan
406 1613 435 1661 et
450 1603 533 1673 rna'hs',
567 1604 746 1662 densendo
764 1603 813 1661 r'llc
829 1603 965 1680 sempsit?
1006 1597 1095 1662 Plura
1113 1599 1245 1682 equidem

96 1705 135 1766 de
151 1702 291 1766 eiusmodi
307 1701 483 1766 testimoniis
499 1701 528 1764 in
548 1701 671 1764 inedium
688 1703 791 1765 allerre
809 1723 941 1787 possem,
966 1700 1068 1785 quibus
1084 1702 1248 1764 accumula·

96 1805 138 1868 tis
153 1805 278 1868 scholam
296 1805 343 1868 ille
361 1805 415 1867 sibi
432 1805 587 1882 enullavit,
613 1805 660 1887 qui
678 1803 784 1868 inlelici
801 1805 923 1889 quodam
942 1807 1001 1868 lato
1014 1825 1196 1866 communem
1211 1805 1246 1866 ad

95 1907 180 1971 orbis
193 1907 350 1994 pernicium
366 1907 501 1984 effloruit,
526 1915 735 1969 assectatores
752 1927 820 1970 suos
837 1907 865 1969 in
885 1906 1014 1969 lraudem
1030 1906 1150 1990 impulit.
1186 1904 1245 1970 Sed

97 2011 175 2073 banc
196 2031 252 2094 ego
274 2029 387 2094 quoque
407 2008 650 2094 praetermittam,
683 2019 831 2093 postquam
856 2029 918 2072 rani
941 2009 1081 2093 memycis
1099 2007 1247 2072 cuiusdam

95 2134 134 2177 ae
150 2111 371 2198 pemphredonis
390 2112 480 2194 (quod
498 2131 606 2196 vespae
624 2131 717 2194 gertus
733 2115 792 2192 est)
811 2111 920 2188 instar,
954 2131 1027 2195 quac
1046 2120 1075 2173 et
1092 2109 1151 2173 ictu
1167 2111 1247 2175 dolo-

95 2235 161 2278 rem
179 2215 321 2278 incutiunt
342 2226 371 2277 et
392 2235 430 2276 ex
449 2223 640 2297 pennatorum
660 2212 835 2276 insectorum
853 2233 962 2297 genere
981 2223 1066 2290 suut,
1099 2234 1156 2275 uno
1178 2235 1247 2275 cou-

97 2329 179 2380 taetu
198 2315 362 2400 obtrituque
381 2315 550 2400 profligari,
585 2316 781 2379 efficacissima
803 2315 848 2378 dei
873 2316 927 2378 lide
949 2337 982 2378 ac
1002 2315 1121 2378 salutari
1140 2315 1246 2377 domini

97 2419 193 2482 nostri
211 2416 278 2482 lesu
298 2415 407 2482 Christi
428 2417 557 2481 doctrina
575 2418 737 2495 subnixus,
769 2419 816 2503 qui
837 2418 925 2495 dixit,
960 2421 1054 2478 Videte
1071 2440 1106 2477 ne
1124 2421 1400 2498 decipio-uuerden

96 2527 184 2584 mrhs':
216 2525 298 2583 msslts'
316 2526 387 2582 earhr
408 2525 519 2582 censent
532 2524 796 2601 pseudoprophetae.
844 2517 975 2604 Cumque
996 2530 1024 2581 et
1043 2519 1192 2603 apostolus
1212 2487 1400 2582 dementata

95 2623 203 2687 iisdem
222 2624 366 2685 ementitis
386 2617 512 2686 Christis
530 2643 565 2685 ac
578 2622 726 2706 magistris
744 2624 880 2707 falsisque
898 2621 1035 2685 tratribus
1051 2621 1164 2684 loeutus
1182 2641 1249 2684 cau·

95 2725 191 2788 tiores
208 2745 263 2788 nos
279 2725 451 2804 reddiderit,
476 2725 511 2788 ad
529 2724 667 2808 reliquas,
692 2735 777 2808 prout
792 2725 894 2788 ordine
911 2744 978 2787 sese
994 2724 1132 2803 orarunt,
1156 2736 1250 2788 unns-

97 2827 218 2891 lereuda
242 2826 324 2890 uobis
346 2839 392 2891 eat
415 2827 521 2890 oratio.

274 3065 524 3143 cuurnu
570 3009 1071 3161 uuncroursrus

324 3211 405 3282 quae
432 3193 484 3263 est
509 3186 656 3262 haeresis
676 3183 809 3278 xxti„
836 3188 888 3262 rel
908 3187 1020 3263 XLII.

184 3335 338 3418 Marcion,
370 3360 387 3402 a
409 3359 466 3422 quo
487 3335 695 3402 Marcionistne
718 3338 857 3402 nominati
879 3350 964 3417 snut,
1000 3359 1016 3401 a
1038 3336 1176 3404 Cerdone
1198 3339 1249 3402 illo
1268 3349 1359 3416 eapt.

96 3441 168 3506 noui
186 3442 329 3526 dogmatis
347 3441 530 3504 occasionem
546 3439 701 3525 arripiens,
725 3441 829 3524 ingens
845 3443 952 3525 etipse
968 3441 1088 3505 coluber
1102 3442 1131 3504 in
1148 3441 1248 3505 orbem

97 3557 243 3609 terrarum
258 3543 392 3607 inuectus
409 3555 466 3607 est.
512 3538 570 3625 Qui
587 3543 696 3606 infinita
713 3542 859 3606 homiuum
876 3542 1056 3607 multitudine
1073 3543 1163 3606 variis
1180 3545 1250 3606 arti·

96 3649 153 3710 bus
173 3647 208 3708 ad
229 3644 282 3709 hoc
302 3667 392 3730 usque
411 3659 524 3730 tempus
541 3645 625 3709 illusa
644 3645 739 3708 ludum
760 3647 871 3710 erroris
889 3647 1014 3730 aperuit.
1061 3647 1159 3730 Atque
1178 3646 1250 3709 haec

97 3749 232 3812 haeresis
249 3747 333 3810 hodie
351 3769 408 3810 nou
425 3749 510 3812 urodo
526 3747 640 3812 Romae
658 3758 687 3810 et
704 3746 732 3810 in
753 3746 834 3810 ltalia
850 3748 1012 3832 reperitur,
1037 3749 1087 3811 sed
1104 3760 1133 3812 et
1150 3751 1250 3835 Aegy·

99 3863 178 3936 ptum
201 3869 236 3913 ac
260 3847 473 3930 Palaestinam,
508 3873 561 3914 nec
585 3871 642 3914 non
669 3850 807 3913 Arabiam
831 3871 867 3913 ac
891 3848 1028 3935 Syriam,
1063 3847 1191 3935 Cyprum
1214 3874 1249 3914 ac

99 3951 299 4030 Thebaidem,
324 3953 382 4014 imo
401 3953 487 4016 etiam
504 3952 655 4016 Persidem
672 3953 801 4037 aliasque
818 3953 954 4035 regiones
972 3953 1118 4037 longeest
1136 3954 1249 4038 lateque

99 4067 271 4141 pervagata.
316 4051 431 4138 Quibus
457 4057 486 4117 in
509 4055 581 4118 louis
605 4055 756 4138 plurimum
780 4054 976 4139 nequissimus
998 4056 1120 4119 daemon
1141 4056 1249 4118 eallidi-

99 4169 160 4221 tate
181 4177 235 4220 sua
253 4177 288 4219 ac
305 4157 498 4220 trauttrtentta
514 4158 645 4242 proiecit.
691 4153 762 4220 Fuit
779 4159 835 4221 iste
850 4179 959 4240 genere
976 4155 1133 4234 Ponticus,
1158 4179 1196 4220 en
1214 4179 1249 4220 ea

100 4270 183 4345 parte
200 4278 274 4344 quac
291 4257 511 4344 Helenopontos
527 4259 643 4338 dicitur,
668 4259 772 4344 oppido
789 4257 912 4344 Sinope,
937 4259 1174 4344 quemadmodum
1193 4261 1250 4323 lre·

100 4362 199 4446 quenti
222 4362 259 4424 de
283 4381 319 4424 eo
343 4363 418 4424 lama
441 4359 616 4443 percrebuit.
664 4358 723 4445 Qui
744 4361 826 4425 initio
851 4363 928 4426 ritae
952 4361 1066 4427 scilicet
1086 4361 1249 4426 castitatem

103 4514 158 4567 183.
173 4531 193 4566 c.
209 4517 279 4565 schol.
294 4517 421 4578 Epiphonh'
436 4519 489 4566 libri
505 4519 575 4579 vulso
589 4530 658 4579 pros·
725 4515 749 4566 3.
767 4519 801 4568 llo
816 4521 912 4567 comest.
948 4519 1013 4567 Libet
1025 4520 1250 4583 entmtosentnss-

102 4585 152 4636 hat
169 4581 289 4650 μίμνκος.
693 4581 827 4652 horruissem
843 4585 892 4638 ruia
908 4578 997 4639 ἄλλων.
