3010 5000
295 358 540 410 enascuntur.
558 357 690 410 rouru.
707 357 805 408 unua.
815 356 941 410 xxxix.
1127 339 1188 406 529

52 477 110 557 idi,
140 475 249 542 Cainus
273 497 308 540 ac
332 473 457 557 Setbus,
489 477 656 556 habuerint,
686 476 803 540 minime
830 487 876 540 cst
899 476 1066 540 obscurum.
1111 472 1189 539 Nam

54 581 161 646 Abelus
184 591 295 646 matura
318 581 443 644 noudum
464 591 559 646 aetate
581 580 711 645 sublatus
729 591 776 644 est
791 601 808 644 e
826 579 937 658 medic,
970 599 1063 664 neque
1079 599 1111 643 se
1130 599 1190 642 ma·

55 683 188 748 trimonio
210 683 415 747 coniunxerat.

136 783 246 850 Extant
268 787 296 848 iu
315 783 469 864 lubitneis,
501 785 548 870 qui
564 785 638 848 liber
654 783 779 849 Genesis
796 781 890 849 Parva
908 785 1029 862 dicitur,
1062 805 1188 848 uxorum
1208 791 1325 860 capvt.

55 885 139 954 Caini
161 885 300 973 Setbique
324 888 456 966 nonriuu,
489 887 588 971 utqui
612 889 748 950 confictus
771 887 835 951 idas
859 887 971 951 tabutas
993 887 1021 950 in
1045 887 1192 951 barnuinum

53 992 140 1055 vitam
161 989 339 1054 invexerunt
361 992 469 1077 pudore
493 989 610 1053 omnino
634 989 845 1053 suduuduutur.
891 989 1007 1054 Etenim
1030 1011 1093 1053 eum
1114 989 1193 1052 Ada-

53 1114 117 1156 mus
139 1093 286 1178 utriusque
308 1114 399 1157 senus
422 1092 529 1156 iiberos
551 1092 745 1177 suscepisset,
778 1113 899 1156 necesse
922 1114 974 1178 per
994 1091 1044 1156 itta
1065 1103 1194 1176 tempora

53 1197 108 1259 tuit
126 1204 158 1258 ιι
174 1195 222 1258 diii
238 1195 421 1259 matrimonia
440 1217 502 1258 cunr
522 1195 673 1258 sororibus
691 1195 808 1258 iuircot.
851 1192 958 1279 Neque
975 1194 1003 1257 id
1022 1205 1086 1259 erat
1103 1195 1194 1257 inter·

52 1298 177 1378 dictum3
209 1310 363 1384 propterea
386 1297 460 1383 quod
482 1318 574 1381 genus
596 1297 673 1361 atiud
695 1307 759 1360 crat
781 1295 926 1360 bominum
949 1298 1069 1360 nultum,
1115 1293 1195 1379 eriu

53 1399 141 1464 etiam
160 1400 288 1464 Adamas
311 1401 374 1485 ipse
397 1422 461 1463 cum
485 1421 556 1479 ιιι,
588 1401 677 1463 utita
698 1400 807 1480 dicum,
839 1400 895 1464 iilia
914 1399 1049 1484 eorriugio
1068 1399 1194 1462 sociatus

54 1513 117 1581 est,
148 1503 288 1586 quamde
311 1503 374 1567 eius
397 1523 518 1588 corpore
541 1502 802 1566 deuseffiuxerat:
836 1504 918 1566 credas
942 1502 1018 1566 euim
1043 1501 1112 1564 illud
1137 1522 1194 1564 non

55 1617 129 1669 erat.
174 1602 215 1668 Et
230 1625 270 1667 cx
287 1603 362 1668 iilius
380 1604 478 1667 tiberis
498 1599 609 1669 Caicus
623 1625 754 1667 sororem
772 1614 840 1668 uatu
860 1605 996 1668 maiorem
1015 1603 1116 1682 duxit,
1141 1601 1197 1668 Sa·

53 1728 121 1772 vem
139 1706 267 1770 nominc.
312 1703 421 1771 Sethus
438 1728 526 1792 porro
543 1706 646 1770 Adami
666 1707 787 1770 idiorcm
804 1706 907 1771 tertius
925 1722 990 1792 post
1006 1707 1129 1772 Abeium
1147 1727 1198 1792 gc-

55 1811 133 1874 nitus
150 1831 214 1872 cour
231 1810 285 1873 alia
302 1830 405 1872 sorore
421 1812 522 1874 Azura
539 1809 710 1872 eortiuuctus
725 1820 781 1872 est.
825 1805 957 1873 Fuerunt
974 1821 1004 1873 ιι
1020 1810 1068 1872 alii
1083 1810 1198 1873 Adnmo

55 1911 157 1989 biberi,
187 1921 219 1975 ut
235 1899 264 1974 in
282 1908 379 1976 Parva
399 1912 446 1974 itta
466 1909 576 1975 Genesi
593 1912 729 1996 seriptum
749 1921 810 1990 est,
841 1933 946 1976 tuorem
964 1912 1077 1975 seilicet
1094 1933 1199 1974 seeun-

55 2015 121 2078 dum
142 2014 254 2098 priores
271 2015 336 2077 idos
359 2025 436 2091 tres,
460 2024 491 2078 at
508 2016 537 2076 in
556 2024 646 2077 totum
666 2015 738 2078 tibias
756 2016 844 2093 duas,
868 2035 964 2078 mares
983 2014 1132 2078 duodecim
1150 2035 1200 2078 su-

55 2116 202 2202 sceperit,
235 2137 251 2180 e
276 2117 377 2200 quibus
400 2117 514 2184 occisus
537 2137 627 2194 unus,
657 2117 789 2180 undecim
812 2117 984 2201 superstites
1004 2116 1096 2180 relicti
1118 2130 1196 2182 suut.
1212 2131 1302 2178 uene

57 2215 142 2301 Quae
162 2218 257 2283 omnia
273 2219 303 2281 iu
320 2217 423 2283 Mundi
440 2213 610 2302 Originibus
630 2239 664 2281 ac
685 2219 776 2304 primo
791 2217 887 2284 Musis
904 2218 1050 2284 volumine
1071 2219 1115 2283 bis
1134 2241 1200 2282 rer-

56 2323 103 2387 bis
117 2321 335 2408 significantur:
358 2325 399 2383 Et
414 2325 487 2382 uricit
502 2325 595 2383 Adam
613 2327 695 2384 unum
711 2325 932 2396 DCCCCXXX,
957 2334 986 2384 et
1004 2327 1107 2402 genuit
1116 2323 1200 2404 filios

55 2437 85 2486 et
96 2427 200 2506 filetus,
224 2437 254 2486 et
272 2437 398 2486 mortuus
418 2435 470 2485 cst.

142 2627 282 2696 Ceterum
295 2628 467 2714 amplificato
485 2628 630 2692 bominum
646 2650 754 2713 genere
769 2639 910 2714 auctoque
924 2639 1106 2716 posterorum
1120 2628 1200 2692 nea·
1219 2631 1340 2699 sepult.

54 2734 96 2798 mi
114 2753 237 2796 numero
254 2730 451 2795 honestissimi
465 2731 639 2794 matrimonii
656 2732 755 2817 pudori
769 2732 998 2796 accuratioribus
1010 2733 1145 2816 perstatim
1161 2732 1202 2796 Ιι-

54 2835 143 2920 gibos
166 2845 212 2898 est
230 2834 405 2898 consultum.
450 2829 507 2898 Ubi
526 2834 602 2897 euim
621 2835 735 2898 Adane
757 2835 806 2898 diii
830 2855 864 2899 ac
883 2847 1004 2919 nepotes
1024 2835 1201 2918 obtigerunt,

54 2961 98 3004 ex
119 2936 214 3022 iisque
231 2937 306 3000 fidiae
322 2935 439 3020 generis
455 2934 642 3000 successione
658 2947 845 3023 procreatae,
877 2948 935 3000 tum
954 2938 1067 3001 demum
1083 2957 1203 3000 sorores

53 3043 86 3106 iu
106 3039 292 3104 matrimonio
312 3039 417 3104 bebere
434 3059 492 3101 uon
509 3039 599 3104 licuit.
645 3037 747 3124 itaque
764 3040 812 3104 vel
827 3049 895 3104 ante
910 3039 1047 3125 scriptam
1063 3059 1080 3103 a
1095 3037 1203 3126 Moyse

53 3146 153 3229 legem
175 3142 361 3206 honestarum
381 3140 545 3226 nuptiarum
562 3152 654 3205 status
675 3141 790 3226 optimis
809 3142 934 3206 decretis
952 3143 1125 3206 constitutus
1145 3150 1201 3204 est.

52 3247 143 3331 Ergo
161 3243 351 3308 consobrinas
369 3244 476 3307 ducere
493 3265 555 3308 mus
573 3243 638 3308 fuit.
684 3240 750 3326 Qua
767 3245 881 3308 ratione
898 3246 1002 3308 iactum
1021 3253 1067 3307 ιιι
1085 3253 1115 3306 ιι
1133 3242 1204 3307 mul-

53 3347 197 3434 tiplicatis
213 3344 376 3410 homiuibus
393 3346 448 3410 duo
464 3345 493 3408 in
510 3367 596 3409 unum
611 3366 720 3430 genera
734 3347 944 3424 miscerentur,
956 3335 1055 3412 ‘Caini
1069 3345 1206 3411 videlieet

54 3473 91 3517 ac
116 3447 219 3528 Sethi,
252 3460 310 3513 tum
336 3447 471 3533 deinceps
495 3448 621 3533 reliquae
643 3449 765 3512 fitiorum
787 3447 892 3513 Adami
913 3450 1019 3534 stirpes
1042 3447 1204 3532 promiscue

55 3557 265 3636 iungerentur.
305 3548 414 3614 Postea
430 3571 494 3614 cum
509 3570 646 3636 aquarum
662 3551 821 3616 exundatio
836 3551 951 3615 humani
967 3551 1085 3635 generis
1099 3560 1206 3616 statum

55 3655 191 3721 funditus
209 3651 383 3731 delevisset,
408 3673 481 3716 unua
497 3673 536 3717 ex
550 3653 682 3717 omnibus
697 3651 830 3718 Noe'mus
845 3664 979 3718 servatus
996 3663 1051 3733 cst,
1076 3651 1127 3738 qui
1139 3671 1206 3736 gra·
1221 3668 1279 3712 um.
1290 3669 1311 3711 ι.

55 3761 156 3822 tiosos
178 3757 251 3840 apud
274 3757 357 3820 deum
381 3755 538 3835 extiterat,
570 3755 645 3840 quod
665 3767 760 3820 aetate
779 3777 832 3820 sua
850 3756 944 3820 iustus
963 3766 1043 3820 esset
1057 3754 1204 3818 inventus.

56 3859 139 3937 Hic,
172 3869 204 3922 ut
222 3867 291 3922 aute
310 3855 551 3936 memoravimus,
582 3878 679 3921 arcem
698 3857 752 3921 sibi
770 3859 824 3923 deo
842 3859 959 3922 iubente
977 3858 1133 3921 fabricatus
1149 3867 1206 3936 est,

55 3961 302 4048 quemadmodum
314 3980 453 4046 germana
468 3959 581 4023 divinae
596 3959 668 4044 legis
684 3972 869 4024 monumenta
885 3971 1038 4026 testantur.
1068 3958 1134 4043 Qua
1147 3960 1209 4044 qui·

55 4069 128 4129 dem
154 4063 184 4127 io
206 4083 274 4127 arca
294 4075 441 4127 serratum
458 4059 603 4126 Noe'mum
626 4061 655 4125 in
679 4063 779 4127 eodem
798 4065 931 4130 siuccrac
949 4063 1110 4149 scripturae
1127 4063 1210 4126 rotu-

55 4169 142 4232 mine
166 4165 307 4250 proditum
331 4175 394 4245 est,
427 4187 492 4228 eum
516 4183 607 4248 eoque
633 4176 761 4251 septem,
793 4187 866 4251 quae
892 4175 960 4230 aute
983 4165 1208 4243 uomiuarimos,

56 4269 173 4355 capita,
200 4267 254 4358 boe
270 4278 316 4332 est
329 4267 481 4352 coniugem
493 4265 585 4353 ipsius
600 4288 664 4332 cum
680 4267 771 4331 tribus
786 4269 898 4350 liberis,
922 4289 956 4332 ac
973 4270 1091 4334 totidem
1108 4289 1209 4332 eorum

57 4371 220 4437 uxoribus.
268 4366 464 4452 Quamobrem
487 4371 605 4453 generis
627 4370 743 4434 humaui
765 4369 902 4456 reliquias
923 4372 955 4436 iu
976 4371 1053 4436 bunc
1074 4371 1210 4436 muudum

55 4497 75 4540 a
90 4473 215 4540 Nodmo
229 4473 383 4557 productas
399 4492 466 4537 esse
481 4471 612 4537 veritatis
628 4472 717 4560 ipsius
733 4473 899 4540 testimonio
916 4483 1042 4539 constat.
1085 4472 1137 4538 Ex
1152 4493 1209 4559 quo
1222 4485 1278 4531 een.
1291 4485 1323 4530 ιι.

113 4573 206 4632 corpor
219 4569 353 4618 fluctuant.
364 4569 394 4616 tt
576 4641 581 4664 ὁ
968 4581 1008 4644 34
