2986 4996
294 315 426 366 sanauit
445 315 521 366 ΔΜ.
540 315 705 366 nauseans
722 315 784 366 Llll.
802 317 821 366 1.
838 315 919 367 Tou.
938 317 956 364 l.
1159 304 1199 366 57

76 429 163 494 lumine
178 431 292 515 legitur,
317 433 364 496 ubi
382 433 454 498 bace
471 435 567 498 omnia
582 444 718 497 accurate
734 435 878 518 descripta
895 444 975 498 sunt.
1020 432 1081 498 lllie
1098 455 1198 518 porro,

77 533 137 614 quod
157 555 172 596 a
195 533 277 597 uobis
300 555 389 620 saepe
408 537 593 615 dictumest,
624 545 655 599 et
672 536 807 600 hocloco
826 535 994 600 necessario
1011 537 1199 621 repetendum

77 633 132 711 luit,
153 635 273 719 quinque
291 648 417 701 aetatum
434 639 530 722 spatio
547 649 781 723 permanserunt.
826 637 910 722 Quae
927 639 1041 723 quidem
1058 659 1074 701 a
1092 633 1199 700 lacnbo

76 755 117 818 per
129 734 195 800 Lari
211 739 351 804 deductae
366 751 554 803 numerantur
570 760 689 818 omnes,
714 743 749 804 de
765 739 847 803 cuius
864 740 953 825 stirpe
970 740 1139 803 sacerdotes
1156 739 1202 800 iu-

75 837 149 900 stitnti
165 851 247 903 sunta
278 841 330 904 sed
350 852 380 904 et
397 842 516 905 eaedem
531 852 644 906 aetates
661 862 714 927 per
731 841 828 906 ludam
844 841 975 926 digestae
993 851 1077 918 suut,
1108 859 1123 900 a
1143 861 1200 922 quo

77 935 152 1002 llavid
167 941 230 1021 ille,
261 942 310 1026 qni
328 954 427 1027 postea
445 943 597 1025 regnarit,
629 944 768 1008 oriundus
788 945 851 1007 luit.
884 939 1105 1006 ·Eteniancvi
1123 937 1201 1005 liau-

76 1039 155 1120 tbun,
175 1044 306 1128 aliosque
326 1044 442 1126 genuit,
466 1041 599 1108 liaatbus
617 1045 805 1122 Amranrunr,
830 1047 986 1108 duramus
1003 1041 1148 1129 Moysen,
1172 1052 1203 1107 et

76 1142 200 1206 Aaronem
224 1145 400 1229 pontificem.
445 1144 506 1210 lam
532 1165 604 1210 vero
622 1144 746 1232 Moyses
764 1145 912 1210 israelitas
934 1147 1031 1211 divina
1053 1147 1084 1208 ui
1109 1147 1201 1209 lretns

75 1261 106 1305 ex
122 1243 253 1332 Aegypto
275 1247 423 1326 traduxit,
453 1258 486 1312 ut
510 1248 539 1311 in
562 1249 691 1312 secundo
713 1248 786 1332 legis
808 1248 956 1312 volumine
977 1247 1116 1333 scriptum
1141 1257 1199 1310 cst.

141 1345 295 1413 Caeterum
314 1350 456 1432 quodnam
475 1350 510 1413 ad
527 1349 583 1413 boc
600 1361 712 1435 tempus
730 1350 818 1414 luerit
837 1349 1033 1414 lsraelitarnm
1051 1349 1131 1412 vitae
1150 1369 1201 1432 ge·
1219 1368 1278 1437 cap.
1294 1369 1337 1420 tv.
1475 1311 1476 1382 i

75 1469 117 1512 ons
134 1461 216 1535 atque
233 1450 415 1530 institutum,
446 1452 595 1516 declarare
615 1453 698 1516 lacilc
716 1473 802 1516 nenio
820 1461 933 1536 potest,
967 1452 1023 1515 uisi
1042 1451 1110 1514 illud
1130 1451 1202 1513 dun-

75 1560 155 1630 taxat,
176 1552 334 1636 legitimum
352 1554 425 1637 apud
449 1572 501 1615 eos
518 1553 608 1616 divini
626 1554 753 1618 numinis
768 1553 875 1616 cultum
899 1575 964 1616 curn
980 1552 1201 1616 circumcisione

74 1651 192 1733 riguisse.
237 1653 372 1718 Tametsi
394 1654 532 1740 scripturn
554 1665 617 1735 est,
647 1655 851 1741 multiplicatos
872 1656 902 1718 iu
924 1653 1061 1742 Aegypto
1083 1652 1201 1718 israelis
1215 1668 1277 1715 mou
1293 1669 1345 1724 aa.

75 1752 149 1834 llius,
179 1767 210 1820 et
238 1777 308 1842 prae
335 1758 417 1841 copia
443 1757 520 1820 viles
547 1777 616 1820 esse
638 1759 743 1820 lactas.
788 1753 938 1842 Siquidem
962 1755 1204 1842 peregrinationis

73 1855 110 1918 illa
129 1859 297 1922 diuturnitas
319 1858 593 1943 consuetudinisque
615 1880 680 1923 cum
702 1858 836 1922 externis
858 1879 910 1943 per
931 1879 1031 1921 eorum
1055 1857 1205 1942 negligen-

75 1955 129 2022 tiam
150 1961 182 2024 ad
204 1963 281 2025 illara
305 1982 357 2026 eos
377 1961 518 2024 vilitatem
541 1960 659 2024 abiecit.
702 1959 816 2026 Verum
838 1961 941 2045 quibus
963 1959 1035 2024 cibis
1060 1961 1103 2022 tas
1125 1968 1206 2022 esset

73 2063 120 2140 uti,
145 2073 194 2126 aut
210 2085 229 2126 a
245 2063 352 2147 quibus
365 2063 566 2126 abstinendum
585 2064 678 2142 loret,
709 2073 883 2146 caeteraque
900 2061 996 2125 omnia
1012 2082 1085 2146 qnae
1105 2081 1145 2124 ex
1162 2060 1205 2123 le-

73 2163 218 2249 girpoatea
235 2165 415 2251 praescripto
433 2165 577 2228 seruanda
592 2165 739 2249 proposita
755 2176 839 2242 sunt,
873 2164 1000 2227 nondum
1015 2163 1087 2228 dens
1103 2171 1204 2246 aperta

74 2264 247 2348 significarat.
291 2264 485 2350 Posteaquam
500 2287 573 2329 vero
588 2285 628 2329 ex
641 2267 779 2351 Aegypto
797 2266 921 2349 digressi
937 2275 1017 2344 sunt,
1041 2285 1118 2328 nnnc
1136 2284 1205 2348 pro·

74 2367 190 2432 lectionis
203 2369 346 2444 secundo,
369 2369 420 2431 lex
434 2368 492 2432 illis
506 2389 523 2432 a
539 2368 594 2431 deo
611 2369 770 2452 interprete
786 2365 873 2432 Mose
885 2367 1021 2446 traditur,
1044 2385 1119 2450 quae
1136 2386 1204 2450 pae-

72 2469 159 2553 dagogi
178 2471 261 2533 vices
277 2489 385 2553 gerens
400 2472 520 2551 (revera
538 2470 614 2532 euim
632 2490 736 2532 munus
754 2469 823 2534 illud
841 2469 1017 2547 exercebat,
1050 2489 1114 2532 cum
1132 2485 1206 2552 quac

71 2571 99 2632 ad
112 2593 213 2656 corpus
229 2569 406 2656 pertinentia
422 2569 643 2654 praescriberet,
667 2571 817 2656 spirituale
832 2571 966 2655 quiddam
982 2591 1034 2654 spe
1049 2580 1135 2654 atque
1153 2589 1206 2632 ex·

74 2669 225 2754 peetatione‘
245 2673 445 2754 continerent)
462 2673 628 2736 circumcidi
650 2673 784 2751 iubebat,
818 2693 851 2736 ac
872 2671 1022 2736 celebrare
1041 2671 1204 2747 sabbatum,

72 2773 254 2860 decumasque
277 2775 391 2858 frugum
414 2783 443 2836 et
464 2775 572 2837 fetuum
597 2774 742 2852 omnium,
773 2783 832 2836 tarn
851 2772 997 2837 bominum
1018 2795 1103 2858 pana
1119 2793 1208 2858 peco-

73 2895 140 2952 rum,
168 2897 224 2940 aee
243 2897 302 2938 noa
319 2889 349 2939 et
364 2875 505 2960 primitias
520 2896 555 2939 ac
571 2875 825 2960 quinquagesimas
843 2873 1064 2958 tricesimasque
1081 2875 1135 2937 deo
1152 2873 1208 2936 soli

72 2995 254 3055 consecrare,
280 2977 354 3040 bunc
370 2978 493 3042 adorare
510 2977 615 3057 solum,
639 2977 721 3040 euius
740 2973 930 3041 etsi‘uomins
947 2976 1050 3040 unicus
1067 2977 1209 3040 duntaxat

73 3079 284 3158 praedicabatur
300 3079 426 3142 omniurn
447 3079 612 3142 moderator
630 3099 665 3142 ac
682 3079 832 3165 princeps,
856 3099 914 3142 nna
932 3088 1027 3142 tamen
1048 3087 1079 3141 et
1093 3075 1208 3141 trinitas

72 3197 174 3263 seraper
186 3181 217 3243 in
235 3181 287 3244 illa
300 3179 440 3264 singulari
458 3180 608 3245 divinitate
623 3181 758 3244 nunciata
772 3179 939 3265 creditaque
956 3179 992 3244 ab
1009 3179 1066 3242 illis
1082 3189 1139 3257 est,
1158 3178 1207 3262 qui

74 3283 186 3347 caeteris
210 3281 439 3360 antecellerent,
470 3282 629 3346 cuiusmodi
649 3281 806 3368 prophetae
825 3293 911 3366 atque
930 3280 1038 3344 eximia
1053 3280 1208 3344 sanctitate

74 3385 183 3464 praediti
201 3384 338 3449 homines
354 3383 482 3448 luerunt.
527 3381 685 3448 Praeterea
705 3385 794 3447 certis
811 3383 962 3446 sacrificiis
979 3383 1128 3465 variisque
1145 3381 1209 3444 riti-

75 3481 120 3546 bus
133 3505 166 3549 ac
182 3485 361 3550 ceremoniis
376 3485 406 3548 in
421 3486 538 3550 deserto
554 3485 751 3572 praepotentis
769 3485 806 3548 ad
818 3483 865 3548 dei
881 3485 987 3548 cultum
1003 3484 1111 3569 operati
1128 3493 1209 3562 sunt,

74 3605 130 3648 eum
149 3588 179 3652 in
200 3587 381 3651 tabernaculi
398 3585 540 3670 religione
562 3597 663 3651 essent
680 3586 806 3664 assidui,
837 3585 911 3670 quod
929 3607 946 3649 a
962 3583 1070 3671 Moyse
1090 3587 1124 3649 ad
1140 3584 1210 3649 illud

76 3690 214 3774 exemplar
231 3689 341 3772 quoda
359 3689 414 3751 deo
431 3699 619 3752 monstratum
635 3700 692 3767 est,
713 3690 808 3752 luerat
823 3699 1001 3752 extructum.
1046 3685 1106 3753 Sed
1124 3688 1211 3751 iidem

75 3783 161 3853 ludaei
184 3793 223 3854 de
248 3790 373 3854 adventu
395 3785 505 3854 Cbristi
527 3789 730 3875 prophetarum
753 3810 895 3875 accepero
916 3809 1074 3876 responsa,
1107 3787 1210 3873 quibus

76 3907 130 3952 aum
146 3891 194 3955 ille
212 3890 352 3976 propbeta
365 3889 533 3970 diceretur,
561 3911 666 3956 revera
684 3903 780 3956 tameo
800 3891 871 3956 deus
891 3901 971 3969 erat,
1002 3892 1104 3975 deique
1121 3889 1209 3968 lilius,

76 4009 130 4054 cun
144 3994 268 4076 angelus
279 3992 485 4078 appellaretur,
510 4014 594 4077 quem
609 4003 638 4056 et
651 3993 795 4058 homiuem
811 3995 938 4057 loturum
950 4013 1040 4077 seque
1054 3993 1089 4066 ad
1104 3994 1211 4055 iratres

74 4111 135 4158 suos
149 4104 376 4180 aggregaturum
394 4095 443 4158 illa
462 4096 561 4158 eadem
580 4097 697 4160 oracula
714 4094 912 4182 prodiderunt.
957 4092 1050 4160 Cuius
1068 4094 1111 4158 rei
1127 4095 1211 4156 fidem

75 4193 181 4260 diuinae
203 4216 307 4258 omnes
323 4197 485 4281 scripturae
503 4197 629 4276 iaciunt,
661 4199 713 4262 sed
731 4197 952 4266 [deuteronomii
970 4196 1044 4260 liber
1058 4194 1210 4281 imprimis,

75 4299 141 4378 quod
162 4307 211 4364 est
234 4297 362 4382 quintum
386 4299 458 4382 legis
479 4298 634 4378 volumen,
658 4319 693 4364 ac
715 4299 826 4383 reliqua
848 4300 985 4384 deinceps
1006 4297 1114 4363 omnia.
