3006 4990
306 323 440 376 PANlel
457 321 533 374 ΔΜ.
550 319 717 374 uiuamus
733 323 796 374 Lib.
810 323 830 378 l.
847 323 928 376 Tott.
942 323 975 376 il.
1153 315 1212 377 137

18 474 21 518 p
96 451 131 505 nt
148 443 312 526 regreditur.
357 441 443 527 Quod
464 442 499 505 cd
518 437 665 506 Christum
682 441 804 520 attinet,
835 440 966 507 eiusdem
981 441 1149 528 impostoris
1168 457 1215 509 est

95 543 192 627 dogma,
215 566 279 609 cunr
297 544 360 609 sula
377 544 456 608 illum
476 543 600 607 borniois
617 543 709 627 ligura
727 554 813 627 atque
832 545 925 627 effigie
943 546 1079 625 venisse,
1103 546 1214 609 omnia·

17 678 18 686 ο
93 665 137 727 que
154 646 187 709 ab
207 647 245 710 eo¹
262 646 361 733 specie
383 657 468 709 tenus
491 645 636 730 perlecta,
660 644 820 710 cuiusmodi
838 646 907 726 luit,
932 646 1029 726 uesci,
1052 647 1212 725 ambulare,

93 745 184 824 rideri,
205 748 275 832 poti.

17 783 19 858 l
159 847 231 913 lliuc
250 849 304 925 illa
319 849 391 913 laiso
407 847 550 933 appellata
569 845 777 912 Gnosticorum
793 859 875 912 secta
891 849 926 911 ad
943 849 1113 934 profundam
1129 849 1214 913 buius
1232 863 1291 930 Gap.
1311 863 1342 913 tt.

17 983 18 1008 r
92 959 172 1013 seruc
192 950 346 1034 nequitiam
366 949 518 1035 plurimum
539 949 661 1028 adiecit,
694 971 768 1032 quae
785 970 802 1012 a
820 947 941 1014 Simone
956 951 1068 1014 initium
1084 950 1214 1014 occasio-

90 1067 193 1134 nemque
209 1063 293 1116 oucta
309 1051 395 1136 louge
410 1052 536 1114 maiores
550 1073 642 1134 nugas
657 1050 862 1129 accumulavit,
882 1054 1120 1135 quemadmodum
1134 1061 1214 1136 post·

91 1169 118 1212 eu
135 1151 161 1215 iu
179 1151 241 1218 cius
262 1152 437 1217 refutatione
459 1153 637 1216 docebimus.
681 1153 724 1216 Ar
741 1150 908 1216 Saturuilus
926 1173 1013 1216 uuum
1031 1174 1071 1216 ex
1087 1152 1123 1216 iis
1140 1174 1213 1237 quos

89 1252 219 1318 coustituit
239 1253 364 1338 Angelis
388 1253 477 1316 luisse
501 1250 674 1316 ludaeorum
697 1255 781 1317 deum
805 1254 969 1334 existimat,
1001 1274 1036 1318 uc
1057 1263 1115 1317 tanr
1138 1254 1214 1317 buuc

90 1373 158 1435 quum
174 1356 251 1420 illum
272 1377 290 1420 a
311 1377 365 1420 sua
381 1355 488 1419 virtute
506 1355 677 1420 descivisse.
723 1353 910 1419 salvatorem
927 1375 997 1418 vero
1015 1356 1050 1419 de
1068 1355 1213 1418 communi

89 1451 215 1521 Virtutum
234 1458 380 1521 sententie
397 1477 414 1519 a
433 1453 522 1520 Patre
538 1456 676 1534 missum,
701 1465 731 1520 ut
750 1467 779 1520 et
795 1453 968 1520 ludaeorum
986 1457 1068 1520 deum
1086 1456 1116 1518 iu
1135 1455 1213 1520 urdi-

89 1575 141 1620 uem
155 1560 316 1643 redigeret,
340 1568 371 1621 et
384 1558 421 1622 iis
439 1556 488 1641 qui
504 1557 559 1621 sibi
576 1560 730 1622 crederent
746 1558 868 1622 salutem
885 1559 1016 1622 afferret.
1061 1555 1214 1621 Eiusmodi

88 1675 142 1722 erse
158 1672 254 1724 sectae
270 1660 348 1724 illius
364 1659 511 1736 homines,
535 1659 583 1743 qui
599 1660 735 1723 coelestis
752 1659 829 1724 illius
846 1658 975 1744 parentis
991 1659 1144 1723 scintillam
1162 1658 1213 1722 ba·

87 1755 168 1822 beatu.
209 1759 295 1826 Duos
316 1761 420 1846 quippe
438 1760 569 1824 bunriucs
592 1759 734 1846 principio
753 1780 819 1823 esse
842 1763 951 1840 iactos,
981 1759 1086 1824 bouum
1110 1780 1211 1838 unum,

88 1859 191 1926 alterum
206 1864 331 1942 malum,
362 1883 379 1926 a
395 1861 499 1945 quibus
518 1862 625 1947 duplex
640 1862 709 1925 item
725 1881 818 1946 genus
837 1860 1001 1940 hominurn,
1031 1861 1138 1924 bonum
1154 1860 1211 1924 sci-

87 1957 143 2024 licet
161 1985 192 2028 ac
213 1965 339 2041 malum,
369 1963 399 2026 iu
419 1965 524 2027 mundo
540 1963 767 2049 proseminatum
787 1973 844 2026 cst.
889 1960 928 2026 Et
945 1963 1079 2046 quoniam
1095 1963 1212 2026 daemu-

88 2081 129 2125 ues
144 2067 222 2130 nelis
243 2066 473 2150 opitulabantur,
506 2063 571 2128 ideo
588 2063 760 2149 postremis,
790 2075 822 2128 ut
838 2075 906 2127 aute
925 2065 1004 2143 dixi,
1035 2063 1212 2149 temporibus

87 2163 114 2225 ad
134 2163 220 2232 bouus
243 2167 375 2231 homiues
396 2187 451 2252 ope
475 2187 529 2229 sua
549 2166 744 2230 sublevandos
766 2164 915 2249 malusque
937 2187 1002 2228 cnm
1024 2165 1213 2228 daemonibus

87 2267 264 2350 profligandos
279 2269 407 2333 salvator
425 2267 553 2332 advenit.
599 2265 660 2331 lam
680 2288 791 2362 uxores
808 2270 914 2331 ducere
931 2267 1096 2352 liberosque
1111 2267 1213 2350 gigne·

85 2383 113 2428 re
132 2368 164 2431 ub
180 2367 292 2434 Satauc
317 2389 382 2433 esse
404 2369 560 2433 circulator
579 2368 654 2431 idem
677 2369 859 2454 pronunciat.
904 2365 1101 2452 Quamobrem
1125 2367 1212 2453 pleri-

86 2487 132 2548 que
156 2491 193 2536 ca
213 2473 317 2536 borum
341 2470 490 2556 disciplina
513 2469 648 2534 animatis
673 2471 805 2535 omnibus
830 2471 993 2550 abstinent,
1024 2479 1056 2532 ut
1077 2470 1211 2533 affectatu
1259 2549 1260 2552 Ἴ

85 2567 125 2632 illu
145 2572 298 2636 cunctioris
317 2573 397 2635 vitae
420 2591 529 2656 genere
552 2571 706 2634 nonnullos
729 2593 815 2635 suum
842 2572 871 2635 in
898 2591 1029 2634 errorem
1052 2570 1208 2656 pelliciunt.

84 2665 122 2732 lle
145 2673 345 2760 prophetarum
365 2673 491 2737 oraculis
518 2673 559 2735 ita
584 2673 732 2737 veneficus
755 2672 805 2736 ille
829 2671 970 2758 disputat,
1004 2691 1039 2736 ea
1060 2671 1164 2756 partim
1193 2693 1211 2734 a

84 2774 167 2836 nundi
182 2775 332 2861 opificibus
348 2774 489 2858 Angelis,
519 2774 620 2857 partim
638 2795 654 2836 a
673 2772 783 2838 Satana
803 2775 950 2859 prolecta,
979 2785 1009 2837 et
1025 2775 1100 2837 bunc
1117 2775 1210 2858 ipsum

84 2867 205 2940 Sataucrn
222 2886 307 2964 putat
316 2876 462 2958 Angelum
477 2895 555 2954 esse,
579 2875 627 2959 qui
641 2875 740 2939 mundi
756 2875 953 2940 conditoribus
970 2874 1104 2959 Angelis,
1128 2895 1212 2959 prae·

82 2971 207 3062 cipueque
229 2977 406 3043 ludaeorum
428 2978 500 3054 deo,
525 2977 656 3040 resistat.

153 3075 236 3162 Quae
262 3102 327 3143 cum
347 3079 382 3142 ab
401 3079 449 3143 illa
468 3079 578 3164 pecude
596 3077 672 3141 bunc
689 3078 719 3141 iu
739 3079 854 3146 modurn
873 3079 1080 3159 disseruntur,e
1102 3077 1149 3142 rel
1167 3077 1212 3143 in·
1230 3085 1344 3153 Cap-111·

80 3173 146 3241 vitus
169 3182 353 3246 conuincitur
375 3203 462 3246 unum
487 3179 618 3244 cuubtcri
640 3181 742 3258 deuon,
777 3192 864 3265 utque
888 3181 923 3245 ud
947 3180 1061 3244 unicum
1085 3179 1212 3264 singula·

81 3295 184 3364 remque
201 3284 378 3348 dominatum
397 3283 533 3346 universa
551 3283 674 3346 referre.
718 3280 837 3346 Etenim
851 3282 877 3346 si
893 3283 1014 3346 mundus
1032 3280 1068 3344 ab
1087 3281 1210 3364 Angelis

80 3377 159 3446 luctus
175 3397 238 3465 cst,
264 3406 328 3448 cum
346 3383 463 3469 ipsimet
481 3394 548 3447 ante
566 3405 584 3447 a
601 3383 720 3448 coelesti
737 3384 846 3448 virtute
864 3383 1033 3469 principium
1050 3395 1136 3467 atque
1152 3381 1210 3446 uri·

16 3485 17 3490 ’
80 3478 161 3560 p'neru
179 3484 346 3564 lrubueriut,
370 3507 428 3551 nun
445 3485 485 3548 illi
502 3485 627 3569 fingendi
645 3483 768 3548 bominis
784 3496 921 3550 auctores
938 3495 1017 3565 sunt,
1041 3485 1092 3548 scd
1109 3503 1210 3567 supre-

78 3599 118 3644 ma
131 3585 219 3652 uirtus
237 3587 288 3650 illa
307 3587 419 3672 potius,
443 3605 515 3670 quae
533 3586 666 3669 Angelos
683 3585 828 3668 condidit,
852 3586 988 3672 aquibus
1006 3587 1091 3650 bomo
1108 3595 1209 3670 postca

78 3679 205 3752 lurmutus
221 3699 283 3752 est.
325 3685 404 3752 Nam
420 3707 475 3752 uec
491 3687 561 3750 artis
577 3687 798 3753 instrumentum
816 3710 917 3753 eorum
931 3709 1035 3752 caussa
1050 3696 1111 3766 est,
1134 3707 1208 3770 quae

76 3781 186 3871 abipso
210 3793 302 3869 fiunt,
335 3790 386 3854 sed
410 3789 460 3854 illc
482 3788 577 3875 potius
601 3787 649 3874 qui
673 3811 738 3856 cum
761 3791 955 3855 instrumento
978 3809 1042 3853 eum
1065 3788 1210 3852 actionem

76 3969 204 4104 buldam}
213 3977 276 4094 ,ffill
285 3978 366 4094 pgr&
392 3971 428 4037 uie
441 3979 555 4043 προεῖπον
571 3977 622 4028 cod.
654 3981 712 4094 ξονι.ί
727 3969 869 4094 pipppcicorr
883 3957 970 4046 (ἅμοῖξ
983 3977 1034 4026 eod.
1048 3973 1158 4039 Rbedr'q.)
1172 3987 1210 4024 rc·

102 4103 124 4156 4·
142 4079 348 4178 dporrmrqrsxqc'
364 4113 414 4162 sou
434 4114 506 4163 Vetto.
551 4113 624 4175 Vutqo
663 4047 749 4162 Ἢ
767 4082 809 4162 tlt.
826 4140 859 4151 -
877 4112 901 4165 1.
917 4105 1081 4178 bctqbducrm
1096 4109 1146 4160 eod.
1164 4111 1210 4158 Vu·
1269 4107 1278 4126 '

74 4179 253 4260 impp-qr..
284 4181 332 4230 Sed
353 4181 403 4230 ced.
422 4181 518 4243 Rbrdtp.
539 4194 624 4230 munus
655 4181 692 4260 tic.
707 4185 728 4229 et
742 4181 796 4262 edtt
812 4183 891 4262 Petqu.
927 4175 1074 4244 conuictum
1089 4177 1210 4228 cuditur·

74 4243 434 4392 “tlfflttttt
447 4251 538 4364 tlt
551 4315 623 4377 vern
655 4248 809 4398 &iiiiii
825 4263 900 4380 tlt?

74 4379 316 4509 uu,
330 4386 362 4498 u
381 4385 414 4498 ν
524 4384 550 4431 ν
572 4382 622 4431 u
688 4379 713 4498 ν

101 4507 122 4560 6.
139 4505 258 4581 ἀγγέλοις
270 4518 321 4567 eod.
335 4483 417 4578 thicl,
433 4521 454 4568 et
467 4517 520 4568 iude
533 4515 569 4566 cd.
579 4515 622 4567 Pe·
689 4485 712 4566 ὃς
733 4514 865 4582 γινομένων
881 4518 932 4567 cod.
953 4488 1027 4566 Venit.
