2986 4996
269 239 402 290 nattam!
420 239 496 291 ADV.
514 237 683 290 HAERESRS
699 237 761 290 Lib·
777 239 795 289 1.
811 239 891 290 Tem.
907 239 924 288 l.
1128 223 1167 286 ³5

63 366 156 438 praeter
174 353 300 422 Seruum.
345 354 438 422 Cuius
463 357 548 422 nnius
572 357 681 442 prolem
705 357 842 441 deinceps
865 355 1165 421 commemorabimus.

64 452 135 538 igitur
152 453 251 522 Seruus
272 458 480 543 huphaxadum
505 459 617 544 genuit.
662 455 725 522 istc
750 453 890 538 Geinum,
920 453 1029 522 Caluus
1051 454 1163 536 Salam,

62 553 128 620 suo
145 557 280 638 liberum,
304 560 351 624 hic
371 557 539 624 Phalerum.

123 657 201 724 Nulla
222 661 318 747 perid
342 672 455 747 tempus
477 663 508 726 in
532 661 619 726 terris
639 661 787 740 haeresis,
817 661 984 746 opinionum
1007 661 1086 724 nulla
1107 661 1165 725 dis·
1182 672 1242 743 cip.
1259 677 1287 728 v.

63 761 152 840 sensio,
171 783 233 826 eum
254 747 382 826 universi
406 764 468 826 sola
492 763 616 826 hominis
639 763 830 848 appellatione
852 772 1061 840 censerentur,
1089 762 1166 827 labio

62 882 105 924 uuo
121 885 224 947 unaque
242 863 339 948 lingua
355 865 487 946 praediti.
531 861 633 928 Pietas
655 883 743 948 porro
763 874 849 946 atque
866 862 998 948 impietas
1020 864 1082 928 sola
1103 877 1166 928 erat

62 971 155 1026 natum
169 965 247 1049 lege,
270 975 321 1046 ant
338 965 562 1049 uniuscuiusque
581 965 616 1028 ad
635 975 766 1028 naturam
787 966 1001 1028 accommodata
1016 965 1166 1030 voluntate

63 1062 166 1143 detrita,
188 1087 240 1130 nec
259 1067 325 1130 dum
346 1086 431 1131 error
448 1077 610 1130 emerserat
626 1065 689 1130 sire
711 1065 859 1151 disciplina
880 1079 1079 1150 comparatus,
1102 1067 1166 1132 sias

64 1167 222 1232 monumentis
243 1169 417 1252 scriptorum
444 1166 578 1232 traditus.
623 1166 730 1252 Neque
757 1168 845 1252 igitur
860 1164 1041 1245 ludaismns,
1073 1187 1167 1252 neque

64 1263 166 1330 diaulia
189 1280 268 1334 secta
290 1269 452 1354 prodierat,
482 1269 551 1347 sed,
575 1280 608 1333 ut
629 1269 671 1334 ita
692 1270 802 1348 dicam,
825 1269 874 1332 illa
897 1269 997 1332 eadem
1019 1269 1168 1334 obtinebat

64 1385 115 1448 pne
128 1368 203 1434 hodie
218 1371 248 1435 in
264 1381 365 1434 sancta
382 1371 428 1434 dei
444 1371 619 1434 ecclesiane
637 1369 779 1433 catholica
796 1381 968 1454 perseverat
981 1372 1070 1450 ntes,
1094 1392 1168 1455 quae

64 1487 109 1529 rm
120 1470 150 1532 ab
161 1471 229 1555 ipsis
244 1492 343 1536 rerum
358 1472 523 1557 primordiis
537 1471 691 1556 viguisset,
715 1491 817 1535 rursus
834 1481 879 1536 est
895 1483 997 1556 postea
1012 1473 1165 1556 patefacta.

63 1565 150 1634 Etenim
168 1574 192 1636 si
214 1575 278 1657 quis
299 1574 354 1637 ista
374 1574 438 1636 solu
460 1573 592 1637 veritatis
615 1573 711 1637 studio
732 1572 873 1658 impulsus
892 1573 963 1636 velit
987 1574 1164 1658 expendere,

63 1689 103 1732 nou
120 1671 248 1738 dubitabit
268 1685 398 1739 sanctam
421 1685 508 1758 etque
529 1675 699 1738 catholicam
722 1675 875 1737 ecclesiam
897 1675 1018 1758 primam
1041 1676 1167 1739 omnium

63 1771 176 1854 atnoe,
197 1777 351 1840 dummodo
368 1797 486 1861 scopum
502 1776 596 1862 ipsum
614 1776 791 1839 consideret.
819 1774 913 1840 Adam
929 1776 1006 1839 enim
1021 1775 1166 1840 huminum

63 1873 165 1959 princeps
188 1901 204 1940 a
227 1879 285 1942 dec
306 1878 440 1942 conditus
464 1899 522 1940 nnn
544 1877 749 1956 circumcisus,
777 1878 829 1941 sed
847 1878 997 1963 praeputio
1022 1878 1168 1962 praeditus

63 1973 108 2038 hit.
131 1977 227 2064 Neque
243 1991 341 2042 tamen
357 1979 434 2042 idola
449 1990 601 2065 propterea
617 1979 717 2056 coluit,
741 1989 771 2041 et
785 1979 868 2041 deum
887 1989 997 2063 patrem
1015 2000 1079 2042 uum
1096 1979 1166 2058 filio,

63 2078 181 2160 suspiritu
195 2090 309 2160 sancto,
333 2091 433 2166 utpote
448 2082 598 2166 propheta,
621 2081 769 2164 cognovit.
803 2078 999 2163 Quamobrem
1016 2081 1092 2164 qnod
1111 2081 1169 2144 eir·

62 2180 204 2246 concisione
220 2182 334 2260 caruit,
361 2179 483 2246 iudaeus
503 2202 570 2245 esse
589 2202 645 2243 non
664 2184 772 2266 potuit3
795 2181 947 2244 idololatra
963 2200 1035 2245 vero
1051 2182 1168 2247 minime

62 2276 108 2354 luit,
126 2303 183 2346 cum
200 2303 296 2369 neque
310 2283 464 2348 simulacra
480 2303 573 2367 neque
590 2283 647 2346 alia
664 2284 692 2344 id
707 2303 799 2366 genos
816 2283 961 2347 adoraret.
1005 2280 1074 2347 Fuit
1091 2285 1168 2348 enim

61 2375 95 2442 ille
107 2385 249 2468 propheta,
274 2395 305 2448 et
320 2386 374 2448 hec
391 2385 450 2447 lilio
466 2404 481 2445 a
496 2395 578 2468 patre
595 2383 699 2447 dictans
719 2404 785 2446 esse
802 2385 930 2446 sciebats
953 2389 1101 2448 Frontinus
1119 2388 1169 2446 do-

62 2485 142 2544 mim·
183 2485 327 2570 Quidnam
342 2486 437 2570 'igitur
458 2488 542 2548 erati
584 2483 713 2550 Omnino
731 2505 825 2568 neque
843 2485 1049 2564 circumcisus,
1074 2507 1168 2571 neque
1180 2494 1237 2542 ⁰02
1249 2497 1274 2556 1.
1286 2499 1319 2544 δι

61 2579 122 2647 idolis
136 2589 259 2654 addictus
274 2584 460 2653 Christianae
477 2587 628 2671 religionis
643 2587 797 2670 imaginem
813 2585 970 2650 referebat.
1002 2583 1063 2650 Par
1078 2587 1170 2651 idem·

61 2702 100 2762 pne
115 2687 143 2749 de
158 2689 269 2769 hbelo,
292 2688 403 2766 serto,
427 2687 522 2766 Eoos,
546 2687 667 2764 Enoch,
691 2683 874 2766 Mathusala,
898 2685 1025 2764 Naana,
1049 2685 1169 2752 Hebere

61 2784 85 2845 rd
96 2785 224 2854 Abraham
243 2811 338 2876 nsque
354 2790 491 2853 iudicium
509 2810 576 2854 esse
592 2790 689 2852 debet.
735 2787 812 2851 Tum
833 2789 907 2852 enim
928 2787 1031 2871 religio
1049 2790 1169 2873 perinde

60 2894 124 2968 anne
141 2889 287 2976 impietas,
311 2893 382 2956 lidos
400 2893 469 2955 item
494 2900 523 2954 et
541 2890 697 2954 infidelitas
716 2889 861 2953 hominum
885 2909 977 2973 genus
997 2891 1167 2976 occupabat.

61 2981 162 3064 Quanam
177 2994 247 3058 fides
262 2991 449 3058 Christianae
464 3002 564 3055 sectae
577 2991 703 3076 speciem
718 2991 922 3072 adumbrabat3
946 2991 1099 3056 infidelitas
1116 2991 1169 3056 im·

60 3085 149 3167 pietatis
162 3113 193 3158 ae
211 3095 336 3158 sceleris
354 3105 418 3158 erat
432 3094 511 3157 notis
525 3093 681 3176 insignita,
706 3094 864 3176 eademqne
883 3102 1005 3157 naturae
1027 3093 1092 3176 lege
1110 3093 1169 3157 dis·

60 3187 154 3254 aletur.
194 3198 295 3280 Atque
311 3195 356 3258 hic
372 3215 471 3258 rerum
486 3205 580 3258 status
595 3195 631 3257 ad
647 3193 715 3256 illud
732 3215 824 3278 usque
842 3203 966 3279 tempus,
990 3194 1065 3278 quod
1083 3196 1168 3258 inodo

60 3287 268 3376 significavimus,
292 3297 429 3381 deinceps
446 3295 601 3381 perductus
618 3307 674 3360 est.
720 3292 878 3360 Caeterum
896 3294 993 3378 quinta
1010 3306 1077 3380 post
1096 3296 1169 3360 dilu-

59 3388 116 3454 viun
135 3407 241 3478 acam,
273 3419 337 3460 omn
360 3419 376 3460 a
403 3397 496 3460 tribus
515 3395 623 3460 Nob'mi
644 3397 710 3460 liliis
730 3395 883 3482 propagari
907 3417 1001 3480 genus
1022 3396 1167 3462 hominnm

60 3493 183 3577 tttpism,
206 3499 377 3562 continuata
390 3497 501 3563 sobolis
519 3495 707 3561 successione
722 3497 778 3560 duo
795 3518 829 3558 ac
845 3497 1028 3582 septuaginta
1046 3519 1167 3562 numero

60 3591 118 3655 uelut
135 3600 276 3687 principes
290 3621 324 3664 ae
340 3601 439 3684 stirpis
457 3600 549 3684 capita
567 3599 746 3683 prodierunt.
792 3595 816 3660 li
833 3620 896 3661 cum
916 3599 1031 3681 longius
1048 3619 1166 3683 prooes-

59 3690 154 3776 sissem,
178 3712 209 3764 et
233 3724 250 3765 a
276 3713 375 3764 nante
390 3699 492 3764 Lubar
511 3700 727 3783 Armeniaeque
748 3699 869 3776 linibus,
899 3699 953 3762 hoc
975 3709 1021 3762 est
1045 3700 1166 3784 regione

59 3789 155 3878 daret,
178 3803 317 3866 ulteriora
344 3811 570 3887 peragrassent,
600 3797 740 3865 Senseris
761 3801 792 3862 in
815 3821 946 3884 eampum
972 3799 1058 3864 delati
1084 3810 1162 3879 sunt,
1178 3813 1303 3870 asana

59 3913 120 3972 quen
132 3899 219 3966 locum
237 3903 291 3967 sibi
307 3902 362 3988 ipsi
380 3904 562 3986 delegerunt.
607 3898 763 3965 Caeterum
783 3899 898 3965 Senaer
914 3901 999 3965 hodie
1017 3902 1046 3964 iu
1059 3899 1166 3966 Persa-

58 4005 225 4086 rtntrrcgione
240 4005 298 4069 sita
315 4015 378 4085 est,
402 4026 487 4088 quam
511 4003 577 4068 olim
592 4003 712 4088 Assyrii
727 4013 890 4067 tenuerant.
934 3999 1028 4088 igitur
1049 4023 1112 4066 oum
1135 4003 1164 4068 in

57 4165 150 4242 ⁰⁰(lieri.
179 4174 229 4225 cris
245 4172 357 4239 παίδων,
382 4175 473 4231 andire
487 4178 580 4234 worse
647 4171 685 4222 111.
706 4168 803 4240 nonen
830 4174 881 4222 cod.
906 4175 958 4222 Vrsa
1001 4165 1088 4239 Δοβιίρ
1113 4175 1164 4224 eod

56 4231 179 4306 Μίδα.
210 4240 309 4295 παίδων
324 4245 414 4301 παῖδες
436 4242 504 4291 codd
520 4241 579 4290 liha-
612 4241 707 4304 Rhsdr'p.

56 4295 89 4358 tp,
102 4307 197 4358 dimin
646 4307 684 4357 11.
702 4305 811 4372 Περσίδι
827 4307 877 4356 cod.
895 4307 968 4356 Vcrst.

81 4367 101 4444 9·
118 4371 238 4439 γεγόνασιν
263 4379 313 4428 cort
337 4379 393 4426 Vra.
435 4370 578 4442 ίγεγίνασιν
646 4370 879 4432 sammonicum
910 4373 946 4437 (n
960 4387 980 4423 s.
1012 4371 1163 4428 συνδυᾶσαν-

56 4435 117 4496 1111141
130 4442 184 4492 aaa
610 4441 664 4507 τες)
681 4443 732 4492 rod.
747 4443 822 4492 amsa

918 4522 963 4590 3.
