3036 4998
388 277 526 329 ennean
544 278 606 330 ιιι.
621 279 639 330 ι.
656 278 734 330 τοιι.
748 281 778 330 n.
796 278 893 330 anun.
909 278 995 330 xxx.
1206 268 1267 330 295
1370 273 1373 281 '

116 417 183 461 nem
197 396 277 462 illam
293 417 360 462 esse
376 397 496 462 uitulum
513 395 669 480 significet,
690 417 759 481 quaa
773 399 937 484 nuptiarum
953 399 1022 483 iugo
1036 399 1178 464 ceruicem
1194 421 1266 462 ιιοιι-

116 501 182 564 dura
201 498 382 564 submiserit.
417 497 528 562 Verum
545 497 611 582 quid
629 497 675 561 hic
692 497 815 584 pluribus
830 501 978 584 disputare
993 521 1116 565 treccssc
1131 503 1195 564 est?
1217 511 1267 564 aut

115 603 185 667 illutl
208 602 303 687 ipsam
328 621 576 681 commemorare,
609 600 684 685 qued
707 601 758 664 snb
777 602 884 666 domiui
908 624 1032 687 persona
1055 603 1129 666 dixit
1152 601 1262 668 lsaias:

115 709 226 785 Accipe
246 716 417 784 segmentum
438 707 554 766 obortae
576 707 696 766 recentis
717 727 750 765 ue
773 709 906 766 naemu?
951 702 1005 770 Ubi
1028 707 1169 790 segmenti
1193 727 1262 770 usus
1276 719 1337 764 uest.
1349 721 1369 776 s,
1383 723 1402 766 ι.

116 816 162 870 est
181 806 343 884 uocabulo,
374 807 449 890 quod
470 805 525 868 etsi
545 827 561 868 c
579 806 656 870 uirili
674 805 783 870 semine
800 817 958 892 propagata
977 807 1015 870 sit
1031 807 1132 891 virgo,
1164 809 1263 872 cadem

117 919 215 972 tamen
241 909 280 972 sit
302 909 337 972 ab
360 909 485 972 humano
507 908 663 974 concubitu
686 911 864 994 tratrtruliquo
886 910 1033 972 bominum
1054 910 1263 974 consuetudine

115 1013 196 1076 relat
219 1021 314 1076 secta.
360 1008 499 1075 Universi
525 1011 630 1095 quippe
655 1011 826 1076 hominess
851 1010 927 1075 virili
953 1011 1063 1076 semine
1091 1011 1260 1096 gignuntur.

114 1114 157 1177 Ar
175 1109 288 1176 Christi
305 1111 458 1196 generatio
478 1113 519 1175 nti
539 1112 712 1177 staturaliter
733 1133 772 1176 ex
793 1113 926 1192 muliere,
958 1110 1054 1176 lllaria
1074 1113 1187 1184 scilicet
1203 1115 1263 1177 vir-

116 1215 203 1300 gine,
229 1224 363 1278 naturam
380 1214 463 1278 duxit
481 1213 652 1293 humanam,
682 1214 722 1278 ita
739 1229 849 1300 praeter
867 1225 998 1280 araturam
1016 1216 1052 1279 ab
1071 1215 1191 1300 originis
1210 1217 1262 1279 bu·

116 1336 222 1381 manae
244 1317 454 1380 consuetudine
474 1328 591 1380 resecta
610 1329 672 1397 cst3
703 1317 731 1380 it
752 1319 821 1401 qual
841 1315 962 1382 lacubus
983 1319 1018 1382 de
1043 1339 1078 1382 oc
1097 1318 1263 1404 pronuntiat

117 1419 161 1484 his
174 1419 290 1484 verbis:
305 1423 354 1482 Ee
362 1423 501 1500 germane,
509 1422 567 1499 fitt
575 1424 623 1493 ani,
640 1425 799 1482 ascendisti.
827 1419 858 1484 N
860 1441 896 1483 on
911 1421 996 1500 dixit,
1011 1425 1039 1484 E
1049 1426 1152 1484 sentire
1163 1441 1260 1482 necen-
1275 1429 1372 1486 (tenta,
1381 1432 1400 1475 t·

116 1525 194 1584 disti.
241 1522 339 1605 Atque
361 1521 471 1584 idcirco
489 1518 583 1586 isaias
606 1523 764 1607 propbeta,
794 1521 854 1586 sire
879 1523 973 1607 potins
993 1519 1089 1587 lsaiae
1115 1521 1260 1602 dominus,

116 1623 192 1688 bunc
208 1624 237 1686 in
253 1623 367 1687 modum
385 1623 499 1688 locutus
516 1634 579 1688 est:
603 1628 689 1686 Sume
701 1627 755 1686 tibi
769 1628 879 1687 elcrtne
891 1638 1071 1706 segmentum.
1119 1620 1185 1708 Quo
1199 1625 1261 1708 qni·

115 1727 180 1790 dem
211 1725 347 1790 usitatum
375 1725 538 1790 homiuibus
565 1725 710 1790 scribendi
738 1749 843 1790 morem
874 1749 907 1790 ac
932 1729 1074 1792 rationem
1101 1725 1258 1812 expressit.

116 1826 182 1912 Quo
197 1829 324 1914 pertinet
338 1829 407 1892 illutl
425 1849 442 1891 e
457 1828 568 1912 psalmo
582 1823 812 1892 cxxxvttt.=
835 1834 866 1890 ln
881 1830 953 1892 libro
969 1842 1016 1892 tuo
1031 1852 1122 1892 omnes
1135 1831 1259 1892 serrben·
1290 1837 1379 1946 Ἠοῖ..

116 1943 179 1994 tur:
204 1935 264 1993 dies
270 1934 492 2016 formabuntur,
516 1943 546 1992 et
559 1952 637 1992 nernc
653 1935 682 1992 in
698 1935 743 1992 iis.
788 1929 862 1994 Nam
881 1953 944 1996 cum
961 1932 1034 1994 libro
1051 1942 1164 1996 uterum
1181 1953 1258 1995 com·
1380 1921 1385 1935 ¹

116 2032 242 2118 paravit.
287 2031 460 2119 Propterea,
484 2021 689 2114 Imperfectum,
714 2033 765 2110 ait,
789 2055 872 2096 menen
889 2039 1020 2096 uideretur
1034 2037 1181 2116 oculitus}
1206 2033 1259 2098 lroc

116 2147 161 2200 est
172 2135 400 2220 proseminatum
414 2156 460 2199 me
474 2146 626 2220 autequam
641 2137 767 2220 liugercr
779 2135 919 2220 cognosti,
936 2136 994 2199 imo
1005 2135 1091 2200 etiem
1105 2147 1258 2221 antequam

117 2237 330 2324 proseminatus
354 2240 458 2302 torem.

201 2335 261 2403 Setl
289 2337 434 2404 Hebraico
458 2361 517 2405 vox
541 2339 711 2426 expressius
738 2340 866 2424 quiddam
893 2351 989 2404 sonat.
1043 2337 1100 2404 Pro
1123 2361 1159 2403 eo
1181 2339 1258 2406 euim
1276 2335 1367 2456 Χξῖξὶ

117 2441 192 2526 quud
217 2441 339 2524 legimus
357 2445 566 2526 Imperfectum,
600 2442 707 2506 liabent
726 2443 765 2506 illi
784 2447 889 2518 uotae,
922 2442 1091 2528 qnodilem
1111 2454 1154 2506 est
1173 2451 1258 2526 atque
1370 2441 1376 2456 ⁸

116 2543 206 2622 aliea,
230 2544 294 2608 sive
309 2565 428 2628 granum
447 2545 577 2625 similae,
602 2545 675 2629 quod
694 2545 824 2610 uidelicet
839 2545 964 2610 arcadium
982 2545 1011 2609 in
1030 2565 1133 2630 panem
1152 2544 1261 2610 coaluit

116 2667 151 2709 ae
167 2645 320 2712 subactum
340 2657 403 2727 est,
433 2647 485 2710 sed
504 2669 520 2710 e
538 2658 662 2711 contuso
679 2649 809 2712 iruaaeuti
827 2670 918 2731 grano
937 2647 1017 2711 velut
1032 2645 1154 2710 medulla
1173 2668 1259 2731 quac·

116 2749 179 2812 dam
203 2749 348 2826 crassior,
377 2769 412 2812 ao
434 2749 536 2812 minuti
559 2749 662 2814 calculi
684 2750 778 2814 instar
796 2761 851 2814 est.
898 2747 948 2814 Sic
965 2749 1055 2832 igitur
1072 2769 1106 2812 ea
1125 2769 1198 2812 uoce
1217 2749 1258 2812 itl-

114 2852 208 2936 ipsum
225 2848 345 2935 quodie
363 2851 475 2914 semine
493 2849 616 2914 bominis
632 2853 711 2916 inest
724 2851 896 2918 simillimum
914 2851 1078 2915 accuratius
1095 2851 1259 2936 exprimere

114 2953 224 3032 voluit,
257 2973 321 3017 cum
345 2953 420 3016 dixit
439 2957 651 3036 Imperfectum,
682 2953 711 3016 itl
734 2966 779 3018 est
797 2955 920 3018 inlorme
942 2953 1000 3017 iam
1023 2963 1081 3017 tum
1102 2973 1141 3016 ex
1162 2963 1257 3033 utero,

113 3055 172 3118 imo
190 3064 258 3120 aute
274 3065 407 3136 uterum,
432 3060 569 3118 {iderunt
586 3061 663 3120 oculi
679 3061 730 3119 tm'.
776 3054 867 3120 Novit
881 3056 957 3120 carim
977 3056 1072 3119 omma
1089 3056 1160 3120 dens
1177 3065 1257 3120 ante·
1271 3069 1327 3113 Dm·
1336 3070 1368 3126 1³,
1377 3071 1409 3115 ιι

115 3179 200 3243 quam
221 3158 306 3236 baut,
331 3167 427 3222 otest
446 3159 596 3243 seriptum.
642 3162 687 3222 Ac
703 3157 768 3223 libri
783 3159 960 3242 segmentivc
978 3155 1095 3220 nomiae
1111 3168 1259 3222 maternus

115 3272 217 3324 uterus
232 3258 386 3324 indicatur.
430 3258 537 3345 Neque
552 3281 623 3324 vero
641 3260 679 3324 ita
695 3261 807 3324 locutus
823 3272 883 3324 esta
907 3265 991 3324 Sume
1007 3261 1062 3322 tibi
1075 3261 1186 3333 librum,
1211 3259 1260 3322 vel

115 3363 422 3437 Suessetanorum,
447 3383 548 3426 verum
568 3375 678 3439 ternum,
704 3363 759 3426 ltoc
777 3373 820 3428 est
835 3372 1025 3447 segmentum,
1049 3373 1168 3448 propter
1182 3360 1259 3476 illpm

116 3485 192 3550 quae
210 3464 239 3528 in
257 3466 466 3532 consuetudine
487 3465 632 3530 bominum
653 3475 773 3551 apparet
789 3464 1012 3530 similitudinem.
1059 3461 1118 3530 Sed
1140 3465 1257 3542 addidit,

117 3571 249 3642 Chorene,
275 3576 307 3628 ut
320 3567 398 3630 illam
414 3567 444 3630 iu
460 3577 542 3632 utero
558 3569 638 3633 velut
653 3567 797 3632 scribendi
813 3569 869 3632 rim
886 3567 1058 3631 declararet.
1091 3563 1258 3644 Postremo,

115 3673 229 3743 naam,
254 3668 395 3744 subiecit,
421 3668 457 3732 ob
473 3681 618 3734 recentem
637 3670 861 3754 inviolatumque
878 3670 1019 3760 eastitatis
1036 3670 1065 3732 in
1080 3667 1194 3752 virgine
1209 3669 1260 3732 llo·

118 3793 193 3836 rem.
223 3767 332 3854 Magoa
350 3771 454 3856 quiippe
469 3792 565 3836 coram
581 3773 637 3837 dee
651 3773 759 3858 pariter
776 3785 805 3836 et
820 3772 980 3837 bominibus
993 3769 1089 3836 Maria
1105 3771 1188 3854 uirgo
1207 3791 1260 3834 cx·

117 3875 186 3938 titit.
234 3872 308 3958 Quis
334 3873 410 3936 euim
434 3895 491 3938 arou
517 3895 580 3938 eam
604 3895 737 3959 magnam
761 3874 908 3960 praedicet
931 3895 1004 3958 quac
1024 3873 1102 3937 illum
1126 3873 1173 3957 qui
1197 3873 1259 3958 capi

118 3978 196 4042 uallo
213 3976 299 4040 modo
316 3986 412 4061 potest
428 3975 555 4062 ceperit,
584 3997 648 4040 eum
668 3977 784 4062 inquam
802 3975 849 4062 qui
868 3976 950 4040 coelo
968 3987 1101 4061 terraque
1118 3975 1260 4038 contineri

119 4080 238 4164 nequit?
282 4076 340 4162 Qui
357 4079 498 4143 eiusmodi
513 4101 577 4142 curn
593 4089 688 4159 esset,
712 4091 815 4164 sponte
830 4101 883 4144 sua
901 4101 934 4142 ac
949 4079 1113 4156 voluntate,
1138 4097 1194 4140 nura
1209 4097 1260 4141 oe·

119 4182 258 4247 cessitate
281 4181 483 4266 cumprehendi
507 4201 540 4245 se
562 4202 665 4266 passus
687 4193 742 4246 est.
787 4180 869 4266 Ergo
889 4203 1023 4267 mageima
1042 4180 1110 4243 illud
1126 4179 1260 4243 volumen

120 4295 167 4349 cst
183 4305 218 4348 nc
234 4303 350 4348 recens.
395 4279 536 4364 Magnum
553 4283 590 4346 ob
603 4285 784 4361 miraculum,
803 4303 907 4348 recens
922 4284 989 4367 quia
1003 4283 1086 4366 virgo
1104 4281 1167 4346 tuta.
1200 4279 1261 4344 lle·

122 4387 208 4466 inde,
233 4387 347 4460 Scribe,
372 4383 481 4470 inquit,
504 4390 532 4447 in
551 4409 582 4447 ec
599 4390 672 4468 stple
690 4390 816 4448 nomenis.
863 4384 932 4449 Non
951 4385 1036 4466 dicit,
1061 4386 1172 4446 Sembet
1186 4389 1214 4446 ia
1230 4406 1261 4445 eo

121 4493 259 4570 quispiam
280 4491 397 4550 bominis
421 4491 511 4568 stylo,
543 4509 653 4574 neque,
686 4491 843 4554 scritum
864 4511 895 4550 eo
912 4492 1008 4564 burno,
1041 4509 1077 4552 ne
1095 4507 1178 4572 quem
1195 4485 1262 4552 iude
