3008 4996
260 307 319 370 234
678 317 799 370 εεαοτι
817 318 982 370 muana

128 453 192 521 Κεφ,
211 451 240 508 ς’,
343 430 455 518 Εῦροις
472 430 565 512 mv,
594 423 808 518 ῶέφιλολόγε,
836 434 886 498 καί
907 433 1015 500 τοῦτον
1035 429 1089 516 τόν
1109 430 1257 500 ῦπόθεσιν
1272 433 1399 518 ἐντνχῶν

257 543 320 610 τοῖς
341 542 394 600 τοῦ
411 539 543 610 Φίλωνος
557 530 780 616 ῦπομνῆμασιν,
809 537 841 600 ἐν
856 541 893 623 τῆ
908 536 975 620 περὶ
992 533 1142 600 Ἰεσσαίων
1165 533 1257 602 αότοῦ
1279 539 1398 622 ἐπιγρα-

259 637 375 724 φομένῃ
393 640 500 724 βίβληι,
521 635 557 711 ῶς
567 634 680 701 τοῦτον
699 633 915 718 τὴνπολιτείαν
935 639 986 702 καί
1002 633 1038 700 τῦ
1053 634 1182 720 ἐχκῶμια
1195 635 1326 718 διεξιῶν,
1347 639 1399 702 καλ

259 736 294 802 τό
310 734 409 802 αῦτῶν
426 736 604 822 μοναστῆρια
624 739 656 802 ἐν
676 743 712 826 τῆ
733 737 808 803 κατὰ
829 735 883 820 τῆν
899 742 1023 823 Μαρίαν
1042 742 1128 827 λίμνη
1148 742 1272 824 ίστορῶν
1290 763 1400 823 περιοι·

257 842 334 915 κίῦι,
357 836 394 904 οῦ
410 842 478 923 περί
491 864 579 904 τινων
593 840 697 922 ἐτέρων
716 836 735 903 ό
751 836 826 925 α’νῆρ
845 838 1010 922 ἱστόρησεν,
1032 836 1104 904 du&
1118 842 1186 925 περί
1206 844 1397 925 Χριστιανῶν.

261 934 358 1016 Οῦτος
379 937 435 1025 χόρ
456 939 612 1025 γενόμενος
633 941 665 1004 ἐν
684 948 719 1029 τῆ
734 941 816 1029 χῶρμ
836 940 1019 1023 (Μαρεῶτην
1032 941 1065 1006 ῦέ
1078 938 1131 1006 τόν
1146 939 1238 1006 τόπον
1252 947 1398 1018 καλοῦσι),

257 1044 309 1107 καὶ
327 1044 484 1124 καταχθείς
504 1039 572 1128 παρ’
591 1039 691 1116 αότοῐς
711 1045 742 1108 ἐν
760 1051 823 1118 τοῖς
843 1041 917 1108 κατὰ
939 1040 991 1108 τόν
1011 1048 1106 1126 χῶρον
1128 1048 1231 1108 τοῦτον
1254 1063 1397 1123 μοναστη-

257 1148 332 1228 ρίοις
356 1141 510 1226 οόφίληται.
550 1140 601 1208 Ἐν
622 1140 743 1228 ἡμέραις
767 1141 823 1229 χόρ
842 1150 902 1208 τῶν
924 1141 1078 1226 θΠόσχων
1095 1145 1159 1208 ἐκεί
1171 1141 1325 1229 γενόμενος
1344 1142 1398 1218 τός

256 1267 287 1308 τε
304 1241 401 1308 αότῶν
418 1250 562 1320 πολιτείας
579 1243 739 1321 ἐθεάσατο,
759 1247 811 1310 καὶ
826 1243 868 1322 ῶς
888 1267 963 1320 τινες
984 1242 1136 1326 ἑβδομάδα
1155 1243 1210 1326 τὴν
1231 1241 1319 1328 όχίαν
1338 1252 1398 1310 τῶν

259 1345 412 1429 8Πόσχων
427 1342 652 1430 ὑπερτιθέμενοι
670 1349 830 1426 θιετέλονν,
852 1343 931 1412 ἄλλοι
949 1347 981 1411 δέ
998 1345 1048 1411 διό
1064 1344 1119 1410 ῦόο
1139 1347 1296 1424 ἐσθίοντες,
1318 1343 1398 1412 ἄλλοι

257 1449 289 1513 δέ
306 1450 356 1512 καί
380 1445 451 1513 καθ’
466 1449 597 1534 ἐσπέραν.
634 1441 692 1513 Ἠν
717 1449 748 1513 ῦέ
771 1455 812 1536 τῷ
836 1445 924 1532 όνῦρλ
946 1445 1043 1512 πάντα
1068 1453 1159 1512 ταῦτα
1179 1471 1396 1532 πεπραγματευ-

257 1551 329 1630 μένα
342 1552 384 1627 είς
399 1548 453 1632 τῆν
469 1552 537 1634 περί
553 1547 677 1624 πίστεῶς
694 1551 792 1615 τεκαὶ
809 1553 956 1624 πολιτείας
969 1555 1027 1614 τῶν
1044 1553 1228 1633 Χριστιανῶν
1241 1544 1397 1614 όπόθεσιν.

254 1648 306 1727 Ὡς
321 1644 375 1717 οῦν
388 1650 453 1716 τότε
472 1654 626 1716 ἐκαλοῦντο
640 1648 792 1730 Ἰεσσαῖον,
814 1648 859 1715 ἐπ’
874 1648 960 1738 όλίγςο
977 1648 1072 1738 χρόνῳ
1094 1647 1165 1732 μετῦ
1180 1645 1235 1732 τῆν
1249 1647 1398 1731 όνόληψιν

255 1760 309 1818 τοῦ
326 1758 473 1838 σωτῆρος,
493 1754 545 1817 καί
559 1751 692 1836 Μόρκον
706 1759 742 1840 τῆ
757 1759 817 1816 τῶν
832 1754 1004 1837 Αίγνπτίων
1016 1750 1097 1839 χῶρχ
1114 1747 1303 1835 κηρύξαντος,
1322 1748 1396 1816 ιιατό

256 1851 326 1929 τοῦς
339 1851 462 1938 χρόνους
474 1853 596 1929 τούτους
615 1855 691 1928 τινές
707 1851 895 1934 ἐξεληλῦθασι
909 1852 1013 1931 πόλιν,
1035 1859 1095 1918 τῶν
1112 1849 1281 1917 όποστόλων
1303 1856 1397 1934 δῆθεν

197 1989 199 2000 ·
256 1953 418 2021 όκόλονθοι
435 1957 517 2040 (λέγω
532 1956 565 2020 δέ
581 1958 612 2020 οί
624 1954 754 2020 ἐνταῦθό
771 1977 823 2036 μοι
840 1952 1013 2037 ῦηλοῦμενοι
1026 1959 1218 2038 Ναζωραῖον),
1240 1951 1324 2029 ὄντες
1339 1953 1392 2036 μὲν

255 2055 330 2121 κατῶ
353 2054 386 2121 τό
404 2057 490 2141 χένος
503 2053 655 2135 Ἰουδαῖοι,
686 2057 737 2119 καλ
754 2062 795 2142 τῷ
812 2053 895 2144 νόμῳ
912 2056 946 2120 όέ
963 2056 1188 2141 προςανέχοντες
1207 2057 1259 2119 καί
1283 2079 1395 2138 περιτο·

255 2156 315 2240 μῆν
337 2159 523 2239 κτκτημίνοι·
553 2156 611 2222 ἄλλ’
627 2157 722 2242 ῶςπερ
744 2155 803 2222 οἲπό
820 2163 934 2222 σκοποῦ
957 2181 1034 2232 τινες
1050 2154 1229 2236 θεασόμενοι
1246 2163 1323 2239 πῦρ,
1345 2157 1395 2221 καλ

255 2257 296 2341 μῆ
310 2257 467 2341 νοήσαντες
481 2257 518 2326 δι’
531 2259 570 2342 ῆν
587 2261 684 2324 αίτίαν
700 2261 732 2323 οί
745 2256 799 2340 τῆν
819 2256 917 2343 πυρῶν
935 2256 1045 2341 ταύτην
1061 2256 1242 2336 ἐξάψαντες,
1263 2255 1285 2338 ἢ
1299 2280 1395 2342 χρησι-

130 2393 180 2438 pag.
196 2383 240 2428 m.
257 2359 381 2442 μότητα,
409 2367 496 2427 τοῦτο
516 2367 665 2440 ποιοῦσιν,
696 2356 770 2442 ῆτό
791 2366 845 2440 τῆς
866 2366 941 2442 ζωῆς
964 2361 1075 2424 ἐαντῶν
1093 2355 1213 2439 όιμῶνια
1231 2355 1309 2442 πρός
1325 2361 1394 2426 ἐόω-

255 2459 310 2544 ῦῆν
325 2459 375 2526 aa}
397 2469 449 2544 τῆς
465 2469 563 2547 πυρᾶς
579 2459 853 2539 κατασκευάζοντες,
881 2458 902 2542 ἢ
922 2463 972 2526 ἐπλ
996 2458 1154 2546 ἀφανισμῷ
1172 2484 1260 2525 τινων
1280 2481 1394 2524 καυστι·

255 2570 317 2628 κῶν
333 2561 426 2640 ξόλων
441 2562 461 2646 ἢ
475 2562 636 2648 φρνγόνων
650 2568 708 2626 τῶν
723 2558 784 2627 ῦπό
800 2560 897 2648 πυρός
911 2559 1064 2628 είωθότων
1079 2558 1296 2638 ἀναλίσκεσθαι,
1318 2559 1394 2626 οῦτω

256 2667 306 2730 ιιαλ
323 2663 407 2730 αῦτοί
429 2662 639 2748 μιμησάμενοι,
668 2671 728 2748 πῦρ
746 2660 913 2744 όνόψαντες
935 2661 1057 2738 ἐαντοῦς
1080 2663 1250 2746 ἐνέπρησαν.
1293 2658 1393 2726 Ἀκοῦ
1479 2661 1486 2680 ’

256 2787 358 2842 σαντες
376 2764 431 2851 χείρ
446 2765 538 2848 μόνον
554 2764 648 2850 ὄνομα
661 2763 773 2848 Ἰησοῦ,
793 2766 845 2830 καί
861 2763 1044 2847 θεασόμενοι
1060 2760 1097 2827 τό
1116 2762 1277 2846 θοοσῆμεια
1293 2758 1330 2825 τό
1345 2759 1393 2827 διό

256 2874 360 2951 χειρῶν
375 2874 435 2932 τῶν
462 2864 634 2932 όποστόλων
653 2865 809 2951 γινόμενα,
838 2868 890 2931 καὶ
910 2863 996 2930 αῦτολ
1017 2867 1059 2941 εἰς
1074 2862 1195 2946 Ἰησοῦν
1216 2862 1393 2941 πιστεύουσι,

256 2967 374 3053 χνόντες
388 2969 420 3034 δέ
435 2964 524 3033 αῦτόν
538 2971 571 3034 ἐκ
588 2967 721 3053 Ναζαρὲτ
736 2970 768 3034 ἐν
784 2969 886 3052 γαστρί
902 2968 1184 3053 ἐέχκνμονηθέντα,
1205 2967 1257 3030 καλ
1272 2968 1305 3030 ἐν
1322 2967 1392 3052 οίκφ

253 3067 362 3152 Ἰωσὴφ
381 3067 598 3156 όνατραφέντα,
617 3072 669 3134 καὶ
686 3067 736 3134 διό
752 3075 839 3134 τοῦτο
855 3071 887 3134 ἐν
899 3075 941 3156 τῷ
957 3066 1110 3154 εὐαγγελίῳ
1128 3063 1243 3148 Ἰησοῦν
1257 3064 1311 3132 τόν
1333 3072 1392 3130 Να-

256 3179 382 3253 ζωραῖον
398 3179 565 3252 καλεῖσθαι,
594 3169 636 3248 ῶς
656 3173 707 3236 καλ
730 3173 761 3236 οί
774 3168 931 3236 ῦπόστολοί
949 3191 1057 3250 φασιν,
1085 3166 1205 3250 Ἰησοῦν
1222 3164 1275 3232 τόν
1293 3173 1392 3245 Ναζω-

256 3281 341 3356 ραῐον
358 3269 449 3357 όνόρα
469 3270 710 3358 όποθεῦειχμένον
729 3273 763 3337 ἐν
775 3295 806 3336 τε
822 3275 953 3356 σημείοις
968 3273 1019 3336 καλ
1038 3271 1152 3356 τέρασε,
1182 3270 1233 3334 καί
1256 3266 1293 3332 τό
1318 3269 1391 3350 ἐζῆς,

255 3379 344 3439 τοῦτο
357 3373 391 3439 τό
408 3372 503 3456 ὄνομα
519 3377 699 3440 ἐπιτιθέασιν
717 3370 828 3452 αῦτοῖς,
851 3371 907 3438 ὓτό
923 3379 1075 3437 καλεῖσθαι
1095 3373 1298 3454 Ναζωραίονς,
1322 3367 1390 3434 οοῦ-

170 3471 175 3480 “
256 3475 284 3556 χλ
304 3475 337 3539 ab
355 3479 547 3562 Ναζιραίονς,
574 3478 608 3542 τό
628 3473 860 3560 ἑρμηνευόμενον
876 3472 1094 3558 Ἡχιασμένονς.
1142 3477 1235 3535 Τοῦτο
1252 3467 1308 3555 χῦρ
1329 3479 1390 3544 τοῖς

165 3591 171 3610 ’
256 3573 290 3639 τό
311 3575 434 3641 παλαιόν
450 3575 647 3662 πρωτοτόκοις
669 3579 721 3641 καλ
741 3582 805 3665 θεῷ
821 3573 1032 3660 όφιερωθεῑσιν
1048 3569 1201 3656 ’ὑπῆρχεν
1218 3569 1251 3638 τό
1266 3569 1388 3654 όξίωμσ,

259 3669 301 3740 ῶν
315 3672 358 3753 είς
370 3673 500 3762 ῦπῆρχεν
514 3675 532 3744 ό
546 3676 699 3760 Σαμηνῶν,
720 3679 769 3742 καί
788 3675 869 3743 ῦλλοι
883 3673 940 3760 μετ’
955 3673 1054 3754 αότόν,
1076 3676 1127 3740 καλ
1143 3671 1201 3757 πρό
1217 3669 1311 3738 αῦτοῦ
1325 3680 1391 3738 πολ-

256 3783 309 3843 λοί.
350 3775 433 3844 'And
455 3781 505 3843 καλ
519 3777 656 3860 Ἰωάννης
677 3775 695 3844 ό
717 3777 880 3862 Βαπτιστῆς
893 3785 953 3842 τῶν
968 3775 1066 3842 αῦτῶν
1085 3773 1335 3860 8οίςοηχιασμίνων
1354 3781 1392 3861 τῷ

256 3886 321 3968 θεῷ
336 3882 387 3946 καί
402 3877 492 3956 αῦτός
506 3877 549 3956 εἷς
564 3877 707 3965 οῦπῆρχε,
717 3882 769 3945 καλ
784 3877 864 3946 οίνον
879 3881 930 3944 καί
943 3883 1043 3964 σίκερα
1055 3874 1111 3942 οῦκ
1124 3879 1231 3941 ἐπινεν.
1265 3881 1298 3922 ¹⁰
1307 3874 1391 3960 Ὥρι·

258 4001 309 4046 στο
325 3981 381 4066 χεὶρ
400 3992 462 4058 τοῖς
481 3981 624 4058 τοιοῦτοις
648 3981 766 4063 ιιοόίιη
787 3977 930 4067 όρμόῦιος
950 3987 991 4069 ερῦ
1008 3976 1147 4061 όζιοίματι
1172 3974 1235 4059 Ηῆ
1255 3981 1390 4044 πολιτεία

293 4135 431 4188 CM.-
451 4137 661 4189 1.Siec⁰d.Vatic.
685 4139 740 4187 Οοτλ
751 4139 809 4187 mn-
876 4133 900 4188 4.
919 4139 999 4186 Vocem
1014 4131 1213 4200 ἐγκομονηθίντα
1229 4148 1275 4184 non
1291 4135 1392 4195 οςιιοτοιλ

259 4203 307 4290 σεχ.
324 4209 345 4253 ει
360 4207 422 4285 ειλλε.ι
429 4209 503 4267 pn'nc.
516 4209 597 4286 νὶιλοιτ
611 4203 734 4284 φιλόλοχε.
841 4205 893 4284 τοῦ.
912 4207 983 4284 ijo.
1039 4273 1050 4286 η

259 4273 326 4418 (τοία
332 4287 439 4388 'tum
454 4274 808 4408 ίῦῦωίίίίιίᾶίζόίίὶίῆόίῖ
874 4287 899 4388 (⁰52
916 4269 1110 4406 Jssbffiffi
1121 4270 1334 4399 fflffihon
1347 4336 1388 4382 ιι-

258 4409 361 4454 dmm
377 4408 426 4456 σοῦ.
444 4411 516 4457 ναίίσ.
840 4409 876 4456 Μ
892 4407 943 4456 ovd.
959 4409 1034 4455 VM.

292 4470 315 4523 3.
340 4469 442 4541 πάσχων
465 4477 515 4524 τοῦ.
532 4477 605 4525 Vatia.
628 4481 648 4525 ελ
670 4476 708 4524 ειλ.
729 4476 808 4525 Ρελον.
874 4471 898 4525 7.
915 4468 1105 4540 ῦπῆρχενοοόῦ.
1115 4471 1320 4531 maelmin.
1337 4468 1388 4516 λἰιλ-

257 4539 361 4607 τιασχῶι
378 4543 428 4590 cod.
442 4543 537 4604 λίλιεόλρ.
549 4549 570 4592 ελ
584 4545 639 4594 edit.
649 4545 724 4605 μτλπτ.
840 4555 869 4603 ςο
888 4537 992 4608 ὑπῆρχε.
