3018 4994
424 341 829 396 ruuauuere.1.rou.1u.
848 342 945 392 uase.
1196 329 1258 392 427
1357 399 1363 410 ,

105 465 252 529 sinceram
270 465 406 550 stirpem,
431 463 568 527 videlicet
586 459 725 542 Sethum,
751 463 886 548 protulit,
910 483 1003 545 aquo
1021 461 1188 526 raniversum
1207 483 1258 546 ge-

105 589 162 632 nus
180 567 327 631 lromiuum
346 567 484 630 manarit.
531 563 685 629 Postremo
704 565 843 648 principia
868 575 897 627 ot
918 575 1078 650 potestates
1101 574 1257 650 ceteraque

106 683 139 734 ut
160 671 209 734 alii
233 670 328 734 omnia
352 679 493 732 statuuat.

195 872 265 938 Vll.
302 873 484 938 Archontiei.
532 871 635 936 Plures
653 873 701 936 isti
718 873 752 936 ad
774 873 918 957 principes
937 874 1074 936 urricersa
1094 875 1258 936 relerentes

106 997 306 1062 quaecumque
323 979 397 1040 laeta
414 987 481 1040 suaet
496 977 530 1038 ab
551 977 607 1039 illis
621 987 685 1039 orta
700 975 849 1037 deliniunt.
897 973 1012 1038 Habent
1027 985 1057 1038 et
1075 975 1259 1038 foedissimae

106 1080 250 1164 quoddam
274 1077 400 1142 libidinis
420 1099 526 1162 genus.
573 1074 679 1142 Carnis
700 1077 944 1140 resurrectionem
969 1089 1119 1161 respuunt.
1167 1076 1260 1141 Vetus

107 1181 333 1246 Testamentum
351 1180 530 1244 calumniose
550 1179 696 1243 reiieiuut.
743 1177 923 1263 Quamquam
948 1189 978 1242 et
999 1181 1052 1243 lunc
1074 1190 1104 1242 et
1121 1199 1198 1242 novo
1215 1180 1259 1242 iu·

105 1305 199 1369 super
220 1303 426 1368 nonrmuqunm
450 1291 584 1360 utantur,
618 1303 656 1344 ex
680 1282 783 1366 quibus
808 1281 937 1362 singulas
960 1283 1079 1346 voculas
1099 1281 1201 1344 callide
1224 1283 1259 1343 ad

107 1397 236 1450 mentem
260 1407 340 1450 suam
365 1386 596 1448 accommodant.

196 1485 283 1552 Vlll.
318 1484 508 1552 Cerdouiaui.
555 1482 913 1564 ACerdoucortisuut,
945 1486 992 1568 qui
1012 1483 1260 1570 quemabllera·

107 1591 168 1654 elio
190 1611 319 1653 errorem
344 1591 481 1654 hauserat
504 1591 588 1652 noris
610 1587 737 1652 invocatis
761 1589 893 1652 adauxit.
940 1590 985 1651 Ac
1009 1610 1072 1650 cum
1098 1585 1260 1650 Romame

109 1691 200 1778 Syria
219 1695 367 1778 protectus
384 1703 481 1770 esset,
510 1689 618 1776 Hygini
638 1712 727 1776 papae
749 1691 926 1776 temporibus
946 1711 999 1754 sua
1019 1692 1151 1774 dogmata
1169 1691 1261 1753 disse·

109 1796 245 1858 minavit.
293 1793 359 1857 Duo
387 1815 474 1879 porro
499 1795 639 1878 principia
664 1794 810 1856 contraria
836 1793 960 1856 invicem
985 1793 1118 1856 affirmat.
1164 1789 1262 1876 Negat

108 1894 261 1960 Christum
287 1919 353 1960 esse
376 1895 518 1980 genitum.
563 1893 747 1959 Mortuerum
772 1895 979 1959 excitationem
1005 1917 1069 1958 cum
1096 1905 1196 1958 vetere
1219 1903 1261 1956 te·

108 2010 257 2063 stameuto
279 1999 386 2062 reiicit.

198 2099 256 2164 lX.
291 2099 515 2165 Marcionistae.
561 2099 676 2164 Marcio
693 2101 832 2164 oriundus
853 2122 891 2164 ex
911 2098 1004 2164 Ponto
1021 2100 1158 2186 episcopo
1181 2109 1261 2184 patre

110 2215 198 2270 natus
222 2216 282 2283 est,
315 2226 331 2266 a
356 2227 412 2288 quo
436 2203 472 2265 ob
495 2201 618 2286 virginis
641 2215 772 2289 stuprum
795 2203 906 2267 eiectus
929 2225 967 2266 ex
991 2203 1114 2266 ecclesia
1138 2199 1260 2265 Romam

110 2306 236 2391 aufugit.
282 2303 338 2370 Ubi
355 2328 419 2368 cum
436 2305 471 2370 ab
488 2306 535 2384 iis,
561 2305 608 2390 qui
627 2315 685 2368 tum
702 2305 846 2368 ecciesiae
863 2316 1030 2392 praeerant,
1055 2303 1261 2391 poeniteutiam

111 2413 221 2473 lrustra
242 2408 436 2495 postulasset,
472 2408 641 2471 catholicam
669 2408 751 2471 fidem
779 2429 945 2493 oppugnare
972 2408 1106 2470 instituit.
1152 2405 1262 2491 Quam·

111 2512 214 2575 obrem
231 2512 284 2574 tria
303 2525 368 2574 esse
387 2510 526 2596 principia
544 2511 634 2590 dixit,
659 2510 784 2588 bouum,
809 2512 915 2573 iustum
935 2519 965 2573 et
981 2510 1098 2572 malum.
1143 2507 1262 2573 Novum

112 2625 317 2678 testamentum
335 2635 351 2675 a
368 2625 468 2676 vetere
483 2613 671 2696 eiusdemque
686 2624 806 2676 attctore
824 2611 948 2676 alienum
966 2633 1032 2677 esse
1048 2612 1156 2676 docuit.
1189 2609 1263 2677 Car·

111 2717 159 2780 uis
175 2715 420 2779 resurrectionem
436 2716 564 2780 sustulit.
594 2713 663 2778 Nou
680 2735 768 2778 utrum
784 2715 925 2800 baptisma
940 2717 1091 2793 duntaxat,
1110 2715 1263 2778 sedetiam

111 2821 168 2883 tria
185 2828 250 2903 post
265 2817 399 2881 delictum
414 2818 554 2900 indulget.
584 2815 643 2880 Pro
657 2817 779 2880 mortuis
793 2817 907 2881 illorum
924 2817 1140 2881 catechumenis
1155 2817 1264 2901 baptis·

112 2943 191 2986 naum
208 2921 255 2984 alii
273 2921 443 3005 suscipiunt.
475 2919 651 2984 Melioribus
667 2921 800 2984 eortlerrc
818 2919 989 3005 baptismum
1006 2920 1069 2982 sine
1087 2921 1144 2983 ullo
1162 2920 1264 2982 discri-

111 3025 192 3088 mine
214 3023 365 3108 permittit.

198 3123 242 3190 X.
277 3125 477 3190 Lucianistae.
523 3123 673 3189 Lucienus
698 3124 743 3188 lais
767 3123 929 3208 antiquior,
964 3147 1020 3188 nou
1046 3123 1120 3187 alter
1142 3123 1191 3188 ille
1216 3123 1263 3207 qui

113 3225 311 3295 Constantino
326 3230 485 3315 imperante
503 3227 616 3308 lloruit,
640 3229 669 3291 in
686 3227 819 3290 omuibus
833 3225 996 3292 Marcionis
1014 3227 1146 3311 uestigiis
1164 3226 1264 3290 inhae-

112 3335 161 3396 sit.
209 3331 273 3396 Etsi
297 3331 465 3418 quibusdam
489 3329 609 3394 adiectis
632 3329 804 3394 cumulatius
827 3329 932 3414 aliquid
957 3330 1063 3393 docere
1085 3331 1204 3393 studuit.

198 3535 257 3602 Xl.
296 3535 455 3621 Apelliaui.
505 3534 626 3620 Apelles
651 3534 785 3598 similiter
811 3544 896 3618 atque
918 3531 1034 3599 Marcio
1062 3547 1089 3598 et
1113 3533 1264 3600 Lucienus

112 3640 246 3727 quiequid
272 3639 417 3704 eonditum
445 3649 490 3702 est
513 3659 577 3700 curn
603 3637 666 3722 ipso
694 3636 844 3699 conditore
869 3637 1026 3722 vituperat.
1071 3636 1141 3701 Nou
1167 3650 1264 3702 tamen

113 3745 189 3821 tria,
219 3743 326 3820 atilli,
357 3741 512 3827 principia,
544 3739 972 3817 sedunumtantumiaucxit,
1003 3741 1159 3825 itidemque
1179 3742 1263 3805 deum

115 3866 204 3910 unum
228 3866 262 3908 ae
284 3865 450 3930 supremum
474 3854 504 3906 et
524 3842 649 3905 nominis
673 3851 840 3925 expertem,
874 3843 921 3926 qui
942 3843 1117 3925 singularem
1140 3843 1263 3909 alterum

114 3949 327 4035 procreaverit.
373 3943 513 4029 Quicum
532 3945 624 4008 malus
643 3945 804 4021 evasisset,
829 3945 965 4008 mundum
988 3965 1040 4009 sua
1060 3945 1107 4009 illa
1127 3945 1263 4032 improbi·

114 4061 173 4116 tale
197 4051 335 4114 condidit.

200 4150 275 4216 Xll.
310 4149 477 4217 Severiani.
525 4147 655 4214 Serenus
675 4147 722 4212 hic
740 4149 853 4234 Apellis
873 4151 985 4214 assecla
1005 4149 1103 4215 vinnm
1121 4173 1155 4218 aa
1175 4153 1262 4218 vitem

150 4339 189 4395 te.
206 4339 251 4406 τήν
268 4339 372 4395 παλαιὰν
389 4343 487 4393 teutanes
503 4343 612 4392 Donate.
739 4337 777 4390 15.
795 4329 948 4392 ’sectarunt
964 4340 1060 4391 loannes
1072 4341 1181 4394 Damam.
1218 4343 1263 4396 ltc-

152 4406 192 4463 tl.
208 4411 295 4476 καιροῦ
310 4405 523 4476 adampliaverit
536 4405 673 4473 ἐκκλησίας
703 4421 763 4469 pone
781 4401 960 4489 'Anellqteuol

116 4485 186 4544 carpet
202 4481 300 4531 loannes
315 4480 422 4528 Demere.
743 4473 780 4527 16.
798 4474 963 4544 ἐποχουμενος
979 4478 1076 4528 locanes
1091 4480 1201 4531 Demere.
