3008 4996
341 295 478 348 nunaunt
494 295 557 348 tra.
568 297 587 346 ι.
604 297 685 349 uon.
696 299 726 348 ιι.
748 297 845 350 naun.
856 299 954 350 xxva.
1159 291 1218 354 193

79 427 163 478 satam
185 413 316 480 sobolem
335 435 511 501 propagasse
532 415 695 500 reperitur,
724 418 831 481 umdiu
847 418 923 482 inira
940 417 1104 498 detinetur,
1125 419 1219 484 donee

78 516 142 580 ilios
165 537 236 580 snos
256 517 386 600 resipere
406 518 534 600 potuerit
556 519 637 580 etad
655 517 841 603 semetipsam
859 518 1018 582 attrahere.
1065 517 1129 584 ldae
1151 532 1220 586 suut

78 637 162 701 uagae
183 619 299 682 illorum
322 639 357 684 ao
380 619 507 682 somnia.
552 617 644 681 Vetat
667 620 753 682 etiam
780 620 828 682 illa
848 631 917 683 suut
941 641 1016 704 quae
1034 621 1064 684 in
1086 633 1218 686 sanatam

76 717 161 783 liliam
186 720 373 784 exserendae
398 719 548 784 aniusdam
567 719 652 804 plena
679 721 873 784 contumeliae
891 722 1058 807 praedicare
1085 743 1142 786 nou
1166 744 1219 787 ve·

76 833 184 886 rentur:
216 843 282 886 enm
299 842 364 884 eum
381 821 410 884 in
432 820 546 884 eoelum
565 831 686 885 eveotus
703 833 784 884 esset
808 843 911 886 rursus
934 823 963 886 in
982 823 1057 886 buna
1079 825 1219 888 muudum

77 923 159 988 inisse
177 925 334 988 deiectum.
379 921 470 986 Venit
490 923 585 1000 enim,
607 922 761 1006 inquiunt,
787 943 803 984 e
820 943 942 986 numero
958 924 1129 988 laminarum
1149 927 1219 989 dae·

77 1045 183 1088 mounru
209 1046 264 1090 uua
283 1045 358 1108 quae
381 1023 461 1088 illum
480 1023 640 1109 superavit.
686 1021 726 1086 Et
744 1045 801 1108 quo
827 1035 858 1086 tu
877 1024 992 1087 taudem
1013 1025 1107 1090 diuiti
1149 1025 1217 1110 Ego

77 1127 142 1190 enim
159 1149 177 1192 a
195 1138 223 1190 te
240 1127 349 1188 liberos
368 1125 479 1205 babeo,
504 1145 598 1208 neque
614 1145 729 1188 sursum
749 1124 867 1188 evolare
885 1136 969 1210 potes
987 1135 1073 1210 atque
1087 1125 1133 1190 bie
1150 1138 1216 1192 tuus

75 1227 244 1312 relinquere.
290 1227 337 1289 Ad
359 1224 432 1289 baeo
453 1228 649 1311 respondente
674 1223 758 1305 Elia,
788 1225 829 1289 Et
853 1228 996 1290 undenam
1013 1228 1048 1290 de
1073 1227 1216 1292 metilius

76 1327 132 1391 illos
148 1327 292 1408 habuisti,
323 1349 387 1390 eum
411 1349 466 1411 ago
487 1328 687 1391 castimoniam
712 1337 852 1412 perpetuo
875 1328 1078 1392 servaverim?
1120 1327 1214 1408 Saue,

76 1429 158 1514 iuquit
175 1432 244 1494 illa:
276 1451 342 1492 rum
356 1428 433 1492 enim
455 1428 484 1492 in
503 1427 613 1492 somnis
632 1427 774 1492 effusione
792 1427 913 1491 seminis
928 1449 1017 1514 saepe
1034 1449 1140 1514 eorpus
1162 1451 1216 1494 ex-

76 1529 211 1612 baorires,
235 1552 292 1615 eqo
309 1531 405 1594 abste
422 1529 490 1592 illud
505 1529 627 1612 excepi,
652 1529 761 1612 tibique
778 1529 853 1592 dlios
867 1530 976 1616 peperi.
1024 1528 1119 1612 Quam
1142 1549 1215 1596 vero

75 1632 173 1697 abillis
198 1633 297 1716 inepte
321 1629 376 1694 ista
393 1631 543 1694 dieantur!
590 1627 745 1712 Quomodo
766 1631 843 1694 enim
865 1633 987 1696 daemon
1011 1631 1140 1716 impurus
1162 1653 1217 1696 ex·

76 1753 191 1818 persqne
210 1732 342 1818 eorporis
360 1731 479 1817 spiritus
499 1731 535 1795 de
553 1731 724 1816 eorporibns
741 1732 915 1816 participare
933 1731 1076 1818 quidpiam
1098 1735 1217 1819 potestl

75 1831 142 1900 Naro
156 1837 181 1900 si
200 1857 216 1898 a
235 1833 406 1918 corporibus
423 1833 449 1896 ei
467 1834 697 1896 eommunieatnr
713 1833 818 1916 aliquid
837 1843 870 1896 ut
887 1833 994 1917 pariat,
1019 1855 1125 1919 eorpus
1147 1837 1215 1915 erit,

75 1957 123 1998 uou
140 1937 272 2022 spiritns.
319 1931 353 2000 si
374 1955 480 2018 eorpus
501 1944 558 2014 est,
582 1935 727 2018 quomodo
744 1937 846 2016 lugere
862 1934 1011 1998 oculorum
1028 1947 1216 2021 conspectum

74 2041 248 2125 antspiritos
273 2057 340 2104 esse
355 2037 482 2120 poterit?
526 2033 585 2100 Sed
607 2048 638 2098 et
655 2035 771 2098 illorum
796 2033 921 2098 absurda
945 2037 1113 2120 euerprimis
1134 2036 1216 2100 stuli·

75 2140 140 2204 ditos
154 2151 219 2218 est,
243 2161 309 2204 unm
325 2138 393 2201 illud
412 2158 451 2200 ex
469 2136 588 2222 epistola
604 2133 692 2201 ludae
710 2135 918 2213 testimoninm,
941 2158 998 2220 quo
1013 2157 1114 2201 eornm
1131 2158 1217 2201 error

74 2243 265 2320 eonviuoitnr,
289 2241 324 2304 ad
343 2239 428 2303 buius
445 2237 536 2324 ipsius
553 2238 741 2323 patrocinium
767 2239 1005 2301 accommodant:
1038 2243 1073 2300 In
1093 2244 1363 2316 romna's,sptaav.s

74 2342 174 2426 iuquit,
207 2365 320 2406 earnem
344 2343 501 2414 maculant,
526 2344 737 2402 domairotr'onern
759 2350 850 2399 aetem
867 2352 1020 2419 spernunt,
1045 2345 1215 2403 muabstutem

73 2457 155 2506 antem
176 2448 378 2526 blasphemant.
425 2439 537 2505 Verum
559 2441 662 2504 beatus
690 2437 777 2504 ludas
799 2439 907 2502 domini
930 2441 1019 2502 irater
1042 2461 1101 2503 nou
1120 2441 1157 2505 de
1176 2441 1215 2507 iis

73 2543 190 2628 loquitur
204 2547 251 2628 qni
269 2565 321 2629 per
336 2542 511 2606 insomnium
533 2542 662 2605 lluxioue
679 2560 806 2604 venerea
824 2539 1071 2606 contaminantur.
1108 2539 1213 2608 Statim

73 2647 169 2732 quippe
187 2645 338 2730 subiungit
359 2645 542 2726 ostenditque
561 2645 595 2705 de
614 2642 755 2706 eiusmodi
780 2661 813 2704 se
833 2641 1044 2706 somniantibus
1065 2642 1143 2727 loqui
1166 2645 1215 2728 qni

72 2767 217 2813 sermones
237 2767 309 2812 snos
326 2747 407 2810 volnt
424 2745 453 2809 in
476 2745 604 2821 somnis,
629 2764 685 2807 non
703 2741 869 2827 expes-raeti
884 2763 918 2806 ao
934 2742 1107 2828 vigilantes,
1130 2744 1214 2808 insti·

71 2859 161 2913 tanat.
206 2848 356 2934 Siquidem
373 2861 401 2911 et
420 2849 455 2910 de
471 2845 749 2930 Hierosolymitanis
767 2843 935 2908 doctoribus
949 2841 1055 2908 Esaias
1070 2846 1108 2909 ita
1122 2845 1214 2931 loqui-

71 2960 129 3014 tut:
162 2957 261 3014 Omnes
275 2971 358 3012 canes
372 2955 445 3012 muu'
464 2971 520 3010 nnn
537 2952 659 3009 uolentes
677 2951 799 3020 lunare,
823 2950 992 3008 somnabntes
1007 2951 1037 3008 iu
1053 2949 1155 3022 eatan,
1180 2959 1361 3023 simun.

71 3064 192 3116 caetera.
238 3049 324 3134 Quod
349 3051 424 3114 idem
450 3051 480 3113 iu
508 3051 560 3113 bae
583 3045 672 3111 ludae
698 3047 818 3133 epistola
843 3048 1007 3110 declaratur
1032 3049 1075 3110 bis
1098 3047 1209 3129 verbis,

70 3155 239 3216 Somnabutes
263 3155 370 3226 cubile,
402 3174 473 3233 quoue
491 3156 620 3212 nesciunt
636 3155 767 3211 debentes.
814 3147 869 3214 Ubi
888 3150 922 3212 de
941 3149 1144 3212 dormientium
1167 3150 1212 3214 in-

70 3256 183 3319 somniis
203 3254 321 3317 minime
344 3275 376 3316 se
395 3253 472 3336 loqui
490 3252 565 3315 velle
583 3255 778 3327 demonstrat,
803 3251 854 3314 sed
871 3251 906 3312 de
923 3249 1005 3315 falsis
1020 3250 1136 3314 illorum
1153 3261 1212 3315 tra-

69 3357 175 3436 goediis
194 3378 229 3419 ao
248 3354 352 3440 nugis,
382 3375 453 3438 quas
475 3353 518 3416 sie
537 3367 671 3436 tanquam
693 3351 869 3430 insomnis,
900 3371 955 3414 uea
979 3353 1062 3414 dumo
1087 3361 1117 3414 et
1140 3373 1210 3416 ouu-

70 3457 151 3520 staati
173 3457 271 3520 animo
294 3456 497 3540 pronunciant.

132 3555 295 3623 Enimvero
310 3558 398 3642 pudet
412 3577 458 3618 me
474 3555 571 3618 omnia
586 3553 700 3618 illorum
716 3575 822 3618 areana
837 3554 995 3638 detegere?
1017 3551 1115 3618 Solios
1132 3555 1209 3618 enirn
1220 3567 1358 3637 capxw.

70 3670 111 3720 est
137 3661 182 3723 dei
212 3657 465 3743 profundissimam
496 3657 569 3720 bane
599 3655 671 3720 tanti
703 3656 823 3719 foetoris
848 3655 1016 3739 voraginem
1043 3656 1207 3718 obstruere.

70 3757 263 3842 Quamobrem
280 3757 315 3824 ab
335 3778 371 3822 eo
384 3759 451 3822 loeo
471 3759 626 3842 digrediar,
651 3756 706 3818 boo
725 3777 811 3820 unum
828 3757 864 3819 ab
881 3757 1007 3818 omnium
1026 3757 1210 3820 moderatore

69 3860 119 3924 deo
140 3862 309 3948 postulans,
340 3880 377 3923 ue
396 3859 461 3943 quis
482 3859 511 3923 in
529 3859 597 3921 illud
617 3877 739 3920 noenum
757 3858 957 3944 demergatur,
989 3877 1064 3921 neve
1083 3857 1208 3920 animum

67 3982 157 4026 meum
176 3962 344 4027 foedissima
359 3961 432 4024 baee
448 3959 621 4046 impuritatis
638 3959 719 4022 labes
736 3959 854 4023 inliciat.
901 3956 1030 4023 Primum
1048 3957 1123 4020 etaim
1140 3977 1210 4040 epo·

66 4065 154 4128 stolus
171 4061 281 4128 Paulus
297 4083 399 4126 omues
416 4061 577 4126 istiusmodi
595 4061 741 4145 nequitiae
757 4061 870 4123 radices
887 4060 1008 4138 excidit,
1033 4079 1096 4122 oum
1114 4059 1148 4120 de
1167 4059 1210 4120 iu-

66 4165 194 4228 nioribus
210 4164 305 4228 viduis
323 4165 380 4228 ista
399 4163 582 4248 praeseribit.
630 4167 749 4234 Vtiluos,
774 4161 884 4246 inquit,
908 4165 1141 4223 adolescentiores
1161 4163 1361 4232 de-1.·nm.s,u.

66 4273 136 4328 orto:
159 4289 223 4330 rum
236 4272 309 4328 ειιίιιι
326 4268 489 4327 lusurrbtue
497 4268 614 4347 suerent
630 4269 659 4324 a'n
676 4267 806 4336 carneo,
830 4265 934 4325 trudere
947 4263 1054 4337 uolunt,
1079 4263 1212 4324 babentes

67 4419 140 4479 μοῦσι
152 4419 296 4470 munao.
315 4413 447 4470 albaredum
462 4417 621 4479 satamon.
687 4409 712 4463 4.
731 4411 809 4466 dvvaol
827 4416 877 4466 aud.
898 4416 996 4478 Rbedip.
1019 4419 1040 4462 at
1064 4416 1117 4465 edit.
1136 4417 1211 4478 prino.

66 4489 153 4536 dedit
167 4491 243 4549 paine.
270 4487 305 4548 Gt.
320 4500 394 4548 supro
410 4499 462 4548 rap.
475 4487 511 4534 tt.
655 4479 717 4534 dvsal
733 4483 788 4531 adit.
803 4485 883 4532 Potor.

113 4565 204 4622 Carpus
216 4563 350 4610 flmeuel.
365 4565 393 4608 ll.
970 4570 1007 4632 13
