<?xml version="1.0" encoding="UTF-8"?>
<!DOCTYPE html PUBLIC "-//W3C//DTD XHTML 1.0 Transitional//EN"
    "http://www.w3.org/TR/xhtml1/DTD/xhtml1-transitional.dtd">
<html xmlns="http://www.w3.org/1999/xhtml" xml:lang="en" lang="en">
 <head>
  <title>
</title>
<meta http-equiv="Content-Type" content="text/html;charset=utf-8" />
  <meta name='ocr-system' content='tesseract 3.04.00' />
  <meta name='ocr-capabilities' content='ocr_page ocr_carea ocr_par ocr_line ocrx_word'/>
</head>
<body>
  <div class='ocr_page' id='page_1' title='image "./corporishaerese03oehlgoog_0058.png"; bbox 0 0 2986 4996; ppageno 0'>
   <div class='ocr_carea' id='block_1_1' title="bbox 336 393 1235 510">
    <p class='ocr_par' dir='ltr' id='par_1_1' title="bbox 336 393 1235 510">
     <span class='ocr_line' id='line_1_1' title="bbox 336 393 1235 510; baseline -0.004 -24"><span class='ocrx_word' id='word_1_1' title='bbox 336 433 472 510; x_wconf 77' lang='lat' dir='ltr'>canaan</span> <span class='ocrx_word' id='word_1_2' title='bbox 489 433 565 487; x_wconf 84' lang='lat' dir='ltr'>anv.</span> <span class='ocrx_word' id='word_1_3' title='bbox 582 393 752 485; x_wconf 74' lang='lat' dir='ltr'>sanamus</span> <span class='ocrx_word' id='word_1_4' title='bbox 769 433 831 484; x_wconf 82' lang='lat' dir='ltr'>ura.</span> <span class='ocrx_word' id='word_1_5' title='bbox 845 434 865 484; x_wconf 88' lang='lat' dir='ltr'>t.</span> <span class='ocrx_word' id='word_1_6' title='bbox 880 432 962 486; x_wconf 80' lang='lat' dir='ltr'>uolt.</span> <span class='ocrx_word' id='word_1_7' title='bbox 977 435 996 485; x_wconf 90' lang='lat'>1.</span> <span class='ocrx_word' id='word_1_8' title='bbox 1197 419 1235 482; x_wconf 82' lang='lat'>41</span> 
     </span>
    </p>
   </div>
   <div class='ocr_carea' id='block_1_2' title="bbox 83 548 1391 4292">
    <p class='ocr_par' dir='ltr' id='par_1_2' title="bbox 88 548 1240 1023">
     <span class='ocr_line' id='line_1_2' title="bbox 88 548 1239 637; baseline -0.003 -21"><span class='ocrx_word' id='word_1_9' title='bbox 88 553 119 618; x_wconf 87' lang='lat' dir='ltr'>iu</span> <span class='ocrx_word' id='word_1_10' title='bbox 137 551 305 618; x_wconf 81' lang='lat' dir='ltr'>Graeciam.</span> <span class='ocrx_word' id='word_1_11' title='bbox 349 551 410 617; x_wconf 88' lang='lat' dir='ltr'>Per</span> <span class='ocrx_word' id='word_1_12' title='bbox 425 553 493 617; x_wconf 91' lang='lat' dir='ltr'>illud</span> <span class='ocrx_word' id='word_1_13' title='bbox 511 564 624 637; x_wconf 86' lang='lat' dir='ltr'>tempus</span> <span class='ocrx_word' id='word_1_14' title='bbox 641 549 739 615; x_wconf 84' lang='lat' dir='ltr'><strong>Ninus</strong></span> <span class='ocrx_word' id='word_1_15' title='bbox 756 571 791 614; x_wconf 86' lang='lat' dir='ltr'>nc</span> <span class='ocrx_word' id='word_1_16' title='bbox 807 548 979 616; x_wconf 78' lang='lat' dir='ltr'>Semiramis</span> <span class='ocrx_word' id='word_1_17' title='bbox 997 549 1132 636; x_wconf 79' lang='lat' dir='ltr'>Assyriis</span> <span class='ocrx_word' id='word_1_18' title='bbox 1147 548 1239 634; x_wconf 88' lang='lat' dir='ltr'>impe-</span> 
     </span>
     <span class='ocr_line' id='line_1_3' title="bbox 90 651 1240 739; baseline -0.003 -21"><span class='ocrx_word' id='word_1_19' title='bbox 90 655 207 718; x_wconf 87' lang='lat' dir='ltr'>rabant.</span> <span class='ocrx_word' id='word_1_20' title='bbox 252 652 385 736; x_wconf 82' lang='lat' dir='ltr'>Quorum</span> <span class='ocrx_word' id='word_1_21' title='bbox 407 653 536 738; x_wconf 85' lang='lat' dir='ltr'>aequalis</span> <span class='ocrx_word' id='word_1_22' title='bbox 552 653 681 716; x_wconf 87' lang='lat' dir='ltr'>Abraam</span> <span class='ocrx_word' id='word_1_23' title='bbox 703 652 768 716; x_wconf 91' lang='lat' dir='ltr'>luit.</span> <span class='ocrx_word' id='word_1_24' title='bbox 815 652 899 736; x_wconf 93' lang='lat' dir='ltr'>Apud</span> <span class='ocrx_word' id='word_1_25' title='bbox 918 651 1082 739; x_wconf 84' lang='lat' dir='ltr'>Aegyptios</span> <span class='ocrx_word' id='word_1_26' title='bbox 1098 671 1171 714; x_wconf 89' lang='lat' dir='ltr'>vero</span> <span class='ocrx_word' id='word_1_27' title='bbox 1189 651 1240 714; x_wconf 92' lang='lat' dir='ltr'>dc·</span> 
     </span>
     <span class='ocr_line' id='line_1_4' title="bbox 88 749 1240 842; baseline -0.004 -23"><span class='ocrx_word' id='word_1_28' title='bbox 88 757 167 820; x_wconf 74' lang='lat' dir='ltr'>eina</span> <span class='ocrx_word' id='word_1_29' title='bbox 182 767 286 820; x_wconf 82' lang='lat' dir='ltr'>octava</span> <span class='ocrx_word' id='word_1_30' title='bbox 303 756 437 842; x_wconf 78' lang='lat' dir='ltr'>dynastia</span> <span class='ocrx_word' id='word_1_31' title='bbox 451 766 597 840; x_wconf 87' lang='lat' dir='ltr'>praeerat.</span> <span class='ocrx_word' id='word_1_32' title='bbox 642 753 765 838; x_wconf 82' lang='lat' dir='ltr'>Solique</span> <span class='ocrx_word' id='word_1_33' title='bbox 780 765 838 817; x_wconf 88' lang='lat' dir='ltr'>tum</span> <span class='ocrx_word' id='word_1_34' title='bbox 856 775 896 818; x_wconf 86' lang='lat' dir='ltr'>ex</span> <span class='ocrx_word' id='word_1_35' title='bbox 911 754 1044 818; x_wconf 87' lang='lat' dir='ltr'>omuibus</span> <span class='ocrx_word' id='word_1_36' title='bbox 1060 753 1174 840; x_wconf 89' lang='lat' dir='ltr'>populis</span> <span class='ocrx_word' id='word_1_37' title='bbox 1190 749 1240 816; x_wconf 90' lang='lat' dir='ltr'>Si·</span> 
     </span>
     <span class='ocr_line' id='line_1_5' title="bbox 89 853 1239 943; baseline -0.003 -22"><span class='ocrx_word' id='word_1_38' title='bbox 89 856 189 943; x_wconf 72' lang='lat' dir='ltr'>eyouii</span> <span class='ocrx_word' id='word_1_39' title='bbox 208 857 290 942; x_wconf 86' lang='lat' dir='ltr'>regio</span> <span class='ocrx_word' id='word_1_40' title='bbox 309 857 456 921; x_wconf 86' lang='lat' dir='ltr'>dominatu</span> <span class='ocrx_word' id='word_1_41' title='bbox 473 855 716 934; x_wconf 74' lang='lat' dir='ltr'>continebantur3</span> <span class='ocrx_word' id='word_1_42' title='bbox 739 857 823 919; x_wconf 89' lang='lat' dir='ltr'>ouius</span> <span class='ocrx_word' id='word_1_43' title='bbox 841 855 953 921; x_wconf 89' lang='lat' dir='ltr'>initium</span> <span class='ocrx_word' id='word_1_44' title='bbox 975 855 1012 920; x_wconf 88' lang='lat' dir='ltr'>ab</span> <span class='ocrx_word' id='word_1_45' title='bbox 1030 853 1151 940; x_wconf 86' lang='lat' dir='ltr'>Europe</span> <span class='ocrx_word' id='word_1_46' title='bbox 1173 875 1239 939; x_wconf 92' lang='lat' dir='ltr'>prc-</span> 
     </span>
     <span class='ocr_line' id='line_1_6' title="bbox 90 960 276 1023; baseline 0.011 -2"><span class='ocrx_word' id='word_1_47' title='bbox 90 960 199 1022; x_wconf 82' lang='lat' dir='ltr'>lectum</span> <span class='ocrx_word' id='word_1_48' title='bbox 219 969 276 1023; x_wconf 88' lang='lat' dir='ltr'>est.</span> 
     </span>
    </p>

    <p class='ocr_par' dir='ltr' id='par_1_3' title="bbox 83 1055 1391 4292">
     <span class='ocr_line' id='line_1_7' title="bbox 172 1055 1391 1144; baseline -0.001 -20"><span class='ocrx_word' id='word_1_49' title='bbox 172 1057 248 1124; x_wconf 88' lang='lat' dir='ltr'>Post</span> <span class='ocrx_word' id='word_1_50' title='bbox 278 1061 351 1124; x_wconf 91' lang='lat' dir='ltr'>baec</span> <span class='ocrx_word' id='word_1_51' title='bbox 382 1059 483 1124; x_wconf 86' lang='lat' dir='ltr'>eadem</span> <span class='ocrx_word' id='word_1_52' title='bbox 514 1079 568 1142; x_wconf 85' lang='lat' dir='ltr'>qua</span> <span class='ocrx_word' id='word_1_53' title='bbox 600 1058 772 1122; x_wconf 76' lang='lat' dir='ltr'>catholicam</span> <span class='ocrx_word' id='word_1_54' title='bbox 804 1067 835 1122; x_wconf 85' lang='lat' dir='ltr'>el</span> <span class='ocrx_word' id='word_1_55' title='bbox 864 1058 1053 1144; x_wconf 87' lang='lat' dir='ltr'>apostolicam</span> <span class='ocrx_word' id='word_1_56' title='bbox 1084 1055 1238 1121; x_wconf 89' lang='lat' dir='ltr'>ecclesiam</span> <span class='ocrx_word' id='word_1_57' title='bbox 1255 1069 1315 1140; x_wconf 77' lang='lat' dir='ltr'>cap.</span> <span class='ocrx_word' id='word_1_58' title='bbox 1324 1070 1391 1123; x_wconf 83' lang='lat' dir='ltr'>v111.</span> 
     </span>
     <span class='ocr_line' id='line_1_8' title="bbox 88 1158 1241 1247; baseline -0.003 -23"><span class='ocrx_word' id='word_1_59' title='bbox 88 1162 202 1244; x_wconf 77' lang='lat' dir='ltr'>figura,</span> <span class='ocrx_word' id='word_1_60' title='bbox 231 1173 358 1247; x_wconf 85' lang='lat' dir='ltr'>notaque</span> <span class='ocrx_word' id='word_1_61' title='bbox 381 1160 560 1224; x_wconf 87' lang='lat' dir='ltr'>Abraamom</span> <span class='ocrx_word' id='word_1_62' title='bbox 586 1160 667 1244; x_wconf 88' lang='lat' dir='ltr'>eligit</span> <span class='ocrx_word' id='word_1_63' title='bbox 691 1161 782 1240; x_wconf 88' lang='lat' dir='ltr'>deus,</span> <span class='ocrx_word' id='word_1_64' title='bbox 812 1159 907 1225; x_wconf 85' lang='lat' dir='ltr'>virum</span> <span class='ocrx_word' id='word_1_65' title='bbox 932 1160 962 1223; x_wconf 94' lang='lat' dir='ltr'>in</span> <span class='ocrx_word' id='word_1_66' title='bbox 992 1158 1143 1244; x_wconf 90' lang='lat' dir='ltr'>praeputio</span> <span class='ocrx_word' id='word_1_67' title='bbox 1170 1158 1241 1222; x_wconf 86' lang='lat' dir='ltr'>lide·</span> 
     </span>
     <span class='ocr_line' id='line_1_9' title="bbox 89 1259 1240 1348; baseline -0.003 -22"><span class='ocrx_word' id='word_1_68' title='bbox 89 1264 151 1326; x_wconf 81' lang='lat' dir='ltr'>lem</span> <span class='ocrx_word' id='word_1_69' title='bbox 167 1283 203 1326; x_wconf 86' lang='lat' dir='ltr'>ae</span> <span class='ocrx_word' id='word_1_70' title='bbox 215 1263 356 1348; x_wconf 87' lang='lat' dir='ltr'>religione</span> <span class='ocrx_word' id='word_1_71' title='bbox 371 1261 535 1347; x_wconf 71' lang='lat' dir='ltr'>pietateque</span> <span class='ocrx_word' id='word_1_72' title='bbox 551 1262 807 1347; x_wconf 79' lang='lat' dir='ltr'>perfectissimum,</span> <span class='ocrx_word' id='word_1_73' title='bbox 831 1273 917 1346; x_wconf 89' lang='lat' dir='ltr'>atque</span> <span class='ocrx_word' id='word_1_74' title='bbox 934 1272 966 1326; x_wconf 86' lang='lat' dir='ltr'>ul</span> <span class='ocrx_word' id='word_1_75' title='bbox 980 1259 1103 1325; x_wconf 88' lang='lat' dir='ltr'>scientia</span> <span class='ocrx_word' id='word_1_76' title='bbox 1117 1259 1240 1344; x_wconf 91' lang='lat' dir='ltr'>propbe-</span> 
     </span>
     <span class='ocr_line' id='line_1_10' title="bbox 88 1363 1237 1449; baseline -0.003 -23"><span class='ocrx_word' id='word_1_77' title='bbox 88 1367 127 1427; x_wconf 86' lang='lat' dir='ltr'>tis</span> <span class='ocrx_word' id='word_1_78' title='bbox 147 1383 258 1448; x_wconf 86' lang='lat' dir='ltr'>parem,</span> <span class='ocrx_word' id='word_1_79' title='bbox 281 1365 324 1428; x_wconf 88' lang='lat' dir='ltr'>sie</span> <span class='ocrx_word' id='word_1_80' title='bbox 343 1365 379 1428; x_wconf 92' lang='lat' dir='ltr'>ad</span> <span class='ocrx_word' id='word_1_81' title='bbox 397 1364 596 1449; x_wconf 86' lang='lat' dir='ltr'>evangelicam</span> <span class='ocrx_word' id='word_1_82' title='bbox 613 1363 794 1448; x_wconf 73' lang='lat' dir='ltr'>disciplinam</span> <span class='ocrx_word' id='word_1_83' title='bbox 811 1363 889 1428; x_wconf 85' lang='lat' dir='ltr'>vitae</span> <span class='ocrx_word' id='word_1_84' title='bbox 907 1363 1039 1426; x_wconf 87' lang='lat' dir='ltr'>instituto</span> <span class='ocrx_word' id='word_1_85' title='bbox 1055 1370 1237 1447; x_wconf 86' lang='lat' dir='ltr'>provectum.</span> 
     </span>
     <span class='ocr_line' id='line_1_11' title="bbox 88 1462 1240 1551; baseline -0.003 -23"><span class='ocrx_word' id='word_1_86' title='bbox 88 1464 169 1530; x_wconf 85' lang='lat' dir='ltr'>llrat</span> <span class='ocrx_word' id='word_1_87' title='bbox 181 1475 241 1528; x_wconf 91' lang='lat' dir='ltr'>tom</span> <span class='ocrx_word' id='word_1_88' title='bbox 257 1466 332 1528; x_wconf 76' lang='lat' dir='ltr'>doni</span> <span class='ocrx_word' id='word_1_89' title='bbox 349 1476 461 1551; x_wconf 88' lang='lat' dir='ltr'>patrem</span> <span class='ocrx_word' id='word_1_90' title='bbox 477 1466 657 1544; x_wconf 86' lang='lat' dir='ltr'>observans,</span> <span class='ocrx_word' id='word_1_91' title='bbox 681 1487 746 1528; x_wconf 88' lang='lat' dir='ltr'>curn</span> <span class='ocrx_word' id='word_1_92' title='bbox 764 1465 810 1528; x_wconf 91' lang='lat' dir='ltr'>dei</span> <span class='ocrx_word' id='word_1_93' title='bbox 828 1464 947 1528; x_wconf 86' lang='lat' dir='ltr'>oraculo</span> <span class='ocrx_word' id='word_1_94' title='bbox 960 1475 1083 1528; x_wconf 82' lang='lat' dir='ltr'>vocatus</span> <span class='ocrx_word' id='word_1_95' title='bbox 1100 1462 1240 1527; x_wconf 87' lang='lat' dir='ltr'>domesti-</span> 
     </span>
     <span class='ocr_line' id='line_1_12' title="bbox 88 1565 1240 1649; baseline -0.004 -18"><span class='ocrx_word' id='word_1_96' title='bbox 88 1567 132 1630; x_wconf 84' lang='lat' dir='ltr'>cis</span> <span class='ocrx_word' id='word_1_97' title='bbox 154 1568 352 1646; x_wconf 75' lang='lat' dir='ltr'>munneianit,</span> <span class='ocrx_word' id='word_1_98' title='bbox 378 1577 489 1630; x_wconf 83' lang='lat' dir='ltr'>etcum</span> <span class='ocrx_word' id='word_1_99' title='bbox 508 1588 525 1629; x_wconf 90' lang='lat' dir='ltr'>a</span> <span class='ocrx_word' id='word_1_100' title='bbox 543 1586 600 1649; x_wconf 92' lang='lat' dir='ltr'>quo</span> <span class='ocrx_word' id='word_1_101' title='bbox 617 1578 740 1630; x_wconf 82' lang='lat' dir='ltr'>vocatus</span> <span class='ocrx_word' id='word_1_102' title='bbox 758 1577 820 1629; x_wconf 85' lang='lat' dir='ltr'>crat</span> <span class='ocrx_word' id='word_1_103' title='bbox 837 1577 956 1630; x_wconf 89' lang='lat' dir='ltr'>secutus</span> <span class='ocrx_word' id='word_1_104' title='bbox 974 1576 1030 1645; x_wconf 88' lang='lat' dir='ltr'>est,</span> <span class='ocrx_word' id='word_1_105' title='bbox 1054 1565 1240 1649; x_wconf 90' lang='lat' dir='ltr'>quemadmo-</span> 
     </span>
     <span class='ocr_line' id='line_1_13' title="bbox 90 1665 1353 1752; baseline -0.008 -20"><span class='ocrx_word' id='word_1_106' title='bbox 90 1671 158 1732; x_wconf 87' lang='lat' dir='ltr'>dum</span> <span class='ocrx_word' id='word_1_107' title='bbox 172 1666 296 1748; x_wconf 88' lang='lat' dir='ltr'>Petrus,</span> <span class='ocrx_word' id='word_1_108' title='bbox 318 1668 466 1747; x_wconf 81' lang='lat' dir='ltr'>Andreas,</span> <span class='ocrx_word' id='word_1_109' title='bbox 490 1665 615 1732; x_wconf 87' lang='lat' dir='ltr'>lacobus</span> <span class='ocrx_word' id='word_1_110' title='bbox 635 1678 665 1731; x_wconf 91' lang='lat' dir='ltr'>et</span> <span class='ocrx_word' id='word_1_111' title='bbox 680 1665 808 1732; x_wconf 90' lang='lat' dir='ltr'>loannes</span> <span class='ocrx_word' id='word_1_112' title='bbox 825 1678 928 1752; x_wconf 87' lang='lat' dir='ltr'>postea</span> <span class='ocrx_word' id='word_1_113' title='bbox 944 1669 1087 1732; x_wconf 88' lang='lat' dir='ltr'>iecerunt.</span> <span class='ocrx_word' id='word_1_114' title='bbox 1132 1665 1178 1730; x_wconf 91' lang='lat' dir='ltr'>Ac</span> <span class='ocrx_word' id='word_1_115' title='bbox 1200 1687 1238 1728; x_wconf 89' lang='lat' dir='ltr'>ne</span> <span class='ocrx_word' id='word_1_116' title='bbox 1251 1677 1309 1723; x_wconf 69' lang='lat' dir='ltr'>usu</span> <span class='ocrx_word' id='word_1_117' title='bbox 1322 1677 1353 1722; x_wconf 85' lang='lat' dir='ltr'>ur.</span> 
     </span>
     <span class='ocr_line' id='line_1_14' title="bbox 92 1764 1240 1855; baseline -0.003 -21"><span class='ocrx_word' id='word_1_118' title='bbox 92 1772 191 1834; x_wconf 87' lang='lat' dir='ltr'>denuc</span> <span class='ocrx_word' id='word_1_119' title='bbox 207 1771 259 1834; x_wconf 86' lang='lat' dir='ltr'>sim</span> <span class='ocrx_word' id='word_1_120' title='bbox 279 1769 406 1854; x_wconf 89' lang='lat' dir='ltr'>longior,</span> <span class='ocrx_word' id='word_1_121' title='bbox 418 1771 530 1855; x_wconf 59' lang='lat' dir='ltr'>⁴paucis</span> <span class='ocrx_word' id='word_1_122' title='bbox 550 1769 648 1834; x_wconf 88' lang='lat' dir='ltr'>omnia</span> <span class='ocrx_word' id='word_1_123' title='bbox 664 1769 851 1854; x_wconf 84' lang='lat' dir='ltr'>complectar.</span> <span class='ocrx_word' id='word_1_124' title='bbox 897 1764 972 1832; x_wconf 89' lang='lat' dir='ltr'>Com</span> <span class='ocrx_word' id='word_1_125' title='bbox 990 1768 1079 1853; x_wconf 87' lang='lat' dir='ltr'>igitur</span> <span class='ocrx_word' id='word_1_126' title='bbox 1097 1769 1133 1832; x_wconf 84' lang='lat' dir='ltr'>od</span> <span class='ocrx_word' id='word_1_127' title='bbox 1149 1787 1240 1832; x_wconf 89' lang='lat' dir='ltr'>nona·</span> 
     </span>
     <span class='ocr_line' id='line_1_15' title="bbox 91 1869 1240 1956; baseline -0.003 -20"><span class='ocrx_word' id='word_1_128' title='bbox 91 1871 234 1956; x_wconf 81' lang='lat' dir='ltr'>gesimam</span> <span class='ocrx_word' id='word_1_129' title='bbox 250 1893 356 1934; x_wconf 92' lang='lat' dir='ltr'>nonum</span> <span class='ocrx_word' id='word_1_130' title='bbox 372 1872 478 1935; x_wconf 86' lang='lat' dir='ltr'>aetatis</span> <span class='ocrx_word' id='word_1_131' title='bbox 492 1891 600 1934; x_wconf 88' lang='lat' dir='ltr'>annum</span> <span class='ocrx_word' id='word_1_132' title='bbox 615 1870 777 1956; x_wconf 88' lang='lat' dir='ltr'>patriarcba</span> <span class='ocrx_word' id='word_1_133' title='bbox 789 1869 838 1932; x_wconf 92' lang='lat' dir='ltr'>ille</span> <span class='ocrx_word' id='word_1_134' title='bbox 852 1869 1048 1953; x_wconf 85' lang='lat' dir='ltr'>pervenisset,</span> <span class='ocrx_word' id='word_1_135' title='bbox 1067 1871 1104 1934; x_wconf 93' lang='lat' dir='ltr'>de</span> <span class='ocrx_word' id='word_1_136' title='bbox 1116 1870 1240 1934; x_wconf 87' lang='lat' dir='ltr'>eircum-</span> 
     </span>
     <span class='ocr_line' id='line_1_16' title="bbox 90 1968 1239 2057; baseline -0.003 -19"><span class='ocrx_word' id='word_1_137' title='bbox 90 1975 205 2038; x_wconf 84' lang='lat' dir='ltr'>eisiouc</span> <span class='ocrx_word' id='word_1_138' title='bbox 223 1994 240 2036; x_wconf 92' lang='lat' dir='ltr'>a</span> <span class='ocrx_word' id='word_1_139' title='bbox 255 1974 310 2038; x_wconf 93' lang='lat' dir='ltr'>deo</span> <span class='ocrx_word' id='word_1_140' title='bbox 329 1993 502 2057; x_wconf 86' lang='lat' dir='ltr'>responsum</span> <span class='ocrx_word' id='word_1_141' title='bbox 518 1971 642 2056; x_wconf 84' lang='lat' dir='ltr'>accepit.</span> <span class='ocrx_word' id='word_1_142' title='bbox 687 1969 758 2036; x_wconf 91' lang='lat' dir='ltr'>lude</span> <span class='ocrx_word' id='word_1_143' title='bbox 775 1968 914 2035; x_wconf 89' lang='lat' dir='ltr'>ludaismi</span> <span class='ocrx_word' id='word_1_144' title='bbox 932 1983 1001 2035; x_wconf 85' lang='lat' dir='ltr'>nota</span> <span class='ocrx_word' id='word_1_145' title='bbox 1020 1982 1086 2057; x_wconf 89' lang='lat' dir='ltr'>post</span> <span class='ocrx_word' id='word_1_146' title='bbox 1100 1970 1239 2056; x_wconf 83' lang='lat' dir='ltr'>gentilem</span> 
     </span>
     <span class='ocr_line' id='line_1_17' title="bbox 90 2073 1240 2160; baseline -0.003 -22"><span class='ocrx_word' id='word_1_147' title='bbox 90 2074 329 2160; x_wconf 80' lang='lat' dir='ltr'>superstitionem</span> <span class='ocrx_word' id='word_1_148' title='bbox 345 2075 488 2158; x_wconf 84' lang='lat' dir='ltr'>originem</span> <span class='ocrx_word' id='word_1_149' title='bbox 506 2075 615 2138; x_wconf 85' lang='lat' dir='ltr'>babuit.</span> <span class='ocrx_word' id='word_1_150' title='bbox 648 2073 802 2158; x_wconf 76' lang='lat' dir='ltr'>Agebatur</span> <span class='ocrx_word' id='word_1_151' title='bbox 818 2084 877 2136; x_wconf 88' lang='lat' dir='ltr'>turn</span> <span class='ocrx_word' id='word_1_152' title='bbox 894 2095 988 2137; x_wconf 90' lang='lat' dir='ltr'>annus</span> <span class='ocrx_word' id='word_1_153' title='bbox 1003 2074 1100 2137; x_wconf 90' lang='lat' dir='ltr'>mundi</span> <span class='ocrx_word' id='word_1_154' title='bbox 1117 2093 1192 2138; x_wconf 87' lang='lat' dir='ltr'>unos</span> <span class='ocrx_word' id='word_1_155' title='bbox 1209 2082 1240 2135; x_wconf 85' lang='lat' dir='ltr'>et</span> 
     </span>
     <span class='ocr_line' id='line_1_18' title="bbox 90 2162 1350 2262; baseline -0.002 -22"><span class='ocrx_word' id='word_1_156' title='bbox 90 2175 256 2240; x_wconf 77' lang='lat' dir='ltr'>tricesimm</span> <span class='ocrx_word' id='word_1_157' title='bbox 281 2196 368 2262; x_wconf 86' lang='lat' dir='ltr'>supra</span> <span class='ocrx_word' id='word_1_158' title='bbox 391 2187 441 2240; x_wconf 87' lang='lat' dir='ltr'>ter</span> <span class='ocrx_word' id='word_1_159' title='bbox 460 2176 642 2240; x_wconf 87' lang='lat' dir='ltr'>millesimum</span> <span class='ocrx_word' id='word_1_160' title='bbox 667 2195 702 2238; x_wconf 89' lang='lat' dir='ltr'>ac</span> <span class='ocrx_word' id='word_1_161' title='bbox 726 2175 1059 2258; x_wconf 82' lang='lat' dir='ltr'>quadringentesimum,</span> <span class='ocrx_word' id='word_1_162' title='bbox 1083 2185 1180 2239; x_wconf 89' lang='lat' dir='ltr'>aetate</span> <span class='ocrx_word' id='word_1_163' title='bbox 1202 2173 1238 2238; x_wconf 88' lang='lat' dir='ltr'>ab</span> <span class='ocrx_word' id='word_1_164' title='bbox 1344 2162 1350 2175; x_wconf 60' lang='grc'><em>“</em></span> 
     </span>
     <span class='ocr_line' id='line_1_19' title="bbox 89 2274 1239 2355; baseline -0.003 -13"><span class='ocrx_word' id='word_1_165' title='bbox 89 2280 160 2342; x_wconf 87' lang='lat' dir='ltr'>erbe</span> <span class='ocrx_word' id='word_1_166' title='bbox 181 2277 299 2341; x_wconf 85' lang='lat' dir='ltr'>condito</span> <span class='ocrx_word' id='word_1_167' title='bbox 323 2278 415 2342; x_wconf 88' lang='lat' dir='ltr'>altera</span> <span class='ocrx_word' id='word_1_168' title='bbox 439 2290 469 2340; x_wconf 84' lang='lat' dir='ltr'>et</span> <span class='ocrx_word' id='word_1_169' title='bbox 487 2276 644 2355; x_wconf 86' lang='lat' dir='ltr'>vicesima,</span> <span class='ocrx_word' id='word_1_170' title='bbox 669 2297 735 2340; x_wconf 91' lang='lat' dir='ltr'>cum</span> <span class='ocrx_word' id='word_1_171' title='bbox 754 2274 917 2340; x_wconf 89' lang='lat' dir='ltr'>ludaismus</span> <span class='ocrx_word' id='word_1_172' title='bbox 941 2277 1076 2340; x_wconf 85' lang='lat' dir='ltr'>effloruit.</span> <span class='ocrx_word' id='word_1_173' title='bbox 1121 2275 1199 2340; x_wconf 89' lang='lat' dir='ltr'>Nam</span> <span class='ocrx_word' id='word_1_174' title='bbox 1221 2296 1239 2339; x_wconf 92' lang='lat' dir='ltr'>a</span> 
     </span>
     <span class='ocr_line' id='line_1_20' title="bbox 89 2375 1240 2463; baseline -0.002 -21"><span class='ocrx_word' id='word_1_175' title='bbox 89 2380 199 2444; x_wconf 79' lang='lat' dir='ltr'>diluvio</span> <span class='ocrx_word' id='word_1_176' title='bbox 221 2379 257 2443; x_wconf 91' lang='lat' dir='ltr'>ad</span> <span class='ocrx_word' id='word_1_177' title='bbox 275 2381 364 2443; x_wconf 87' lang='lat' dir='ltr'>turris</span> <span class='ocrx_word' id='word_1_178' title='bbox 387 2378 617 2442; x_wconf 78' lang='lat' dir='ltr'>aedificationem</span> <span class='ocrx_word' id='word_1_179' title='bbox 640 2399 674 2442; x_wconf 90' lang='lat' dir='ltr'>ac</span> <span class='ocrx_word' id='word_1_180' title='bbox 693 2375 857 2443; x_wconf 81' lang='lat' dir='ltr'>Seruobum</span> <span class='ocrx_word' id='word_1_181' title='bbox 875 2377 1044 2463; x_wconf 88' lang='lat' dir='ltr'>Scytbicum</span> <span class='ocrx_word' id='word_1_182' title='bbox 1061 2377 1179 2441; x_wconf 88' lang='lat' dir='ltr'>vivendi</span> <span class='ocrx_word' id='word_1_183' title='bbox 1194 2378 1240 2440; x_wconf 92' lang='lat' dir='ltr'>in·</span> 
     </span>
     <span class='ocr_line' id='line_1_21' title="bbox 88 2478 1237 2563; baseline -0.001 -20"><span class='ocrx_word' id='word_1_184' title='bbox 88 2481 220 2545; x_wconf 89' lang='lat' dir='ltr'>stitutum</span> <span class='ocrx_word' id='word_1_185' title='bbox 240 2481 343 2545; x_wconf 90' lang='lat' dir='ltr'>tenuit.</span> <span class='ocrx_word' id='word_1_186' title='bbox 390 2480 417 2543; x_wconf 94' lang='lat' dir='ltr'>A</span> <span class='ocrx_word' id='word_1_187' title='bbox 435 2478 568 2545; x_wconf 85' lang='lat' dir='ltr'>Seruebc</span> <span class='ocrx_word' id='word_1_188' title='bbox 587 2482 622 2544; x_wconf 91' lang='lat' dir='ltr'>ad</span> <span class='ocrx_word' id='word_1_189' title='bbox 638 2479 836 2559; x_wconf 79' lang='lat' dir='ltr'>Almonem,</span> <span class='ocrx_word' id='word_1_190' title='bbox 862 2491 890 2543; x_wconf 90' lang='lat' dir='ltr'>et</span> <span class='ocrx_word' id='word_1_191' title='bbox 906 2481 935 2542; x_wconf 89' lang='lat' dir='ltr'>iu</span> <span class='ocrx_word' id='word_1_192' title='bbox 952 2480 1027 2543; x_wconf 92' lang='lat' dir='ltr'>banc</span> <span class='ocrx_word' id='word_1_193' title='bbox 1040 2501 1132 2563; x_wconf 89' lang='lat' dir='ltr'>nsque</span> <span class='ocrx_word' id='word_1_194' title='bbox 1148 2479 1237 2558; x_wconf 86' lang='lat' dir='ltr'>diem,</span> 
     </span>
     <span class='ocr_line' id='line_1_22' title="bbox 87 2580 1237 2668; baseline -0.002 -23"><span class='ocrx_word' id='word_1_195' title='bbox 87 2583 207 2666; x_wconf 85' lang='lat' dir='ltr'>gentilis</span> <span class='ocrx_word' id='word_1_196' title='bbox 222 2582 405 2668; x_wconf 88' lang='lat' dir='ltr'>superstitio.</span> <span class='ocrx_word' id='word_1_197' title='bbox 443 2580 539 2646; x_wconf 92' lang='lat' dir='ltr'>Porro</span> <span class='ocrx_word' id='word_1_198' title='bbox 555 2583 632 2646; x_wconf 88' lang='lat' dir='ltr'>nulla</span> <span class='ocrx_word' id='word_1_199' title='bbox 649 2583 741 2646; x_wconf 90' lang='lat' dir='ltr'>adbuc</span> <span class='ocrx_word' id='word_1_200' title='bbox 758 2582 794 2646; x_wconf 88' lang='lat' dir='ltr'>ab</span> <span class='ocrx_word' id='word_1_201' title='bbox 810 2583 958 2646; x_wconf 88' lang='lat' dir='ltr'>Abraamo</span> <span class='ocrx_word' id='word_1_202' title='bbox 978 2592 1059 2645; x_wconf 86' lang='lat' dir='ltr'>scota</span> <span class='ocrx_word' id='word_1_203' title='bbox 1075 2600 1237 2664; x_wconf 86' lang='lat' dir='ltr'>cognomen</span> 
     </span>
     <span class='ocr_line' id='line_1_23' title="bbox 88 2681 1239 2768; baseline -0.003 -21"><span class='ocrx_word' id='word_1_204' title='bbox 88 2685 191 2768; x_wconf 86' lang='lat' dir='ltr'>adepta</span> <span class='ocrx_word' id='word_1_205' title='bbox 210 2687 318 2749; x_wconf 83' lang='lat' dir='ltr'>luerat.</span> <span class='ocrx_word' id='word_1_206' title='bbox 363 2681 423 2750; x_wconf 92' lang='lat' dir='ltr'>Sed</span> <span class='ocrx_word' id='word_1_207' title='bbox 441 2684 462 2748; x_wconf 91' lang='lat' dir='ltr'>ii</span> <span class='ocrx_word' id='word_1_208' title='bbox 478 2684 637 2762; x_wconf 85' lang='lat' dir='ltr'>duntaxat,</span> <span class='ocrx_word' id='word_1_209' title='bbox 661 2685 708 2767; x_wconf 95' lang='lat' dir='ltr'>qui</span> <span class='ocrx_word' id='word_1_210' title='bbox 725 2683 855 2746; x_wconf 90' lang='lat' dir='ltr'>eiusdem</span> <span class='ocrx_word' id='word_1_211' title='bbox 878 2683 1028 2768; x_wconf 83' lang='lat' dir='ltr'>religionis</span> <span class='ocrx_word' id='word_1_212' title='bbox 1045 2683 1239 2768; x_wconf 85' lang='lat' dir='ltr'>appellatione</span> 
     </span>
     <span class='ocr_line' id='line_1_24' title="bbox 88 2782 1238 2869; baseline -0.002 -21"><span class='ocrx_word' id='word_1_213' title='bbox 88 2785 330 2866; x_wconf 78' lang='lat' dir='ltr'>enndnebantur,</span> <span class='ocrx_word' id='word_1_214' title='bbox 359 2787 551 2850; x_wconf 86' lang='lat' dir='ltr'>Abraamitae</span> <span class='ocrx_word' id='word_1_215' title='bbox 575 2785 612 2850; x_wconf 87' lang='lat' dir='ltr'>ab</span> <span class='ocrx_word' id='word_1_216' title='bbox 638 2787 740 2849; x_wconf 87' lang='lat' dir='ltr'>eodem</span> <span class='ocrx_word' id='word_1_217' title='bbox 766 2785 928 2869; x_wconf 83' lang='lat' dir='ltr'>patriarcba</span> <span class='ocrx_word' id='word_1_218' title='bbox 954 2785 1136 2849; x_wconf 82' lang='lat' dir='ltr'>dicebantur.</span> <span class='ocrx_word' id='word_1_219' title='bbox 1181 2782 1238 2846; x_wconf 90' lang='lat' dir='ltr'>llic</span> 
     </span>
     <span class='ocr_line' id='line_1_25' title="bbox 87 2884 1236 2972; baseline -0.003 -22"><span class='ocrx_word' id='word_1_220' title='bbox 87 2887 165 2950; x_wconf 87' lang='lat' dir='ltr'>enim</span> <span class='ocrx_word' id='word_1_221' title='bbox 185 2899 253 2952; x_wconf 91' lang='lat' dir='ltr'>octo</span> <span class='ocrx_word' id='word_1_222' title='bbox 270 2887 380 2952; x_wconf 89' lang='lat' dir='ltr'>liberos</span> <span class='ocrx_word' id='word_1_223' title='bbox 396 2887 512 2965; x_wconf 88' lang='lat' dir='ltr'>babuit,</span> <span class='ocrx_word' id='word_1_224' title='bbox 537 2907 575 2951; x_wconf 77' lang='lat' dir='ltr'>ex</span> <span class='ocrx_word' id='word_1_225' title='bbox 592 2887 695 2972; x_wconf 87' lang='lat' dir='ltr'>quibus</span> <span class='ocrx_word' id='word_1_226' title='bbox 717 2906 792 2950; x_wconf 87' lang='lat' dir='ltr'>nnus</span> <span class='ocrx_word' id='word_1_227' title='bbox 809 2884 891 2950; x_wconf 87' lang='lat' dir='ltr'>lsaae</span> <span class='ocrx_word' id='word_1_228' title='bbox 909 2886 995 2949; x_wconf 84' lang='lat' dir='ltr'>bores</span> <span class='ocrx_word' id='word_1_229' title='bbox 1012 2887 1162 2950; x_wconf 87' lang='lat' dir='ltr'>institutus</span> <span class='ocrx_word' id='word_1_230' title='bbox 1179 2894 1236 2963; x_wconf 91' lang='lat' dir='ltr'>est,</span> 
     </span>
     <span class='ocr_line' id='line_1_26' title="bbox 86 2987 1235 3075; baseline -0.002 -25"><span class='ocrx_word' id='word_1_231' title='bbox 86 2989 164 3073; x_wconf 91' lang='lat' dir='ltr'>quod</span> <span class='ocrx_word' id='word_1_232' title='bbox 179 3001 208 3052; x_wconf 89' lang='lat' dir='ltr'>et</span> <span class='ocrx_word' id='word_1_233' title='bbox 224 2987 326 3075; x_wconf 90' lang='lat' dir='ltr'>pietati</span> <span class='ocrx_word' id='word_1_234' title='bbox 343 2990 458 3052; x_wconf 89' lang='lat' dir='ltr'>deditus</span> <span class='ocrx_word' id='word_1_235' title='bbox 475 2989 561 3053; x_wconf 79' lang='lat' dir='ltr'>vitam</span> <span class='ocrx_word' id='word_1_236' title='bbox 585 3009 666 3052; x_wconf 91' lang='lat' dir='ltr'>suam</span> <span class='ocrx_word' id='word_1_237' title='bbox 687 3010 726 3052; x_wconf 86' lang='lat' dir='ltr'>cx</span> <span class='ocrx_word' id='word_1_238' title='bbox 748 2989 839 3074; x_wconf 81' lang='lat' dir='ltr'>patuis</span> <span class='ocrx_word' id='word_1_239' title='bbox 857 2988 1004 3052; x_wconf 87' lang='lat' dir='ltr'>sententia</span> <span class='ocrx_word' id='word_1_240' title='bbox 1022 2987 1235 3064; x_wconf 87' lang='lat' dir='ltr'>moderaretur,</span> 
     </span>
     <span class='ocr_line' id='line_1_27' title="bbox 86 3087 1238 3175; baseline -0.002 -23"><span class='ocrx_word' id='word_1_241' title='bbox 86 3102 118 3152; x_wconf 88' lang='lat' dir='ltr'>et</span> <span class='ocrx_word' id='word_1_242' title='bbox 139 3091 277 3175; x_wconf 83' lang='lat' dir='ltr'>singulari</span> <span class='ocrx_word' id='word_1_243' title='bbox 295 3091 341 3153; x_wconf 88' lang='lat' dir='ltr'>dei</span> <span class='ocrx_word' id='word_1_244' title='bbox 363 3090 556 3175; x_wconf 87' lang='lat' dir='ltr'>promissione</span> <span class='ocrx_word' id='word_1_245' title='bbox 578 3089 671 3154; x_wconf 89' lang='lat' dir='ltr'>cidem</span> <span class='ocrx_word' id='word_1_246' title='bbox 693 3091 797 3153; x_wconf 88' lang='lat' dir='ltr'>luisset</span> <span class='ocrx_word' id='word_1_247' title='bbox 811 3091 924 3175; x_wconf 87' lang='lat' dir='ltr'>parenti</span> <span class='ocrx_word' id='word_1_248' title='bbox 941 3109 1111 3153; x_wconf 87' lang='lat' dir='ltr'>concessus.</span> <span class='ocrx_word' id='word_1_249' title='bbox 1156 3087 1238 3150; x_wconf 90' lang='lat' dir='ltr'>Ante</span> 
     </span>
     <span class='ocr_line' id='line_1_28' title="bbox 85 3187 1352 3276; baseline -0.005 -22"><span class='ocrx_word' id='word_1_250' title='bbox 85 3211 173 3276; x_wconf 86' lang='lat' dir='ltr'>quem</span> <span class='ocrx_word' id='word_1_251' title='bbox 189 3191 342 3257; x_wconf 75' lang='lat' dir='ltr'>lsmae&#39;lem</span> <span class='ocrx_word' id='word_1_252' title='bbox 359 3213 400 3255; x_wconf 82' lang='lat' dir='ltr'>ex</span> <span class='ocrx_word' id='word_1_253' title='bbox 415 3192 497 3276; x_wconf 89' lang='lat' dir='ltr'>Agar</span> <span class='ocrx_word' id='word_1_254' title='bbox 512 3191 616 3254; x_wconf 85' lang='lat' dir='ltr'>ancilla</span> <span class='ocrx_word' id='word_1_255' title='bbox 632 3203 813 3274; x_wconf 83' lang='lat' dir='ltr'>susceperat.</span> <span class='ocrx_word' id='word_1_256' title='bbox 852 3188 913 3255; x_wconf 88' lang='lat' dir='ltr'>Sed</span> <span class='ocrx_word' id='word_1_257' title='bbox 929 3202 958 3254; x_wconf 94' lang='lat' dir='ltr'>et</span> <span class='ocrx_word' id='word_1_258' title='bbox 974 3187 1105 3254; x_wconf 87' lang='lat' dir='ltr'>Chetura</span> <span class='ocrx_word' id='word_1_259' title='bbox 1121 3209 1177 3252; x_wconf 83' lang='lat' dir='ltr'>sex</span> <span class='ocrx_word' id='word_1_260' title='bbox 1193 3188 1234 3253; x_wconf 89' lang='lat' dir='ltr'>illi</span> <span class='ocrx_word' id='word_1_261' title='bbox 1249 3205 1306 3250; x_wconf 70' lang='lat' dir='ltr'>usn</span> <span class='ocrx_word' id='word_1_262' title='bbox 1318 3204 1352 3249; x_wconf 82' lang='lat' dir='ltr'>as.</span> 
     </span>
     <span class='ocr_line' id='line_1_29' title="bbox 85 3289 1236 3380; baseline 0 -26"><span class='ocrx_word' id='word_1_263' title='bbox 85 3301 187 3372; x_wconf 85' lang='lat' dir='ltr'>postea</span> <span class='ocrx_word' id='word_1_264' title='bbox 202 3295 327 3380; x_wconf 86' lang='lat' dir='ltr'>peperit.</span> <span class='ocrx_word' id='word_1_265' title='bbox 357 3292 416 3377; x_wconf 80' lang='lat' dir='ltr'>Qui</span> <span class='ocrx_word' id='word_1_266' title='bbox 435 3313 537 3357; x_wconf 89' lang='lat' dir='ltr'>omncs</span> <span class='ocrx_word' id='word_1_267' title='bbox 551 3313 603 3376; x_wconf 88' lang='lat' dir='ltr'>per</span> <span class='ocrx_word' id='word_1_268' title='bbox 617 3291 731 3356; x_wconf 91' lang='lat' dir='ltr'>lelicem</span> <span class='ocrx_word' id='word_1_269' title='bbox 745 3292 883 3356; x_wconf 86' lang='lat' dir='ltr'>Arabiam</span> <span class='ocrx_word' id='word_1_270' title='bbox 899 3292 1022 3376; x_wconf 87' lang='lat' dir='ltr'>dispersi</span> <span class='ocrx_word' id='word_1_271' title='bbox 1037 3301 1117 3356; x_wconf 90' lang='lat' dir='ltr'>suut.</span> <span class='ocrx_word' id='word_1_272' title='bbox 1149 3289 1236 3354; x_wconf 89' lang='lat' dir='ltr'>Zem-</span> 
     </span>
     <span class='ocr_line' id='line_1_30' title="bbox 86 3391 1236 3475; baseline 0 -19"><span class='ocrx_word' id='word_1_273' title='bbox 86 3395 162 3457; x_wconf 83' lang='lat' dir='ltr'>brau</span> <span class='ocrx_word' id='word_1_274' title='bbox 175 3397 299 3475; x_wconf 84' lang='lat' dir='ltr'>scilicet,</span> <span class='ocrx_word' id='word_1_275' title='bbox 323 3394 427 3472; x_wconf 82' lang='lat' dir='ltr'>lezen,</span> <span class='ocrx_word' id='word_1_276' title='bbox 450 3393 567 3471; x_wconf 88' lang='lat' dir='ltr'>lesboe,</span> <span class='ocrx_word' id='word_1_277' title='bbox 587 3391 680 3472; x_wconf 88' lang='lat' dir='ltr'>Sove,</span> <span class='ocrx_word' id='word_1_278' title='bbox 701 3391 875 3471; x_wconf 86' lang='lat' dir='ltr'>Emmaden,</span> <span class='ocrx_word' id='word_1_279' title='bbox 899 3405 929 3458; x_wconf 89' lang='lat' dir='ltr'>et</span> <span class='ocrx_word' id='word_1_280' title='bbox 942 3391 1073 3471; x_wconf 88' lang='lat' dir='ltr'>Madian,</span> <span class='ocrx_word' id='word_1_281' title='bbox 1097 3413 1156 3456; x_wconf 90' lang='lat' dir='ltr'>una</span> <span class='ocrx_word' id='word_1_282' title='bbox 1171 3414 1236 3456; x_wconf 89' lang='lat' dir='ltr'>oum</span> 
     </span>
     <span class='ocr_line' id='line_1_31' title="bbox 85 3490 1237 3581; baseline 0 -24"><span class='ocrx_word' id='word_1_283' title='bbox 85 3495 207 3560; x_wconf 77' lang='lat' dir='ltr'>ancillae</span> <span class='ocrx_word' id='word_1_284' title='bbox 224 3498 295 3577; x_wconf 88' lang='lat' dir='ltr'>blio,</span> <span class='ocrx_word' id='word_1_285' title='bbox 314 3519 399 3581; x_wconf 90' lang='lat' dir='ltr'>quem</span> <span class='ocrx_word' id='word_1_286' title='bbox 413 3495 566 3561; x_wconf 80' lang='lat' dir='ltr'>lsmaillem</span> <span class='ocrx_word' id='word_1_287' title='bbox 581 3506 717 3560; x_wconf 87' lang='lat' dir='ltr'>vocatum</span> <span class='ocrx_word' id='word_1_288' title='bbox 734 3516 801 3559; x_wconf 89' lang='lat' dir='ltr'>esse</span> <span class='ocrx_word' id='word_1_289' title='bbox 818 3495 903 3580; x_wconf 90' lang='lat' dir='ltr'>paulo</span> <span class='ocrx_word' id='word_1_290' title='bbox 920 3505 987 3559; x_wconf 89' lang='lat' dir='ltr'>ante</span> <span class='ocrx_word' id='word_1_291' title='bbox 1003 3493 1143 3558; x_wconf 83' lang='lat' dir='ltr'>diximus.</span> <span class='ocrx_word' id='word_1_292' title='bbox 1175 3490 1237 3558; x_wconf 87' lang='lat' dir='ltr'>Sed</span> 
     </span>
     <span class='ocr_line' id='line_1_32' title="bbox 86 3593 1237 3680; baseline -0.001 -22"><span class='ocrx_word' id='word_1_293' title='bbox 86 3597 137 3659; x_wconf 87' lang='lat' dir='ltr'>bic</span> <span class='ocrx_word' id='word_1_294' title='bbox 155 3609 317 3680; x_wconf 87' lang='lat' dir='ltr'>postremus</span> <span class='ocrx_word' id='word_1_295' title='bbox 334 3597 448 3662; x_wconf 90' lang='lat' dir='ltr'>delecto</span> <span class='ocrx_word' id='word_1_296' title='bbox 467 3597 496 3660; x_wconf 92' lang='lat' dir='ltr'>iu</span> <span class='ocrx_word' id='word_1_297' title='bbox 512 3597 669 3661; x_wconf 90' lang='lat' dir='ltr'>solitudine</span> <span class='ocrx_word' id='word_1_298' title='bbox 690 3597 725 3662; x_wconf 90' lang='lat' dir='ltr'>ad</span> <span class='ocrx_word' id='word_1_299' title='bbox 743 3596 928 3661; x_wconf 86' lang='lat' dir='ltr'>habitandum</span> <span class='ocrx_word' id='word_1_300' title='bbox 948 3595 1014 3660; x_wconf 92' lang='lat' dir='ltr'>loco</span> <span class='ocrx_word' id='word_1_301' title='bbox 1029 3593 1143 3660; x_wconf 87' lang='lat' dir='ltr'>Pbarcs</span> <span class='ocrx_word' id='word_1_302' title='bbox 1166 3615 1237 3658; x_wconf 90' lang='lat' dir='ltr'>con-</span> 
     </span>
     <span class='ocr_line' id='line_1_33' title="bbox 85 3697 1387 3784; baseline -0.004 -24"><span class='ocrx_word' id='word_1_303' title='bbox 85 3698 177 3775; x_wconf 88' lang='lat' dir='ltr'>didit,</span> <span class='ocrx_word' id='word_1_304' title='bbox 198 3699 363 3784; x_wconf 87' lang='lat' dir='ltr'>liberosqoc</span> <span class='ocrx_word' id='word_1_305' title='bbox 381 3719 502 3764; x_wconf 90' lang='lat' dir='ltr'>numero</span> <span class='ocrx_word' id='word_1_306' title='bbox 524 3699 676 3763; x_wconf 87' lang='lat' dir='ltr'>duodecim</span> <span class='ocrx_word' id='word_1_307' title='bbox 692 3699 837 3783; x_wconf 88' lang='lat' dir='ltr'>suscepit,</span> <span class='ocrx_word' id='word_1_308' title='bbox 862 3698 997 3782; x_wconf 85' lang='lat' dir='ltr'>aquibus</span> <span class='ocrx_word' id='word_1_309' title='bbox 1013 3697 1387 3781; x_wconf 76' lang='lat' dir='ltr'>Agarenorum,umear.t,1.</span> 
     </span>
     <span class='ocr_line' id='line_1_34' title="bbox 83 3796 1233 3884; baseline -0.002 -22"><span class='ocrx_word' id='word_1_310' title='bbox 83 3799 155 3862; x_wconf 81' lang='lat' dir='ltr'>sive</span> <span class='ocrx_word' id='word_1_311' title='bbox 173 3796 399 3880; x_wconf 82' lang='lat' dir='ltr'>lsmab&#39;litarum‚</span> <span class='ocrx_word' id='word_1_312' title='bbox 423 3801 471 3884; x_wconf 92' lang='lat' dir='ltr'>qni</span> <span class='ocrx_word' id='word_1_313' title='bbox 494 3801 580 3864; x_wconf 90' lang='lat' dir='ltr'>bodie</span> <span class='ocrx_word' id='word_1_314' title='bbox 598 3796 741 3865; x_wconf 87' lang='lat' dir='ltr'>Saraceni</span> <span class='ocrx_word' id='word_1_315' title='bbox 764 3799 915 3880; x_wconf 86' lang='lat' dir='ltr'>dicuntur,</span> <span class='ocrx_word' id='word_1_316' title='bbox 944 3800 1035 3863; x_wconf 89' lang='lat' dir='ltr'>tribus</span> <span class='ocrx_word' id='word_1_317' title='bbox 1061 3809 1233 3883; x_wconf 84' lang='lat' dir='ltr'>propagatae</span> 
     </span>
     <span class='ocr_line' id='line_1_35' title="bbox 85 3897 1236 3982; baseline -0.003 -16"><span class='ocrx_word' id='word_1_318' title='bbox 85 3909 170 3966; x_wconf 86' lang='lat' dir='ltr'>sunt.</span> <span class='ocrx_word' id='word_1_319' title='bbox 211 3902 254 3966; x_wconf 87' lang='lat' dir='ltr'>At</span> <span class='ocrx_word' id='word_1_320' title='bbox 270 3900 374 3966; x_wconf 90' lang='lat' dir='ltr'>lsaacc</span> <span class='ocrx_word' id='word_1_321' title='bbox 392 3903 448 3966; x_wconf 93' lang='lat' dir='ltr'>duo</span> <span class='ocrx_word' id='word_1_322' title='bbox 467 3903 526 3966; x_wconf 88' lang='lat' dir='ltr'>nati</span> <span class='ocrx_word' id='word_1_323' title='bbox 545 3912 614 3966; x_wconf 91' lang='lat' dir='ltr'>sunt</span> <span class='ocrx_word' id='word_1_324' title='bbox 631 3901 699 3980; x_wconf 85' lang='lat' dir='ltr'>filii,</span> <span class='ocrx_word' id='word_1_325' title='bbox 724 3899 804 3965; x_wconf 83' lang='lat' dir='ltr'>Esau</span> <span class='ocrx_word' id='word_1_326' title='bbox 822 3911 853 3966; x_wconf 88' lang='lat' dir='ltr'>et</span> <span class='ocrx_word' id='word_1_327' title='bbox 868 3898 969 3965; x_wconf 88' lang='lat' dir='ltr'>laccb.</span> <span class='ocrx_word' id='word_1_328' title='bbox 1015 3897 1082 3982; x_wconf 79' lang='lat' dir='ltr'>Quo</span> <span class='ocrx_word' id='word_1_329' title='bbox 1105 3909 1236 3982; x_wconf 89' lang='lat' dir='ltr'>tempore</span> 
     </span>
     <span class='ocr_line' id='line_1_36' title="bbox 85 3997 1235 4088; baseline 0.001 -24"><span class='ocrx_word' id='word_1_330' title='bbox 85 4021 181 4064; x_wconf 81' lang='lat' dir='ltr'>verae</span> <span class='ocrx_word' id='word_1_331' title='bbox 202 4003 315 4087; x_wconf 88' lang='lat' dir='ltr'>pietatis</span> <span class='ocrx_word' id='word_1_332' title='bbox 338 4003 547 4088; x_wconf 88' lang='lat' dir='ltr'>religionisque</span> <span class='ocrx_word' id='word_1_333' title='bbox 572 4002 732 4068; x_wconf 83' lang='lat' dir='ltr'>cultoribus</span> <span class='ocrx_word' id='word_1_334' title='bbox 750 4003 988 4066; x_wconf 88' lang='lat' dir='ltr'>Abraamitarum</span> <span class='ocrx_word' id='word_1_335' title='bbox 1012 4010 1041 4062; x_wconf 91' lang='lat' dir='ltr'>ct</span> <span class='ocrx_word' id='word_1_336' title='bbox 1057 3997 1235 4064; x_wconf 85' lang='lat' dir='ltr'>lsacidaruru</span> 
     </span>
     <span class='ocr_line' id='line_1_37' title="bbox 86 4101 1237 4184; baseline -0.002 -18"><span class='ocrx_word' id='word_1_337' title='bbox 86 4123 196 4166; x_wconf 88' lang='lat' dir='ltr'>uomen</span> <span class='ocrx_word' id='word_1_338' title='bbox 216 4106 382 4168; x_wconf 85' lang='lat' dir='ltr'>attributum</span> <span class='ocrx_word' id='word_1_339' title='bbox 402 4116 458 4168; x_wconf 91' lang='lat' dir='ltr'>est.</span> <span class='ocrx_word' id='word_1_340' title='bbox 503 4101 577 4167; x_wconf 87' lang='lat' dir='ltr'>Post</span> <span class='ocrx_word' id='word_1_341' title='bbox 591 4103 664 4167; x_wconf 87' lang='lat' dir='ltr'>baec</span> <span class='ocrx_word' id='word_1_342' title='bbox 680 4102 760 4167; x_wconf 81' lang='lat' dir='ltr'>Esau</span> <span class='ocrx_word' id='word_1_343' title='bbox 775 4105 804 4168; x_wconf 93' lang='lat' dir='ltr'>iu</span> <span class='ocrx_word' id='word_1_344' title='bbox 821 4101 990 4168; x_wconf 87' lang='lat' dir='ltr'>ldumaeam</span> <span class='ocrx_word' id='word_1_345' title='bbox 1007 4101 1160 4165; x_wconf 88' lang='lat' dir='ltr'>discedens</span> <span class='ocrx_word' id='word_1_346' title='bbox 1177 4105 1237 4184; x_wconf 89' lang='lat' dir='ltr'>(est</span> 
     </span>
     <span class='ocr_line' id='line_1_38' title="bbox 84 4203 1338 4292; baseline -0.002 -26"><span class='ocrx_word' id='word_1_347' title='bbox 84 4203 164 4266; x_wconf 87' lang='lat' dir='ltr'>baec</span> <span class='ocrx_word' id='word_1_348' title='bbox 182 4207 261 4292; x_wconf 82' lang='lat' dir='ltr'>regio</span> <span class='ocrx_word' id='word_1_349' title='bbox 277 4204 520 4272; x_wconf 75' lang='lat' dir='ltr'>chananaeorum</span> <span class='ocrx_word' id='word_1_350' title='bbox 540 4205 645 4268; x_wconf 89' lang='lat' dir='ltr'>tractui</span> <span class='ocrx_word' id='word_1_351' title='bbox 662 4208 696 4269; x_wconf 88' lang='lat' dir='ltr'>ad</span> <span class='ocrx_word' id='word_1_352' title='bbox 714 4206 863 4270; x_wconf 88' lang='lat' dir='ltr'>meridiem</span> <span class='ocrx_word' id='word_1_353' title='bbox 887 4216 918 4268; x_wconf 90' lang='lat' dir='ltr'>et</span> <span class='ocrx_word' id='word_1_354' title='bbox 934 4204 1076 4268; x_wconf 88' lang='lat' dir='ltr'>orientem</span> <span class='ocrx_word' id='word_1_355' title='bbox 1095 4203 1232 4286; x_wconf 83' lang='lat' dir='ltr'>obversa)</span> <span class='ocrx_word' id='word_1_356' title='bbox 1246 4219 1338 4265; x_wconf 72' lang='lat' dir='ltr'>ome.</span> 
     </span>
    </p>
   </div>
   <div class='ocr_carea' id='block_1_3' title="bbox 122 4367 1234 4715">
    <p class='ocr_par' dir='ltr' id='par_1_4' title="bbox 124 4367 1040 4460">
     <span class='ocr_line' id='line_1_39' title="bbox 124 4367 1040 4460; baseline -0.001 -38"><span class='ocrx_word' id='word_1_357' title='bbox 124 4371 167 4422; x_wconf 77' lang='lat'>1¹2.</span> <span class='ocrx_word' id='word_1_358' title='bbox 181 4367 226 4427; x_wconf 68' lang='lat' dir='ltr'>ert</span> <span class='ocrx_word' id='word_1_359' title='bbox 243 4378 293 4426; x_wconf 75' lang='lat' dir='ltr'>mc.</span> <span class='ocrx_word' id='word_1_360' title='bbox 309 4378 385 4426; x_wconf 73' lang='lat' dir='ltr'>vemt.</span> <span class='ocrx_word' id='word_1_361' title='bbox 420 4371 468 4428; x_wconf 72' lang='lat' dir='ltr'>dne</span> <span class='ocrx_word' id='word_1_362' title='bbox 485 4378 570 4439; x_wconf 70' lang='lat' dir='ltr'>numm</span> <span class='ocrx_word' id='word_1_363' title='bbox 583 4377 644 4426; x_wconf 79' lang='lat' dir='ltr'>tort</span> <span class='ocrx_word' id='word_1_364' title='bbox 681 4379 755 4426; x_wconf 75' lang='lat' dir='ltr'>umor.</span> <span class='ocrx_word' id='word_1_365' title='bbox 789 4369 891 4460; x_wconf 76' lang='lat' dir='ltr'>’Ircpcrt</span> <span class='ocrx_word' id='word_1_366' title='bbox 909 4377 965 4425; x_wconf 75' lang='lat' dir='ltr'>rous</span> <span class='ocrx_word' id='word_1_367' title='bbox 979 4375 1040 4423; x_wconf 77' lang='lat' dir='ltr'>ttort</span> 
     </span>
    </p>

    <p class='ocr_par' dir='ltr' id='par_1_5' title="bbox 123 4439 1233 4584">
     <span class='ocr_line' id='line_1_40' title="bbox 123 4439 1233 4508; baseline 0.005 -19"><span class='ocrx_word' id='word_1_368' title='bbox 123 4439 167 4490; x_wconf 59' lang='lat' dir='ltr'>us</span> <span class='ocrx_word' id='word_1_369' title='bbox 180 4439 306 4508; x_wconf 78' lang='grc' dir='ltr'><strong>Χεττοῦρα</strong></span> <span class='ocrx_word' id='word_1_370' title='bbox 322 4445 406 4493; x_wconf 79' lang='lat' dir='ltr'>babent</span> <span class='ocrx_word' id='word_1_371' title='bbox 420 4445 571 4494; x_wconf 83' lang='lat' dir='ltr'>librtcmnes.</span> <span class='ocrx_word' id='word_1_372' title='bbox 714 4443 751 4494; x_wconf 82' lang='lat' dir='ltr'>ll.</span> <span class='ocrx_word' id='word_1_373' title='bbox 774 4443 862 4508; x_wconf 77' lang='grc' dir='ltr'><strong>Φαραν</strong></span> <span class='ocrx_word' id='word_1_374' title='bbox 887 4444 938 4494; x_wconf 88' lang='lat' dir='ltr'>cod.</span> <span class='ocrx_word' id='word_1_375' title='bbox 964 4445 1038 4494; x_wconf 75' lang='lat' dir='ltr'>tenec</span> <span class='ocrx_word' id='word_1_376' title='bbox 1073 4439 1159 4508; x_wconf 65' lang='grc' dir='ltr'><strong>Φαρὲς</strong></span> <span class='ocrx_word' id='word_1_377' title='bbox 1183 4443 1233 4494; x_wconf 76' lang='lat' dir='ltr'>cod</span> 
     </span>
     <span class='ocr_line' id='line_1_41' title="bbox 123 4503 956 4584; baseline -0.008 -19"><span class='ocrx_word' id='word_1_378' title='bbox 123 4503 166 4584; x_wconf 67' lang='lat'>¹!-</span> <span class='ocrx_word' id='word_1_379' title='bbox 180 4509 325 4577; x_wconf 72' lang='lat' dir='ltr'>tsrooptmo</span> <span class='ocrx_word' id='word_1_380' title='bbox 342 4511 401 4574; x_wconf 74' lang='lat' dir='ltr'>(rc)</span> <span class='ocrx_word' id='word_1_381' title='bbox 418 4512 470 4560; x_wconf 77' lang='lat' dir='ltr'>eon</span> <span class='ocrx_word' id='word_1_382' title='bbox 489 4513 561 4562; x_wconf 71' lang='lat' dir='ltr'>lma.</span> <span class='ocrx_word' id='word_1_383' title='bbox 677 4513 773 4575; x_wconf 65' lang='lat' dir='ltr'>amoq.</span> <span class='ocrx_word' id='word_1_384' title='bbox 788 4516 810 4560; x_wconf 79' lang='lat' dir='ltr'>o</span> <span class='ocrx_word' id='word_1_385' title='bbox 823 4513 881 4561; x_wconf 71' lang='lat' dir='ltr'>roto</span> <span class='ocrx_word' id='word_1_386' title='bbox 894 4511 956 4560; x_wconf 69' lang='lat' dir='ltr'>reon.</span> 
     </span>
    </p>

    <p class='ocr_par' dir='ltr' id='par_1_6' title="bbox 122 4573 1021 4640">
     <span class='ocr_line' id='line_1_42' title="bbox 122 4573 1021 4640; baseline -0.002 -10"><span class='ocrx_word' id='word_1_387' title='bbox 122 4575 166 4622; x_wconf 77' lang='lat'>1³·</span> <span class='ocrx_word' id='word_1_388' title='bbox 183 4573 243 4638; x_wconf 75' lang='grc' dir='ltr'><strong>ἰιξαν</strong></span> <span class='ocrx_word' id='word_1_389' title='bbox 259 4579 310 4629; x_wconf 87' lang='lat' dir='ltr'>cod.</span> <span class='ocrx_word' id='word_1_390' title='bbox 326 4579 423 4640; x_wconf 79' lang='lat' dir='ltr'>Rbedip.</span> <span class='ocrx_word' id='word_1_391' title='bbox 712 4581 750 4630; x_wconf 78' lang='lat' dir='ltr'>lc.</span> <span class='ocrx_word' id='word_1_392' title='bbox 767 4578 818 4631; x_wconf 76' lang='grc' dir='ltr'>τῶν</span> <span class='ocrx_word' id='word_1_393' title='bbox 835 4591 881 4628; x_wconf 84' lang='lat' dir='ltr'>om.</span> <span class='ocrx_word' id='word_1_394' title='bbox 896 4579 948 4628; x_wconf 88' lang='lat' dir='ltr'>eod.</span> <span class='ocrx_word' id='word_1_395' title='bbox 967 4581 1021 4628; x_wconf 82' lang='lat' dir='ltr'>Vm.</span> 
     </span>
    </p>

    <p class='ocr_par' dir='ltr' id='par_1_7' title="bbox 123 4635 1234 4715">
     <span class='ocr_line' id='line_1_43' title="bbox 123 4635 1234 4715; baseline 0.005 -25"><span class='ocrx_word' id='word_1_396' title='bbox 123 4637 167 4691; x_wconf 74' lang='lat' dir='ltr'>tta</span> <span class='ocrx_word' id='word_1_397' title='bbox 180 4635 277 4713; x_wconf 70' lang='lat' dir='ltr'>’lenddx</span> <span class='ocrx_word' id='word_1_398' title='bbox 293 4647 450 4708; x_wconf 69' lang='lat' dir='ltr'>recemum.</span> <span class='ocrx_word' id='word_1_399' title='bbox 486 4643 573 4715; x_wconf 70' lang='grc' dir='ltr'><strong>ῑέσβοχ</strong></span> <span class='ocrx_word' id='word_1_400' title='bbox 590 4649 641 4700; x_wconf 68' lang='lat' dir='ltr'>end.</span> <span class='ocrx_word' id='word_1_401' title='bbox 712 4643 749 4698; x_wconf 80' lang='lat'>19.</span> <span class='ocrx_word' id='word_1_402' title='bbox 766 4639 909 4715; x_wconf 68' lang='lat' dir='ltr'>&#39;Apptipatee</span> <span class='ocrx_word' id='word_1_403' title='bbox 926 4647 977 4697; x_wconf 74' lang='lat' dir='ltr'>eod</span> <span class='ocrx_word' id='word_1_404' title='bbox 996 4649 1087 4710; x_wconf 69' lang='lat' dir='ltr'>imre,</span> <span class='ocrx_word' id='word_1_405' title='bbox 1103 4649 1137 4698; x_wconf 80' lang='lat' dir='ltr'>ott</span> <span class='ocrx_word' id='word_1_406' title='bbox 1152 4659 1234 4710; x_wconf 80' lang='lat' dir='ltr'>sopra.</span> 
     </span>
    </p>
   </div>
   <div class='ocr_carea' id='block_1_4' title="bbox 0 0 1498 4996">
    <p class='ocr_par' dir='ltr' id='par_1_8' title="bbox 0 0 1498 4996">
     <span class='ocr_line' id='line_1_44' title="bbox 0 0 1498 4996; baseline 0 2"><span class='ocrx_word' id='word_1_407' title='bbox 0 0 1498 4996; x_wconf 95' lang='lat' dir='ltr'> </span> 
     </span>
    </p>
   </div>
  </div>
 </body>
</html>
