3008 4996
365 325 500 378 eruatur
517 325 578 376 unc.
594 327 614 376 1.
629 325 711 376 rou.
723 323 759 376 11.
774 321 874 374 unua.
887 321 976 374 xxx.
1178 311 1239 372 248

101 465 131 506 ac
147 443 310 528 multiplex,
334 454 375 523 et,
399 455 430 507 ιι
446 443 486 506 ita
501 443 606 520 dicam,
631 441 780 506 fabulosae
796 441 873 504 illius
885 462 923 504 ac
940 439 1095 505 multorum
1115 442 1239 527 capitum

58 553 61 560 '
103 543 219 630 llydrae
236 545 431 630 serpentinam
451 545 481 608 in
497 565 564 608 sese
585 545 705 628 liguram
726 543 911 628 exprimens,
934 563 1037 606 rursus
1058 545 1093 606 ad
1116 544 1239 608 exitium

102 645 216 710 bumarri
232 647 348 730 generis
365 647 471 730 erupit.
501 647 547 710 Ac
562 645 631 708 licet
646 667 685 708 ex
699 644 815 708 illorum
829 644 979 729 disciplina
995 645 1146 730 prodierit,
1165 667 1238 708 non-

101 749 175 812 nulla
192 761 286 812 tarueu
307 759 507 832 praeterquam
531 747 568 810 ab
586 745 643 810 illis
659 747 818 810 doceantur
832 746 959 808 asseruit
974 757 1060 830 atque
1076 749 1236 832 proposuit.

102 845 137 913 Ut
156 848 234 912 enim
252 850 274 910 si
293 848 357 933 quis
374 849 466 912 variis
486 870 525 912 ex
540 847 645 933 lapillis
662 858 793 911 ornatum
810 846 865 910 sibi
880 846 1006 931 aliquem
1022 847 1167 926 conficiat,
1188 859 1239 912 aut

101 951 278 1033 variegatam
295 949 442 1014 coloribus
461 961 573 1012 vestem
590 947 707 1027 induat,
731 960 817 1032 atque
833 947 1006 1032 exquisitam
1023 951 1164 1033 quandam
1179 950 1239 1014 ele·

99 1051 225 1133 gantiam
241 1051 390 1130 adhibeat,
413 1051 457 1115 sic
471 1050 520 1114 illc
538 1061 640 1114 contra
656 1049 790 1112 omnibus
809 1049 934 1133 undique
951 1050 1122 1134 perniciosis
1140 1074 1175 1115 ac
1189 1072 1239 1137 pe·

101 1152 210 1216 stileris
225 1152 405 1236 dogmatibus
423 1151 590 1229 arcessitis,
614 1151 747 1235 quiequid
764 1171 954 1234 unaquaeque
973 1152 1103 1216 haeresis
1119 1153 1240 1216 borreu-

100 1253 163 1316 dum
182 1253 323 1338 imprimis
342 1263 372 1317 et
392 1252 541 1316 exitiabile
559 1275 594 1315 ac
609 1253 809 1315 detestandum
828 1237 951 1331 asserit,
975 1263 1059 1338 turpe
1077 1254 1192 1338 inquam
1209 1265 1241 1318 et

101 1355 240 1419 absonum
257 1353 497 1438 absurditatisque
512 1355 626 1439 plenum
642 1365 671 1417 et
684 1353 817 1418 odiosum
833 1375 849 1417 e
864 1352 986 1437 siugulis
1001 1354 1105 1437 dogma
1121 1355 1239 1418 concin-

101 1475 171 1519 nans
189 1455 318 1518 omnium
337 1459 364 1518 iu
382 1475 415 1519 se
432 1457 540 1519 lormas
555 1455 727 1540 speciesque
743 1454 900 1518 transtulit.
945 1453 1022 1518 Num
1039 1453 1239 1520 Samaritano·

101 1575 161 1620 rum
176 1559 318 1641 impuram
335 1555 569 1642 superstitionem
585 1557 745 1620 affectavit.
789 1555 818 1620 Α
836 1553 952 1620 ludaeis
968 1577 1055 1642 porro
1069 1577 1174 1620 nomen
1191 1579 1240 1620 ac-

100 1661 188 1742 eepit,
207 1658 243 1720 ab
259 1655 391 1732 Ossaeis,
410 1656 576 1722 Nazaracis
593 1668 622 1720 et
636 1656 801 1721 Nasameis
817 1659 962 1740 dogmata,
984 1653 1239 1722 Cerintbianornrn
1274 1653 1276 1660 '

100 1757 202 1822 deiude
222 1761 361 1838 lormam,
385 1755 678 1844 carpocratianorum
702 1757 877 1843 nequitiam,
902 1753 1136 1822 Christianorum
1160 1760 1239 1824 deui-

99 1881 153 1942 que
169 1859 388 1946 appellationem
408 1881 548 1945 usurpare
564 1861 725 1923 contendit.
756 1857 863 1943 Neque
882 1860 958 1924 enim
973 1859 1009 1924 ab
1025 1859 1071 1924 bis
1086 1862 1240 1946 postremis

99 1983 161 2024 cnm
181 1962 299 2024 numine
317 1963 388 2026 lacta
404 1961 467 2047 ipsa
483 1963 602 2046 puriter,
626 1981 661 2024 ae
675 1973 801 2024 mentem
818 1961 1083 2046 cognitionemque,
1107 1974 1137 2026 et
1151 1983 1242 2028 eran·

98 2064 241 2145 geliorum
267 2074 354 2147 atque
377 2063 571 2148 apostolorum
597 2063 632 2126 de
654 2062 709 2126 bde
731 2063 955 2126 consensionem
977 2064 1136 2147 expressit.
1182 2061 1242 2148 Qui

98 2183 163 2227 eum
187 2164 300 2228 medius
322 2165 376 2242 eit,
398 2175 429 2227 ut
448 2164 488 2227 ita
505 2165 614 2242 dicam,
636 2165 714 2226 iuter
732 2185 850 2242 omnes,
874 2163 990 2249 proprio
1007 2164 1104 2229 nullus
1125 2177 1186 2244 est,
1210 2168 1240 2231 in

99 2283 194 2349 eoque
213 2265 287 2348 qnod
307 2266 442 2350 scriptum
461 2276 506 2328 est
520 2265 670 2350 impletur,
693 2269 781 2327 Paulo
798 2271 889 2328 mrbus
904 2276 1031 2326 versutus
1044 2289 1105 2328 sem
1118 2272 1148 2330 eir
1165 2275 1343 2346 caruissent,
1356 2292 1388 2336 rs

98 2363 189 2440 malo,
214 2371 245 2428 ia
260 2371 348 2428 medic
364 2369 512 2440 molestor,
536 2379 566 2428 et
579 2387 753 2447 synagogae.
798 2363 892 2450 lgitur
908 2387 971 2430 cum
988 2387 1094 2430 revera
1111 2364 1242 2434 Samari·
1332 2359 1339 2368 ³

99 2475 185 2530 unns
208 2467 245 2530 ob
265 2469 458 2532 execrandam
478 2467 636 2552 nequitiam
653 2469 708 2546 sit,
731 2468 894 2532 istiusmodi
910 2477 1006 2530 tamen
1021 2468 1242 2552 appellationem

100 2568 208 2647 reiicit,
224 2578 333 2632 etcum
350 2589 382 2634 sc
397 2569 472 2632 idem
489 2567 627 2633 iudaeum
645 2571 731 2633 lucin
745 2567 861 2632 ludaeis
874 2569 1051 2650 refragatur,
1070 2591 1240 2656 quamquam

99 2689 165 2732 cunr
182 2669 227 2732 bis
247 2669 341 2753 aliqua
355 2691 393 2733 ex
408 2681 490 2754 parte
505 2673 668 2748 consentit,
692 2672 732 2734 uti
748 2679 868 2756 postca,
891 2691 955 2734 cum
972 2669 1007 2732 ad
1030 2671 1093 2734 eius
1116 2673 1159 2736 rei
1175 2696 1241 2758 pro·

99 2769 260 2849 bationem,
282 2781 312 2834 et
326 2771 535 2835 baereticorum
549 2772 691 2837 eiusmodi
711 2771 940 2836 confutationem
955 2784 1125 2856 perventum
1142 2775 1239 2854 luerit,

99 2871 158 2936 deo
179 2872 334 2936 adiuvante
356 2873 592 2938 monstrabimus.

188 2971 339 3057 Siquidem
358 2973 449 3038 llbion
470 2975 525 3038 iste
544 2975 670 3058 priorum
689 2973 803 3038 illorum
826 2975 956 3057 aequalis
975 2974 1044 3052 luit,
1068 2986 1099 3038 et
1119 2977 1240 3042 eandem
1258 2981 1317 3050 cap
1331 2985 1362 3038 ιι.

99 3093 165 3137 enm
180 3074 252 3160 ipsis
267 3074 408 3158 originem
421 3075 546 3160 accepit.
578 3077 624 3139 Ac
640 3075 760 3160 primum
775 3095 792 3138 e
807 3074 884 3139 virili
901 3075 1056 3140 concubitu
1068 3097 1103 3139 ac
1115 3078 1239 3158 semiue,

98 3187 169 3260 puta
187 3175 314 3262 losepbi,
338 3187 435 3242 natum
453 3197 521 3240 esse
542 3173 689 3242 Christum
706 3176 843 3254 asseruit,
867 3186 899 3239 ut
916 3187 984 3240 ante
1001 3176 1238 3261 significavimus,

99 3299 168 3340 eum
182 3277 222 3342 ita
236 3277 381 3356 diximus,
405 3279 479 3342 bunc
494 3279 602 3341 ceteris
617 3278 647 3341 io
665 3278 753 3342 rebus
769 3279 870 3340 eadem
888 3297 952 3340 cnm
974 3277 1038 3342 aliis
1054 3282 1239 3360 sentientem,

98 3379 158 3442 bac
172 3401 225 3442 una
239 3399 272 3441 re
288 3377 452 3464 discrepare
470 3379 544 3464 quod
561 3377 733 3442 ludaeorum
752 3379 824 3442 ritus
840 3397 874 3442 ae
891 3379 1072 3444 ceremonias
1089 3383 1257 3466 amplexus*

100 3481 153 3559 sit,
175 3480 265 3544 veluti
280 3479 429 3544 sabbatum
444 3499 478 3544 ac
492 3479 755 3558 circumcisionem,
779 3479 893 3564 aliaque
909 3480 936 3542 id
953 3499 1046 3564 genus
1063 3480 1182 3565 perinde
1197 3494 1240 3548 at·

99 3601 158 3664 que
180 3603 197 3644 a
221 3579 337 3645 ludaeis
364 3603 398 3644 ac
421 3579 615 3646 Samaritanis
640 3580 846 3645 observantur.
891 3579 1059 3666 Quinetiam
1082 3582 1163 3667 plura
1184 3583 1241 3648 iste

99 3701 186 3765 wem
206 3679 305 3746 ludaei
325 3679 574 3748 Samaritanorum
597 3683 758 3746 imitatione
781 3683 992 3768 complectitur.
1035 3679 1113 3747 Nam
1136 3694 1166 3746 et
1186 3686 1240 3750 boc

99 3783 224 3864 adiecit,
252 3794 285 3847 ut
308 3785 343 3847 ab
368 3795 557 3848 externorum
578 3783 724 3846 bominum
750 3791 828 3846 tactu
852 3801 919 3848 sese
943 3785 1124 3864 contineret,
1151 3797 1240 3869 utque

99 3883 203 3950 diebus
226 3885 349 3968 siugulis
377 3885 488 3970 quoties
513 3885 662 3949 mulierem
687 3882 849 3968 attigisset,
877 3883 914 3948 ab
939 3885 1060 3969 eiusque
1087 3887 1241 3971 complexu

98 3995 252 4070 surgeret,
276 4007 350 4069 aqna
366 4007 431 4051 sese
450 3986 616 4072 prolueret,
639 3985 732 4050 sicubi
749 3986 813 4049 cius
832 3995 912 4050 esset
929 3987 1029 4072 copia,
1052 3985 1180 4050 marinae
1196 3987 1239 4051 vi·

100 4085 207 4150 delicet
220 4098 271 4151 aut
284 4087 402 4150 alterius
417 4086 546 4170 generis.
593 4084 679 4170 Quod
696 4087 721 4150 si
738 4087 773 4150 ab
791 4085 840 4150 illa
856 4087 965 4151 lotione
982 4107 1016 4150 ac
1030 4086 1176 4150 mersione
1192 4109 1240 4152 re·

96 4186 184 4251 diem
201 4189 231 4251 iu
249 4189 406 4272 quempiam
424 4188 569 4267 incurrat,
595 4189 690 4252 denno
708 4189 743 4251 ud
758 4187 930 4250 abluendam
945 4207 1025 4266 sese,
1047 4207 1135 4272 saepe
1152 4189 1240 4252 etiam

98 4305 166 4350 eum
182 4289 253 4376 ipsis
272 4287 452 4353 vestimentis
468 4289 643 4376 regreditur.
689 4287 785 4352 Hodie
806 4309 879 4352 vern
901 4288 1055 4374 virginitas
1076 4290 1151 4375 apud
1172 4290 1241 4355 illus

96 4455 499 4576 geerbleilpappmqppnonsuetionibus
522 4457 554 4510 de
577 4458 628 4511 boc
644 4467 670 4509 et
687 4457 713 4509 iu
736 4455 813 4526 ipsius
834 4456 1007 4510 remansione
1029 4458 1078 4512 deo
1103 4460 1243 4528 opitulante

976 4613 1042 4678 16*
