2986 4996
307 327 352 378 au
370 327 555 380 uersuouetu
571 327 680 380 nescu
695 329 740 382 ετ
756 329 866 382 ruunt.
1117 319 1154 382 1'7

52 449 86 532 qui
99 469 147 512 uon
161 447 314 532 perfectam
331 441 441 510 Christi
454 445 683 510 incarnationem
701 447 886 526 confitentur,
905 447 952 532 qui
968 447 1055 514 etiam
1064 449 1157 534 Apei-

53 551 159 612 tinaritae
179 547 380 626 nominantur,
412 557 471 611 tum
494 547 543 631 qui
566 559 695 612 sanctam
714 545 847 613 Mariana.
862 569 977 635 semper
998 549 1154 634 virginem,

53 663 172 734 postquam
186 651 361 714 salvatorem
377 649 492 732 genuit,
516 669 581 713 eum
603 646 727 735 losepbo
744 650 931 714 consuevisse
949 651 1058 730 dicunt,
1082 673 1156 736 quos

53 751 329 814 Antidiromariauitas
355 750 555 828 nominamus,
586 759 615 812 et
638 751 686 834 qui
708 751 738 814 in
763 769 867 815 nomen
886 753 1015 818 eiusdem
1039 749 1155 818 Mariae

53 855 179 938 uttpttas
199 853 343 927 oderunt,
374 851 422 935 qui
445 860 590 916 vocantur
606 847 813 936 collyridiani,
835 849 1024 945 Massaliani,
1054 855 1156 939 quibus

54 956 160 1018 adiuncta
176 965 322 1040 postremo
339 965 384 1015 est
400 950 561 1016 catboiiuae
583 953 648 1016 bdci
671 975 706 1016 ac
726 954 859 1018 ueritatis
877 956 1091 1039 compendiaria
1106 957 1157 1022 de·

54 1057 134 1118 icosio.
174 1054 207 1118 iu
223 1077 279 1139 qua
295 1064 414 1132 sancta,
438 1053 579 1118 catbolicu
594 1065 624 1117 et
642 1055 800 1139 apostolica
818 1055 941 1118 ecelesia
958 1057 1103 1121 consistit.

114 1155 254 1220 Eiusmodi
278 1167 325 1220 εει
347 1176 458 1218 summa
479 1153 699 1240 comprehensio
721 1177 756 1219 nc
784 1157 873 1219 totius
896 1157 993 1242 operis
1015 1158 1157 1222 aduersus

54 1260 168 1340 aregium
184 1259 323 1322 haereses
340 1255 507 1341 inscriptio,
532 1278 596 1340 cum
614 1257 699 1320 uuiea
714 1279 748 1321 ae
763 1257 903 1342 singulari
919 1257 1086 1322 defensioue
1105 1279 1157 1322 re-

54 1361 135 1438 ritatis,
157 1361 208 1424 boc
222 1369 270 1422 est
285 1357 371 1422 unius
389 1359 531 1422 ecciesiae
548 1369 633 1442 atque
650 1357 819 1422 catholicae.
866 1356 950 1441 Quod
968 1379 1040 1444 opus
1061 1359 1157 1423 distri·
1228 1347 1231 1350 ¹

54 1459 124 1523 butum
139 1462 164 1524 in
179 1473 277 1545 partes
297 1470 358 1524 tres
374 1468 468 1523 tomos
489 1469 600 1543 septem
623 1459 832 1543 complectitur.
1056 1459 1058 1465 ’

53 1715 118 1790 b'unc
136 1720 228 1792 aliam
250 1717 403 1813 deinceps
425 1716 542 1790 iemiI
563 1715 676 1790 libriI
696 1740 853 1790 summam
874 1741 910 1789 ac
932 1717 1155 1813 compendium

66 1837 261 1929 instituemus,
273 1860 337 1931 quo
348 1834 616 1930 quideminlibro
626 1834 742 1932 viginti
752 1834 905 1908 haereses
916 1835 1134 1910 continentur.

112 1987 248 2074 imprimis
264 1987 339 2050 enim
356 1985 518 2049 baerescou
534 1984 659 2048 omnium
679 1994 787 2048 matres
803 2006 837 2048 ac
855 1984 1009 2071 primariae
1031 1985 1156 2071 appella-

52 2087 131 2168 tiones,
152 2089 287 2174 aquibus
301 2097 436 2151 caeterae
453 2087 650 2164 dimanarunt,
673 2096 741 2148 suut
762 2087 921 2151 eiusmodie

113 2189 134 2253 1.
158 2189 275 2254 Primus
292 2199 338 2252 est
351 2185 571 2266 Barbarismus‚
596 2189 643 2272 qui
661 2188 850 2272 perseipsum
871 2189 907 2252 ab
922 2187 1036 2252 Adamo
1057 2189 1092 2252 ad
1106 2190 1155 2253 de-

51 2309 95 2351 cen
112 2292 311 2374 generationes
334 2301 365 2352 et
383 2287 490 2353 Nuitmi
515 2299 643 2373 tempora
667 2291 877 2373 perseverarit.
922 2288 980 2373 Qui
1003 2287 1156 2354 Barbarie·

52 2411 95 2453 nus
108 2405 251 2479 propterea
270 2391 376 2455 dicitur
393 2390 467 2473 quud
485 2389 674 2453 vetustissimi
697 2389 737 2452 itti
752 2391 914 2454 mortalium
935 2411 1028 2476 neque
1045 2404 1155 2455 eertum

51 2491 144 2576 aliquem
162 2505 312 2559 auctorem
331 2491 489 2569 habebant,
514 2511 568 2554 nec
583 2491 661 2553 inter
683 2511 715 2554 se
737 2492 974 2570 consentiebant,
997 2493 1048 2556 sed
1065 2513 1155 2557 unus·

50 2595 144 2679 quisque
160 2619 209 2682 pro
226 2617 281 2660 sua
298 2594 448 2666 uoluntate
460 2592 548 2655 uitam
564 2591 749 2671 instituebat,
773 2613 807 2656 ac
827 2615 878 2678 pro
896 2587 962 2676 l'egc
979 2615 1061 2657 suurn
1076 2595 1154 2678 quis-

49 2715 90 2775 qua
106 2708 191 2762 nutum
212 2708 302 2781 atque
321 2693 469 2758 arbitrium
490 2691 545 2756 sibi
566 2692 754 2779 proponebat.

114 2812 147 2877 li.
168 2815 356 2901 Scytbismus
374 2833 390 2874 a
408 2809 515 2874 Nue‘mi
535 2812 711 2896 temporibus
732 2813 878 2897 adusque
899 2812 987 2877 turris
1011 2824 1040 2876 et
1057 2811 1153 2900 Baby·

50 2911 107 2976 ionis
120 2916 397 2989 exaedificationem,
428 2933 461 2975 ac
485 2921 551 2996 post
571 2913 670 2976 turrim
689 2913 786 3000 paucis
804 2915 895 2976 adbuc
912 2915 996 2978 aunis
1017 2913 1220 2994 obuiuuiqma
1232 2919 1300 2986 nas:

51 3013 91 3075 boo
104 3029 140 3079 est
153 3039 239 3104 usque
260 3017 295 3079 ad
311 3013 420 3078 Pbalac
435 3024 465 3076 et
482 3011 615 3097 Rhagau,
639 3016 686 3099 qui
703 3016 737 3078 ad
753 3013 899 3100 Europam
923 3026 1106 3079 transeuntes
1124 3016 1153 3078 iu

51 3110 169 3200 Scythiam
185 3142 219 3185 ae
240 3117 377 3183 nationes
393 3115 533 3178 eiusmodi
555 3127 742 3200 penetrarunt
759 3116 795 3179 ab
813 3115 911 3180 There
927 3117 1102 3201 temporibus
1124 3128 1154 3181 et

50 3215 107 3295 cita,
127 3241 141 3281 a
160 3244 213 3306 quo
231 3219 366 3284 Thraces
389 3217 502 3283 oriundi
525 3227 603 3280 suut.

114 3334 159 3402 ΙΙΙ.
182 3338 379 3403 Hellenismus
396 3335 490 3420 eoepit
507 3356 523 3397 a
544 3331 667 3399 Seruobi
684 3333 871 3420 temporibus.
910 3331 994 3400 Unde
1011 3335 1151 3400 idolorum

53 3435 124 3501 cuitus
141 3442 251 3505 initium
269 3438 378 3502 babuit.
424 3433 555 3520 Cumque
573 3447 640 3499 tune
662 3435 799 3522 temporis
822 3436 891 3499 ialsa
909 3438 1028 3521 quisque
1051 3459 1151 3524 super·

51 3537 141 3602 stitione
155 3543 326 3619 duceretur,
351 3539 485 3623 deinceps
504 3537 663 3601 civiliorem
688 3539 721 3602 ad
742 3559 823 3601 usum
846 3539 929 3600 etad
954 3549 1049 3602 certas
1070 3539 1151 3622 leges

52 3634 298 3727 simulacrorumque
326 3641 398 3704 ritus
426 3639 557 3703 homines
586 3659 652 3701 sese
681 3641 901 3703 transtulerunt.
953 3637 1083 3722 Quorum
1111 3661 1151 3702 ex

51 3745 197 3830 perscripto
221 3745 278 3808 sibi
305 3744 375 3806 deos
399 3741 558 3806 finxerunt.
601 3738 647 3803 Ae
668 3740 788 3824 primum
819 3761 963 3826 eosquos
987 3741 1149 3805 inhonore

73 3905 105 3958 bt.
120 3911 267 3976 tumori&
281 3909 381 3966 lueres.
401 3907 570 3963 PtuceretToi·
604 3905 721 3973 bernoie.
748 3906 858 3963 stacteus
873 3915 923 3960 cett.
949 3911 996 3962 Sed
1010 3911 1150 3960 nuatum·

50 3973 105 4028 bebi
118 3977 213 4033 ἔνεστιν.
600 3983 704 4040 metatos
724 3983 755 4026 est
769 3981 878 4028 Patauina
885 3993 893 4038 ,·
917 3981 958 4028 etet
972 3981 1042 4027 uerba
1055 3972 1096 4028 διά
1111 3992 1151 4028 τοι

73 4039 105 4093 63-
121 4049 211 4098 Curari
222 4043 509 4110 mansuetumque
518 4047 569 4094 out·
601 4045 649 4110 τῆς
660 4043 847 4110 εἰδωλολατρίας
855 4061 900 4095 non
909 4049 966 4094 sctis
978 4049 1083 4094 cecercte
1095 4045 1149 4094 red-

48 4111 149 4172 selmum
164 4117 226 4166 tum
239 4118 285 4165 tem
299 4119 353 4164 unte
360 4117 482 4164 Petoutuna
493 4115 569 4174 suspt·
600 4114 691 4162 diderit.
725 4115 878 4175 Portictptum
898 4107 1049 4174 inspiciemus
1062 4125 1150 4172 parcns

49 4181 97 4244 cutm
110 4187 154 4230 act
174 4186 314 4244 Carnarius,
338 4197 390 4231 cum
409 4185 518 4242 certent,
543 4189 568 4229 ει
601 4181 716 4230 commode
731 4182 773 4229 siti
794 4182 891 4230 indulsit
903 4183 998 4240 scriptor
1016 4193 1059 4240 pro
1075 4181 1149 4241 findo.

48 4253 134 4303 tutorum
145 4249 254 4315 pentibus
265 4247 398 4300 adiudicari
411 4257 475 4297 aunt.
600 4249 670 4298 Puris
690 4251 767 4296 ccum
785 4249 888 4298 ticenttce
904 4248 1009 4307 exempta
1021 4249 1047 4296 ιιι
1063 4259 1088 4295 eo
1104 4261 1151 4296 non

72 4308 105 4360 fii.
119 4319 161 4365 Pro
172 4333 209 4370 τοι
222 4324 255 4368 cst
268 4315 297 4371 τὸ
311 4323 336 4367 tn
345 4321 393 4368 toeo
404 4318 498 4379 prosette
506 4319 569 4366 Anu·
600 4329 667 4365 cero.

46 4377 200 4434 “eiciemus
634 4379 676 4432 bb.
696 4379 860 4434 dbscnctciuec
876 4383 959 4442 tepitur
974 4384 1000 4430 tn
1017 4381 1149 4444 duceceba-

71 4441 105 4494 65.
122 4451 214 4514 Vutqctu
229 4453 350 4513 distinctio,
367 4466 426 4515 quoe
437 4454 571 4501 sententium
603 4451 681 4498 tceosi.
716 4451 750 4498 ito
766 4453 835 4498 ettcm
850 4449 913 4510 insen
929 4447 949 4514 i,
967 4447 992 4501 7.
1009 4450 1033 4498 in
1048 4451 1096 4498 loeo
1109 4461 1147 4510 pe·

46 4522 78 4566 W
91 4528 111 4562 ιι
124 4521 253 4579 inpeditum
266 4523 385 4582 obscuret,
402 4525 449 4570 art:
465 4517 513 4586 ibn
527 4516 571 4571 καλ
602 4519 669 4566 metu
686 4513 884 4583 ibecncaq'ouum.

87 4591 163 4652 Curuus
174 4598 301 4645 Βεειειίολ.
314 4601 343 4645 tt.
932 4605 952 4667 2
