3036 4998
359 307 493 360 ιιιιιιιιιι
511 309 571 362 cre.
586 313 604 362 ι.
621 307 702 362 rou.
717 310 747 360 rr.
765 310 863 360 ulcu.
874 311 976 360 xxxi.
1177 295 1237 357 329

90 431 209 516 pellant.
256 426 333 494 Sunt
348 437 444 492 autem
459 425 571 515 Hytbus
588 451 622 494 ac
638 428 720 515 Sigc,
739 441 797 494 tum
812 428 879 494 Nus
895 451 929 492 ac
945 427 1077 495 Veritas.
1113 426 1235 504 Postea,

90 557 154 599 cum
170 532 274 617 quibus
292 533 327 596 de
344 531 456 594 caussis
473 532 627 616 productus
642 543 723 596 esset
735 530 869 617 Unigena
884 533 1039 612 sensisset,
1059 554 1130 596 mox
1144 532 1238 616 ipsum

89 637 221 702 uicissim
241 631 415 698 Sermonem
435 631 588 718 Vitamque
610 655 805 722 propagasse,
838 655 939 698 eorum
962 655 1035 718 quae
1059 645 1123 719 post
1144 633 1238 719 ipsum

90 743 189 804 lutura
206 746 308 800 essent
326 736 452 800 omnium
470 747 634 821 parentem,
664 759 699 802 ac
715 736 894 823 Principium
913 749 940 802 et
958 736 1133 802 Pleromatis
1150 736 1239 799 totius

91 841 315 928 expolitionem.
361 837 421 902 lam
439 859 476 902 es
493 836 635 904 Sermone
651 838 777 925 Vitaqne
794 862 844 926 par
861 861 947 904 ιιιιιιιιι
965 851 1112 917 exortum,
1137 837 1240 903 Humi·

89 968 156 1010 uem
180 954 265 1027 atque
286 939 461 1005 Ecclesiam.
508 937 552 1004 lta
573 942 771 1028 primigeniam
795 964 861 1008 esse
879 943 1034 1006 eorrbatam
1053 939 1238 1027 Ogdoadem,

90 1046 221 1112 omnium
237 1065 334 1108 rerum
351 1043 565 1108 [tundamentum
581 1066 615 1108 ac
631 1045 775 1124 radicem,
800 1067 874 1130 quae
891 1046 1005 1130 quidem
1023 1047 1173 1129 quaternis
1188 1067 1240 1108 uo-

93 1148 224 1214 minibns
243 1155 371 1224 coastat,
394 1141 510 1230 Bytho,
532 1143 597 1225 Nc,
623 1145 786 1227 Sermone,
810 1145 948 1211 Homine.
994 1144 1152 1230 Quodlibet
1163 1147 1240 1210 euim

90 1275 144 1338 par
162 1270 272 1314 marem
290 1271 323 1342 uc
342 1248 476 1311 feminam
492 1249 632 1314 continet.
677 1249 723 1313 Ac
740 1251 862 1336 primum
879 1271 951 1313 sane
969 1269 1168 1333 summumque
1184 1246 1242 1311 Pa·

90 1364 206 1418 reutem
221 1373 285 1415 curn
303 1349 425 1414 Ennoea
439 1370 492 1414 sua
508 1350 608 1414 iniisse
624 1351 801 1436 coniugium,
827 1349 990 1435 Unigenam
1006 1373 1077 1415 vero
1091 1352 1154 1416 sire
1169 1347 1241 1414 Nun

89 1477 157 1520 cum
174 1452 322 1531 Veritate,
347 1451 521 1518 Sermonem
539 1475 605 1517 cum
619 1452 706 1534 Vita,
733 1452 887 1517 Hominem
904 1475 968 1518 cum
987 1453 1132 1518 Ecclesia.
1168 1449 1242 1516 Post

91 1561 217 1624 Aeones
242 1555 315 1619 istos
334 1551 472 1620 Parentis
495 1557 529 1618 ad
554 1556 640 1620 decus
664 1555 844 1641 gloriamque
867 1558 999 1640 genitos,
1031 1579 1095 1620 cum
1119 1555 1154 1618 ad
1177 1554 1241 1617 eius

31 1660 35 1668 “
91 1658 218 1745 gloriam
234 1659 389 1722 retundere
404 1658 509 1742 aliquid
525 1668 674 1743 cuperent,
693 1659 786 1722 ascito
800 1658 855 1722 sibi
869 1659 1005 1744 coniugio
1020 1680 1126 1723 novam
1141 1675 1242 1722 susce-

89 1764 171 1846 pisse
197 1759 340 1824 sobolem.
384 1757 476 1824 Velut
498 1757 669 1824 Sermonem
692 1758 847 1846 Vitamque
871 1773 935 1846 pust
958 1760 1114 1826 Hominem
1135 1757 1240 1824 Eccle-

89 1867 226 1948 siamque
246 1862 379 1946 genitos,
404 1863 503 1926 decern
524 1863 597 1928 alios
614 1865 732 1928 Aeones
749 1865 894 1942 edidisse,
918 1885 1038 1948 quorum
1059 1864 1130 1926 haec
1149 1861 1242 1925 nomi-

91 1990 128 2032 ua
159 1965 318 2030 commenti
347 1975 433 2030 sunta
467 1963 624 2050 Bytbium,
653 1963 844 2044 Mistiuncm,
878 1966 1059 2050 Ageratum,
1093 1963 1240 2038 Henosin,

88 2066 289 2152 Antbopbye,
322 2064 525 2152 Voluptatem,
560 2063 754 2146 immobilem,
784 2066 965 2154 Syncrasiu,
995 2065 1179 2152 Unigenam,
1212 2076 1242 2129 et

90 2169 271 2236 biaoariam.
318 2167 356 2233 Hi
372 2180 440 2234 sunt
456 2169 577 2233 Aeones
594 2171 703 2250 decem,
728 2193 800 2256 quus
817 2193 856 2235 err
871 2167 1015 2234 Sermone
1031 2168 1159 2253 Vitaque
1175 2188 1243 2254 pru·

90 2275 199 2338 ductos
216 2281 346 2334 narrant.
377 2270 532 2335 Hominem
546 2272 647 2335 deiude
659 2284 689 2337 et
701 2272 866 2338 Ecclesiam
879 2273 1001 2336 Aeones
1015 2268 1076 2334 Xll
1090 2271 1240 2356 genuisse,

91 2375 201 2463 quibus
226 2373 296 2437 baec
318 2374 452 2458 impositu
473 2383 540 2438 suut
562 2375 694 2438 nomina:
727 2373 913 2453 Paracletus,
945 2372 1051 2451 Fides,
1084 2371 1241 2451 Paternus,

91 2479 194 2565 Spes,
229 2473 404 2551 Maternus,
438 2471 576 2554 Caritas,
609 2478 720 2550 Ainus,
753 2475 967 2561 intelligentia,
1002 2474 1242 2553 Ecclesiasticus,

88 2579 256 2655 Felicitas,
289 2575 449 2656 TbeletuS,
481 2575 642 2664 Sapientia.
687 2578 723 2642 Hi
745 2589 814 2642 sarnt
833 2579 946 2643 illorum
969 2577 1105 2663 opinione
1127 2576 1243 2640 condicti

90 2684 221 2748 Aeones
237 2679 367 2763 triginta,
386 2681 433 2763 qui
451 2681 559 2745 tamdiu
573 2683 601 2745 iu
617 2681 730 2745 silentio
747 2691 777 2744 et
790 2681 966 2745 obscuritate
981 2681 1145 2744 iacuerunt.
1179 2677 1244 2742 Huc

90 2787 167 2850 illud
188 2781 321 2869 spiritale
339 2803 432 2867 neque
452 2784 628 2868 aspectabile
649 2781 916 2868 Complemcutum,
948 2784 1022 2866 quod
1042 2782 1077 2844 ab
1095 2781 1159 2845 istis
1176 2802 1247 2845 con·

89 2887 231 2952 stituitur
245 2883 385 2948 trifariam
401 2885 583 2949 distributum
597 2887 625 2948 in
640 2883 819 2970 Ogdoadem,
837 2884 984 2950 Heredem
1001 2895 1032 2948 et
1046 2882 1244 2948 Dodecadem.

88 2991 198 3073 Atque
216 2987 290 3050 banc
308 2987 400 3071 ipsam
418 3007 486 3050 esse
501 3009 634 3052 caussam
652 2998 796 3067 statuunt,
820 3009 873 3052 cur
889 2986 1027 3053 Salvator
1043 2987 1153 3070 (neque
1170 2985 1245 3049 enim

90 3089 258 3156 Dominum
279 3088 423 3174 appellare
442 3089 558 3172 volunt)
579 3091 706 3154 tricenos
724 3101 801 3154 totos
819 3111 911 3155 anuos
931 3091 1024 3175 palam
1048 3089 1142 3173 egerit
1163 3087 1246 3166 nibil,

86 3207 122 3258 ut
147 3194 209 3257 boc
232 3192 367 3255 Aeonum
394 3191 563 3277 mysterium
587 3193 737 3256 indicaret.
784 3189 951 3275 Quinetiam
976 3191 1005 3255 in
1029 3191 1243 3277 operariorum,
1259 3209 1385 3257 menuae.

88 3297 141 3382 qui
169 3293 206 3357 ad
229 3292 316 3358 vitem
341 3293 488 3357 colendam
515 3295 682 3373 mittuntur,
714 3295 849 3380 parabola
865 3291 962 3357 XXX
987 3295 1104 3358 eosdem
1125 3293 1246 3357 Aeones

87 3397 255 3486 perspicue
275 3396 453 3479 significatos
471 3408 619 3462 asserunt.
665 3396 780 3461 Etenim
803 3397 851 3460 alii
871 3395 989 3460 circiter
1006 3397 1105 3460 boram
1126 3397 1246 3481 primam

87 3502 179 3566 missi
198 3508 283 3568 sunt,
307 3496 355 3560 alii
374 3497 506 3574 tertiam,
531 3509 645 3562 sestam
661 3500 726 3578 alii,
749 3521 782 3563 ac
801 3517 918 3578 nonam,
942 3521 976 3562 ae
994 3509 1141 3584 postremo
1157 3499 1248 3562 unde-

87 3605 216 3668 cimam.
263 3595 348 3681 Quae
365 3621 466 3664 omnes
483 3599 513 3664 in
529 3620 596 3664 sese
612 3602 750 3666 conflatae
767 3599 972 3665 Tricennrium
987 3602 1124 3665 efficiunt.
1169 3597 1246 3663 Nam

88 3728 153 3771 una
175 3714 207 3766 et
224 3713 285 3766 tres
304 3713 335 3765 et
351 3723 405 3766 sex
423 3707 457 3765 ac
477 3724 581 3766 novem
602 3724 666 3766 cum
682 3703 814 3768 undecim
832 3705 950 3789 triginta
971 3703 1128 3790 complent.
1174 3698 1248 3785 Qual-

86 3811 148 3874 bus
167 3805 251 3870 boris
265 3804 383 3868 totidem
402 3805 522 3869 Aeones
536 3805 656 3870 indicari
671 3817 807 3872 censent:
827 3827 918 3892 enque
934 3806 1048 3870 domurn
1062 3826 1127 3869 esse
1142 3825 1247 3886 magna

85 3913 140 3976 illa
168 3921 199 3972 et
222 3907 391 3970 admiranda
415 3929 577 3994 arcanaeque
601 3909 760 3994 mysteria,
794 3930 878 3994 quern
902 3930 986 3974 suurn
1008 3907 1098 3971 veluti
1124 3908 1247 3969 lructum

86 4015 268 4101 proterunt,
300 4031 334 4073 ac
357 4009 382 4072 si
405 4010 470 4092 quid
494 4010 569 4073 aliud
593 4013 734 4096 estquod
757 4011 785 4075 in
805 4012 898 4076 sacris
916 4011 1009 4075 literis
1029 4019 1110 4074 certo
1126 4028 1248 4072 numero

87 4111 341 4201 comprehensum
372 4113 406 4174 ad
435 4113 542 4176 lutilem
572 4114 855 4200 commentitiamque
885 4113 1007 4177 labulam
1037 4109 1248 4175 accommodari

85 4219 204 4306 possit.

126 4357 175 4409 1¹.
193 4350 239 4406 arel
252 4367 299 4402 nun
312 4353 379 4402 babet
390 4354 441 4404 cort.
451 4353 506 4402 Vsu.
528 4353 573 4403 Nec
586 4367 660 4416 ugne-
729 4353 767 4406 lil.
784 4357 833 4420 τῆς
849 4357 885 4406 ed.
899 4357 973 4417 princ.
991 4359 1012 4405 et
1026 4355 1077 4406 cod.
1092 4354 1148 4415 Aeg.
1160 4353 1216 4402 Pur.

86 4429 136 4478 cett
154 4428 205 4474 cet.
221 4423 312 4471 benaci
329 4421 450 4482 interpres.
729 4417 767 4472 ll.
785 4417 799 4474 d
817 4420 862 4488 pte
879 4425 929 4474 cod.
949 4426 1001 4472 Van.

128 4493 176 4544 12.
193 4487 239 4541 καὶ
253 4487 410 4538 urcundum
421 4491 522 4541 crtttrcr
536 4491 565 4541 da
579 4494 659 4541 cocto
728 4488 766 4540 15.
785 4486 799 4542 ὁ
818 4488 847 4544 δὲ
863 4493 915 4543 ced.
933 4493 986 4541 t'en.

85 4567 168 4616 ritate
189 4560 238 4608 Vct.
254 4557 344 4608 uanos
356 4557 451 4620 interpr.
