3036 4998
360 319 494 370 canaan
512 319 576 370 ma.
591 321 610 370 1.
627 321 706 374 ron.
722 322 754 370 ιι.
772 321 868 372 saca.
885 323 975 373 xxx.
1177 313 1238 378 289

91 458 145 520 quo
168 437 400 503 circumcisionis
427 459 515 502 eruor
537 439 708 504 inhibendus
734 450 798 504 erat
821 441 850 505 in
877 441 1046 506 memoriam
1068 455 1233 510 revocaret.

91 537 187 622 Quare
208 563 279 606 mon
304 553 336 606 ut
353 540 422 606 illud
438 541 548 606 audivit
565 563 600 606 ac
616 542 776 628 praestitit,
807 545 934 608 emedio
952 565 984 609 se
999 545 1148 611 subduxit.
1192 548 1234 611 m

89 644 219 728 quisnam
242 643 291 708 ille
314 645 425 709 loturus
447 655 528 709 essct
545 643 641 710 iulans
660 647 770 731 accipe.
816 643 845 710 ls
863 646 939 710 enim
959 656 1023 710 crat
1040 647 1076 712 de
1093 671 1149 733 quo
1166 671 1233 734 pro·

91 747 175 830 pheta
196 747 310 812 loculus
326 758 386 812 esta
415 751 458 810 ur
478 751 571 810 uolent
591 771 650 810 esre
673 754 739 828 s'qrnc
764 751 914 812 combusti:
945 755 1073 831 quomrum
1091 755 1227 831 paruulus
1240 763 1333 820 uictu,
1346 765 1365 808 a.

88 861 170 911 amus
185 861 228 911 err
241 851 335 925 nobb,
367 861 396 912 ct
404 853 490 931 fitius
505 855 588 913 doma
604 862 648 913 cst
658 853 747 914 nobb.
795 851 907 936 Quibus
924 852 1023 916 uerbis
1039 852 1160 938 primum
1177 875 1229 918 aa·

90 963 144 1014 tum
167 973 274 1016 revera
292 952 442 1037 parvulum
463 952 688 1033 demonstravit,
719 964 751 1017 ut
767 973 836 1018 vere
856 963 1017 1041 susceptam
1038 955 1073 1018 ab
1091 977 1126 1019 eo
1146 965 1229 1020 natu·

88 1075 147 1118 ram
173 1053 297 1118 hominis
320 1055 508 1139 significaret.
553 1053 667 1119 Deinde
689 1055 831 1137 subiecit,
860 1061 950 1120 Fr'hhs
970 1061 1052 1120 dotus
1073 1069 1116 1120 cst
1135 1060 1224 1134 nobas,

89 1167 119 1220 ut
134 1157 258 1221 eundem
272 1157 319 1220 dei
335 1177 401 1222 csse
420 1155 539 1222 verbum
556 1177 572 1221 e
588 1159 671 1222 coelo
687 1158 852 1244 delapsum,
875 1161 978 1245 deique
994 1160 1081 1224 lilium
1098 1159 1227 1224 declara·

89 1271 144 1324 tom
169 1260 354 1340 ostenderet,
385 1271 416 1323 et
436 1260 466 1322 iu
483 1269 568 1324 utero
586 1261 732 1345 garritum,
765 1262 964 1346 hominemque
983 1262 1105 1342 lactum,
1136 1261 1175 1326 ita
1195 1273 1227 1327 ut

89 1363 227 1448 duplicem
250 1362 281 1425 io
303 1372 505 1442 conaturam,
536 1361 584 1426 dei
600 1363 736 1428 videlicet
752 1363 931 1448 hominisque
948 1365 1128 1443 contineret,
1160 1385 1226 1449 pro·

87 1465 209 1550 indeque
225 1466 310 1528 deum
332 1465 440 1549 pariter
457 1475 543 1548 atque
563 1464 724 1546 hominem,
755 1479 786 1530 et
804 1467 924 1531 eundem
947 1467 1083 1531 divinilus
1100 1467 1224 1532 oblatum
1348 1459 1355 1470 ’

89 1568 174 1632 lilium
189 1589 224 1630 ac
239 1567 389 1653 puerulum
405 1577 515 1631 natum.
548 1564 581 1630 ln
598 1589 654 1652 quo
668 1569 897 1634 circumcisionis
913 1570 1048 1655 deinceps
1064 1589 1151 1634 cruor
1166 1580 1224 1634 stc·

87 1671 135 1750 tit,
167 1681 199 1734 ut
219 1670 248 1734 iu
267 1670 421 1754 evangelio
440 1670 502 1754 ipse
522 1679 655 1734 testatur.
703 1667 777 1735 Cum
794 1672 869 1735 euim
888 1671 1011 1757 gentiles
1027 1671 1141 1736 videndi
1161 1671 1224 1736 eius

87 1771 229 1838 desiderio
249 1773 461 1850 accessissent,
485 1783 515 1836 et
532 1773 567 1836 ad
584 1769 745 1858 Philippum
763 1773 903 1838 adeuntes
924 1773 1083 1854 dixissent,
1108 1779 1225 1838 Ostende

86 1877 163 1938 nobb
179 1879 286 1950 lerum,
320 1895 355 1938 ac
372 1872 520 1960 Philippus
542 1876 570 1938 id
592 1876 748 1954 Andreae,
779 1876 914 1940 Andreas
935 1873 1053 1940 Chrislo
1076 1877 1225 1942 retulisset

87 1977 128 2042 his
143 1975 260 2042 verbis:
293 1981 414 2040 Genb'lea
429 1981 540 2060 qualium
555 1982 648 2040 uellere
665 1991 693 2039 tc
708 1984 839 2059 cupiunt,
860 1955 995 2042 dontinus
1008 1978 1085 2042 illico
1102 1988 1374 2065 respon-tomum

86 2080 141 2160 dit,
162 2083 248 2143 Nunc
262 2085 390 2162 peruenit
405 2083 501 2160 gloria
519 2083 580 2156 ἄεις
606 2090 636 2144 ut
654 2081 902 2144 circumcisionem
922 2080 1020 2145 earnis
1037 2082 1223 2165 praeteriisse

85 2183 138 2246 iam
165 2183 301 2262 doceret,
331 2193 359 2246 et
386 2183 423 2246 ad
445 2193 556 2247 certum
580 2191 691 2268 tempus
713 2184 823 2266 figurae
844 2183 1002 2263 serviisse,
1032 2183 1128 2248 earnis
1150 2205 1222 2249 uero

85 2285 261 2371 praeputium
282 2283 426 2371 spirituali
447 2305 481 2348 ac
504 2285 707 2369 praestantiori
732 2285 952 2349 circumcisione
972 2286 1131 2370 praeditum
1153 2309 1222 2352 con·

86 2387 216 2474 templari
238 2383 386 2452 Christum
409 2387 530 2471 eiusque
553 2386 648 2472 reipsa
670 2399 830 2474 compotem
853 2387 927 2452 lieri.

166 2488 294 2574 Quodsi
312 2488 387 2552 istud
403 2488 487 2554 nobis
505 2489 658 2554 obiiciant:
691 2487 752 2556 Cur
765 2490 853 2574 igitur
868 2489 1055 2558 circumcisus
1073 2502 1119 2554 cst
1134 2487 1220 2556 Chri·
1269 2505 1327 2576 cap.

83 2595 164 2658 stusl
190 2591 231 2657 ita
248 2613 265 2657 a
284 2591 367 2655 nobis
386 2590 520 2656 audiente
551 2589 718 2656 lamdudam
734 2593 865 2677 quidem,
896 2615 914 2656 o
934 2593 1064 2657 homines
1082 2593 1218 2680 opinione
1235 2573 1353 2630 xxvffl·

83 2697 155 2760 lalsa
171 2695 264 2774 ducti,
288 2715 421 2760 caussam
439 2694 522 2759 vobis
540 2715 593 2758 eur
609 2705 688 2759 esset
704 2695 892 2760 circumcisus
908 2697 1097 2760 ostendimus.
1141 2693 1219 2761 Mul·

83 2799 118 2862 tis
136 2799 212 2864 enim
229 2799 257 2862 id
273 2797 309 2862 de
327 2795 438 2862 caussis
452 2795 600 2861 sustinuit.
644 2793 791 2875 Primum,
814 2809 846 2862 ut
859 2819 892 2862 sc
907 2819 1023 2862 carnem
1039 2819 1072 2862 re
1088 2819 1160 2864 vera
1174 2800 1219 2864 in·

82 2901 179 2965 duisse
195 2909 389 2978 monstraret,
420 2909 538 2985 propter
553 2895 757 2964 Manichaeum
775 2909 947 2986 ceterosque
970 2900 1017 2984 qui
1034 2900 1218 2966 similitudine

82 3003 200 3086 quadam
221 3023 256 3066 sc
271 3001 369 3087 specie
387 3001 529 3064 duntaxat
540 3001 706 3088 apparuisse
721 3001 892 3066 docuerunt.
936 2999 1050 3066 Deinde
1067 3014 1098 3066 ut
1113 3024 1218 3089 eorpus

82 3103 223 3168 diuinitati
239 3102 484 3168 consubstantiale
501 3125 558 3167 nou
575 3123 642 3168 esse
660 3104 889 3184 demonstraret,
913 3115 945 3168 ut
960 3103 1138 3190 Apollinaris
1155 3105 1218 3170 exi-

82 3205 188 3287 stimat,
211 3227 267 3270 nee
281 3227 298 3270 a
312 3205 394 3270 coelo
411 3205 532 3270 delatum
546 3206 575 3269 in
592 3217 697 3284 terras,
720 3205 767 3289 qni
780 3203 927 3270 Valentini
943 3225 1027 3270 error
1041 3207 1105 3272 luit.
1141 3207 1217 3273 'l'um

81 3319 111 3370 ut
127 3309 209 3374 cuius
228 3307 295 3373 olim
314 3307 543 3373 circumcisionis
561 3318 664 3372 auctor
682 3309 793 3389 luerat,
825 3329 889 3374 eam
906 3310 939 3372 ad
958 3309 1112 3373 adventum
1127 3331 1218 3393 usquc

80 3431 161 3474 suum
183 3412 369 3476 observatam
391 3411 481 3475 luisse
503 3411 607 3476 merito
628 3410 846 3495 comprobaret,
877 3420 962 3495 alque
986 3422 1017 3474 ut
1038 3431 1150 3476 omnem
1169 3409 1218 3474 lu·

81 3513 158 3578 dacis
177 3512 398 3578 excusationem
417 3513 554 3598 eriperet.
599 3511 666 3578 Nisi
684 3511 761 3576 enim
779 3511 967 3576 circumcisus
985 3513 1076 3592 foret,
1110 3513 1164 3577 hoc
1181 3513 1216 3578 ad

80 3616 122 3678 sui
140 3614 340 3701 purgationem
355 3614 461 3678 allerrc
475 3615 647 3701 potuissent.
691 3613 758 3680 Nos
775 3612 924 3679 Christum
942 3616 1092 3700 praeputio
1106 3615 1218 3700 praedi·

80 3727 136 3782 tum
152 3718 277 3804 probare
293 3715 486 3801 nequivimus.
530 3715 688 3782 Praeterea
705 3739 778 3782 vero
795 3739 860 3782 eum
878 3716 1039 3802 oportebat,
1059 3716 1106 3801 qui
1120 3715 1217 3779 Abra·

80 3819 162 3884 bamo
179 3817 401 3884 circumcidendi
422 3820 466 3883 sui
485 3821 647 3884 mandatum
666 3821 812 3899 ediderat,
841 3829 873 3884 ut
890 3820 926 3883 ad
944 3819 1005 3883 veri
1024 3829 1054 3883 et
1069 3829 1216 3903 aspectum

79 3921 215 4006 lugientis
232 3921 456 3986 adumhraodam
478 3921 632 4007 imaginem
655 3943 795 4009 apparens
818 3922 886 3987 illud
904 3921 1017 4006 signum
1041 3931 1069 3984 et
1086 3929 1217 4006 aspecta·

78 4022 133 4087 bile
148 4045 218 4110 prac
235 4045 269 4090 sc
286 4025 387 4103 ferret,
411 4036 504 4088 ratum
524 4023 592 4088 illud
609 4045 662 4088 sua
678 4025 897 4088 circumcisione
914 4023 1022 4087 lacere.
1066 4021 1144 4086 Nam
1163 4043 1216 4086 cx·

76 4137 159 4191 lerna
179 4125 229 4190 illa
246 4125 428 4190 circumcisio
444 4126 593 4192 Abraamo
616 4127 652 4192 ob
674 4126 737 4190 eius
755 4127 973 4191 haesitationem
995 4125 1127 4211 imposita
1149 4124 1214 4204 luit,

76 4249 137 4292 eam
159 4228 209 4293 vir
229 4238 349 4293 sanctus
370 4249 405 4292 ac
426 4229 519 4294 iustus
541 4229 621 4294 velut
643 4229 798 4294 dubitando
820 4228 960 4306 dixisset,
991 4233 1040 4289 Aa
1058 4232 1216 4290 centenario
1230 4237 1365 4301 (tentam.

75 4343 206 4394 normtarr
213 4333 322 4413 filim?
341 4341 372 4392 ct
384 4333 476 4393 Sorro
489 4336 543 4393 riam
558 4353 630 4394 nnus
637 4335 735 4413 fillum
748 4336 865 4413 parret?
890 4327 1053 4414 Statimque
1069 4327 1212 4410 dominus,

76 4437 169 4510 Sume,
191 4433 296 4518 iuquit,
313 4435 383 4495 malli
397 4437 509 4496 aneon
523 4455 659 4496 unaarum
677 4439 771 4509 mma,
792 4446 821 4496 ct
834 4455 957 4516 comum,
977 4446 1008 4495 et
1018 4455 1139 4508 uaccam,
1158 4445 1211 4494 etr.

75 4539 197 4618 Cumque
214 4540 261 4598 rol
277 4535 458 4612 occumberet,
481 4557 543 4598 cum
562 4539 702 4618 lampades
719 4541 794 4617 annis
812 4549 843 4600 et
857 4538 995 4598 clrbaaum
1014 4539 1212 4611 milmandram,

124 4631 213 4693 verpus
226 4631 400 4680 mum
914 4653 918 4662 ·
974 4641 1014 4706 19
1128 4663 1138 4682 .
