3010 5000
362 351 497 407 seuseu
514 353 576 406 ιιι.
592 355 611 406 ι.
629 355 711 408 sou.
724 355 767 408 sn.
784 355 882 408 nsua.
896 355 978 408 xuni.
1185 343 1246 406 555

96 491 169 558 prae
190 491 223 536 se
246 473 346 537 lenens
367 473 576 538 monachorum
597 474 729 540 instituta
751 476 901 561 protessus
925 487 985 555 est,
1018 484 1140 562 parente
1162 487 1247 538 natus

94 573 256 638 cstbolicne
279 575 490 640 communionis
515 577 663 662 episcopo.
710 575 817 642 Postea
843 597 907 655 cuna
933 577 1077 660 virginem
1102 579 1245 662 quandam

93 676 263 740 adamasset
278 699 312 740 ac
330 678 477 742 fraudibus
494 679 676 764 pellexisset,
700 681 736 744 ab
754 701 806 764 spe
823 681 900 743 vitae
917 680 1054 743 coelestis
1070 681 1146 744 illem
1162 680 1247 744 iuxta

93 799 131 840 ao
155 779 340 864 semetipsum
364 781 480 844 deiecit.
527 777 574 846 Ob
597 782 673 846 lrunc
694 781 784 866 igitur
809 782 949 846 incestum
973 782 1099 846 ecclesia
1121 781 1158 846 ab
1182 782 1246 866 ipso

92 891 217 964 parente
239 881 338 966 pulsus
355 893 418 959 est,
450 883 514 946 viro
535 885 702 968 cumprimis
720 884 859 968 religioso
877 881 1061 948 severitatis
1079 905 1178 948 amore
1194 885 1247 947 lla·

92 981 296 1067 grautissimo,
320 995 347 1047 et
364 985 392 1048 ia
409 985 461 1048 bac
476 983 650 1070 episcopalis
665 985 793 1049 muneris
809 984 1058 1050 administratione
1073 985 1245 1071 praestanti.

93 1080 156 1148 Cui
177 1105 241 1148 cum
259 1083 373 1150 lllarcio
395 1087 442 1150 diu
461 1088 638 1172 multumque
657 1089 848 1173 supplicasset
870 1109 905 1151 ιι
924 1087 1130 1172 poeniteutiam
1148 1098 1247 1173 postu-

92 1187 199 1264 lasset,
224 1188 298 1251 banc
312 1210 328 1252 n
344 1201 426 1274 patre
440 1190 574 1274 precibus
592 1191 677 1254 nullis
694 1190 828 1254 obtinuit.
876 1187 1085 1252 Vebemeutem
1102 1189 1245 1273 siquidem

92 1309 138 1352 ex
154 1309 188 1352 ea
205 1309 237 1352 re
255 1290 384 1354 dolonem
401 1291 526 1376 optimus
542 1313 636 1356 senex
653 1304 682 1356 et
699 1293 853 1377 episcopus
871 1301 1005 1377 ceperat,
1030 1292 1105 1376 quod
1123 1311 1181 1354 uon
1197 1291 1245 1355 ille

92 1391 190 1454 solum
213 1390 389 1472 excidisset,
424 1394 475 1456 sed
501 1407 531 1458 et
551 1394 739 1479 ignominiam
766 1395 820 1458 sibi
843 1416 877 1457 nc
899 1394 1024 1457 dedecus
1046 1393 1243 1478 imposuisset.

92 1491 179 1577 Ergo
198 1494 244 1557 ubi
261 1515 294 1559 se
312 1495 398 1559 nullis
414 1496 523 1560 artibus
540 1495 680 1561 eblandiri
698 1517 785 1582 posse
801 1497 876 1581 quod
893 1508 1013 1581 cuperet
1029 1495 1245 1574 animadvertit,

92 1596 277 1681 populonium
293 1617 411 1661 suorum
429 1599 534 1683 probra
556 1621 591 1662 ac
609 1599 730 1664 ludibria
754 1621 812 1662 non
829 1597 979 1662 sustinens
998 1599 1070 1662 clam
1087 1597 1124 1662 ab
1142 1597 1247 1684 oppido

92 1699 238 1776 secessit,
269 1720 303 1762 ac
321 1698 444 1764 Romam
464 1713 529 1786 post
545 1691 654 1786 lly'gini
672 1723 760 1787 papae
779 1701 888 1764 obitum
905 1721 972 1765 sese
993 1701 1132 1779 contulit,
1163 1701 1210 1784 qui
1229 1721 1247 1764 ι

92 1797 187 1862 Petro
208 1797 357 1886 Pauloque
375 1801 514 1888 apostolis
533 1825 628 1867 nonus
648 1805 790 1868 ecclesiae
808 1805 983 1888 praefuerat.
1029 1800 1075 1865 Eo
1091 1803 1187 1866 statim
1210 1823 1246 1864 ιι

91 1899 232 1965 Marcion
253 1906 402 1988 pervenit,
434 1907 468 1968 ad
488 1905 621 1970 seniores
639 1905 740 1970 adiens
761 1907 807 1990 qui
828 1907 863 1968 ab
883 1907 1079 1991 apostolorum
1098 1903 1246 1988 discipulis

92 2003 193 2068 edocti
214 2005 307 2069 adbuc
325 2020 515 2093 supererant,
548 2019 580 2071 ut
601 2009 630 2070 in
648 2009 879 2072 communionem
899 2008 1117 2085 admitteretur,
1152 2006 1188 2069 ab
1210 2006 1246 2070 iis

93 2109 206 2170 trusam
225 2108 319 2191 petiit.
366 2107 562 2192 Quamobrem
584 2111 788 2174 exstimulatus
807 2109 932 2189 invidia,
964 2111 1038 2194 quod
1061 2131 1119 2173 acu
1139 2105 1247 2194 priuci-

93 2229 161 2294 pem
179 2208 238 2273 illic
254 2211 366 2290 locum,
391 2233 425 2275 ac
443 2232 479 2274 ne
496 2213 638 2276 ecclcsiae
657 2213 771 2297 quidem
788 2214 895 2276 aditum
914 2212 1117 2297 impetrasset,
1141 2210 1176 2274 ad
1194 2210 1247 2272 im·

93 2311 224 2396 postoris
247 2309 393 2377 Cerdonis
416 2314 549 2378 baeresim
572 2317 732 2400 confugere
755 2316 783 2378 in
807 2316 932 2379 animum
957 2314 1081 2378 induxit.

182 2413 259 2478 Tum
278 2417 314 2478 nb
333 2415 397 2501 ipso
415 2416 574 2502 principio,
598 2419 743 2503 ipsisque,
768 2429 799 2481 ut
817 2418 857 2480 ita
875 2417 1018 2494 dixerim,
1043 2415 1244 2500 quaestionum
1270 2429 1330 2496 esp.
1345 2431 1377 2480 ιι.

93 2516 209 2580 loribus
228 2537 355 2582 exorsus
374 2518 554 2604 presbyteria
577 2521 625 2604 qui
648 2531 717 2582 tuac
735 2519 875 2604 temporis
891 2531 976 2584 erant
994 2520 1090 2602 coepit
1108 2518 1163 2581 iata
1180 2537 1247 2602 pro·

94 2641 219 2706 ponere.
267 2625 350 2695 Cedo,
376 2621 478 2704 inquit,
502 2625 571 2702 qaid
587 2623 640 2684 doc
656 2624 714 2684 eidi
727 2625 804 2684 vult:
828 2626 892 2684 Noa
910 2627 1025 2684 mittant
1038 2627 1130 2683 esbum
1146 2641 1245 2682 nouum
1255 2629 1397 2684 statuali·

93 2729 124 2786 ia
142 2734 220 2784 utres
235 2735 357 2797 ueteres,
381 2745 469 2804 neque
485 2729 691 2784 commetamur
703 2730 795 2805 pensu
807 2729 888 2786 rudis
906 2731 935 2786 ria
951 2729 1139 2786 assumentum
1154 2735 1243 2796 cebo,
1283 2707 1287 2721 .

92 2830 206 2907 ulioqm'
218 2829 295 2887 tollit
305 2829 522 2906 plem'tudiuem,
546 2847 634 2906 neque
649 2832 740 2890 ueteri
751 2839 904 2907 congruet3
929 2833 1018 2889 moriar
1033 2832 1104 2888 curin
1121 2830 1246 2886 occisura

82 2931 152 3009 fir?
173 2927 248 3011 quod
263 2925 376 2991 candidi
392 2927 431 2990 illi
451 2948 485 2990 ac
502 2926 678 2990 sanctissimi
695 2929 740 2990 dei
758 2928 901 2992 ecclesiae
917 2927 1079 3014 presbyteri
1096 2948 1130 2990 ac
1147 2927 1246 2989 docto·

92 3049 145 3092 rea
160 3030 312 3093 audientes
329 3029 405 3092 bunc
421 3030 450 3092 in
467 3030 580 3092 modum
598 3030 830 3115 respondebant:
863 3029 937 3108 Fili,
961 3041 1079 3093 veteres
1104 3029 1143 3092 illi
1166 3039 1246 3091 utres

92 3131 166 3194 nibil
186 3131 262 3195 aliud
280 3142 349 3195 sunt
365 3153 449 3215 quam
466 3129 692 3195 Pharisaeorum
711 3129 938 3218 scribarumque
957 3134 1064 3210 corda,
1088 3151 1162 3216 quoe
1180 3149 1246 3214 pec·

92 3235 168 3298 cetis
185 3233 441 3311 inveteraverant,
475 3255 528 3297 uec
548 3234 691 3317 evangelii
708 3234 869 3298 doctrinam
885 3235 1074 3300 admiserant.
1119 3231 1247 3296 Eodem·

93 3357 151 3420 que
170 3347 254 3402 retus
270 3337 339 3400 illud
356 3337 561 3400 uestimentum
581 3333 717 3421 pertinet.
764 3333 934 3401 Cuiusmodi
954 3335 1041 3401 ludas
1059 3335 1174 3412 extitit,
1198 3331 1246 3418 qui

91 3439 124 3502 iu
147 3438 289 3504 avaritiae
310 3450 446 3522 tauquam
465 3449 612 3502 vetustate
630 3441 753 3522 quadam
771 3439 973 3517 obsoleverat,
1005 3459 1099 3522 neque
1121 3435 1189 3501 novi
1212 3457 1247 3500 ιι

92 3541 291 3620 ιιιιιιίιιὶιιί,
325 3541 519 3626 coelestisque
543 3541 675 3626 mysterii
698 3542 941 3626 praedicationem
966 3541 1097 3626 accepit,
1131 3540 1246 3602 tametsi

92 3645 130 3707 ad
155 3643 287 3706 undecim
311 3644 459 3729 apostolos
481 3655 563 3708 essct
579 3658 755 3728 aggregatus
779 3656 809 3706 et
834 3645 870 3706 ab
891 3645 953 3729 ipso
973 3643 1089 3706 domiuo
1111 3653 1244 3718 vocatus,

93 3769 134 3810 ex
159 3767 216 3830 quo
233 3746 372 3809 maiorem
388 3747 546 3810 scissuram
564 3767 621 3809 non
641 3747 700 3809 alio
720 3767 805 3830 quam
823 3746 948 3831 ipsomet
964 3744 1019 3808 sibi
1038 3754 1158 3808 auctore
1176 3764 1247 3805 cou-

92 3849 200 3926 scivit3
224 3849 378 3933 propterea
396 3848 472 3932 quod
491 3848 554 3912 eius
570 3849 683 3912 artimus
699 3849 816 3912 caducis
833 3848 878 3912 bis
894 3847 995 3932 opibus
1010 3867 1043 3909 ac
1062 3849 1138 3910 lustu
1154 3847 1246 3908 brusa·

92 3969 153 4037 que
167 3949 315 4013 bominum
333 3951 460 4014 amicitia
480 3972 514 4013 ac
532 3971 583 4034 spe
601 3951 806 4036 voluptateque
825 3949 997 4034 contemptis
1015 3969 1196 4033 nequaquam
1213 3967 1245 4010 se

93 4052 253 4117 coelestem
270 4053 305 4116 ad
321 4057 401 4138 'spen
418 4073 452 4116 ιι
471 4054 632 4117 futurorum
650 4054 790 4116 bonorum
808 4051 989 4116 vocationem
1006 4051 1246 4115 accommodave-

92 4167 152 4221 rat.
197 4155 241 4218 At
261 4154 333 4218 baec
355 4155 555 4219 contradicere
574 4153 728 4233 Marcion,
758 4177 792 4218 ac
816 4156 901 4239 louge
923 4175 1009 4217 secus
1032 4155 1060 4217 id
1084 4153 1190 4217 babere
1212 4173 1246 4216 se

92 4259 204 4336 dicere,
230 4277 281 4341 pro
299 4278 335 4320 ao
352 4258 426 4341 quod
442 4257 595 4322 admittere
611 4277 679 4321 sese
695 4259 920 4322 detrectassent.
968 4253 1068 4340 Quare
1082 4255 1176 4341 palam
1192 4275 1245 4320 eas

93 4361 263 4445 alloquens,
295 4355 358 4424 Cur
375 4381 438 4437 rue,
463 4359 572 4444 inquit,
597 4359 729 4450 recipere
748 4359 904 4424 uoltristis'l
948 4358 1175 4445 Responderunt
1192 4357 1245 4435 illi,
