3008 4996
337 349 472 401 rinnau
490 349 552 401 nm.
568 351 588 402 t.
604 351 686 402 ron.
697 351 729 401 n.
746 350 844 402 naua.
855 353 952 403 xxva.
1156 343 1216 406 tue

69 473 285 543 damnationem,
309 474 375 550 quiea
390 475 512 551 prrbeom
527 473 614 550 fidem
631 475 743 531 britona
757 471 910 552 secernat:
933 471 1041 534 nolam
1056 477 1161 552 1'5s'lur,
1186 487 1216 538 et

65 573 140 649 fidus
150 583 320 651 procreem,
344 583 449 633 matres
461 575 594 654 familias
608 583 701 632 sunto.
748 567 823 636 Cum
842 592 912 656 engo
930 593 1086 657 procreare
1103 575 1213 640 liberos

69 691 98 733 ac
118 673 247 736 familiae
264 692 403 756 praeesse
428 673 527 736 iubeat
541 673 709 758 apostolus,
738 672 788 736 isti
808 693 880 735 vcro
898 693 915 735 a
932 675 1118 760 susceptione
1141 678 1213 742 libe·

68 793 163 835 rorum
180 773 376 850 abhorreant,
401 775 486 859 plane
505 775 559 837 boc
576 797 593 836 a
609 786 754 838 venenato
772 787 909 858 serpente
925 777 1108 862 pessimaque
1126 779 1214 844 disei-

68 873 138 958 pliua
157 875 270 938 lacinus
290 877 451 961 proiectum
470 888 526 940 est.
572 874 650 942 Dum
669 877 745 940 euim
764 875 911 940 libidinum
931 897 1049 942 suarum
1071 881 1212 966 voluptati

68 975 267 1054 succumbunt,
285 987 381 1040 comas
395 977 451 1042 sibi
466 979 725 1064 perpetrandorum
741 977 913 1060 flagitiorum
928 979 1099 1045 occasiones
1113 1003 1213 1048 arces·

67 1087 148 1157 suut,
174 1100 231 1162 quo
247 1079 408 1142 effrenatae
432 1101 502 1142 suae
519 1077 666 1164 cupiditati
683 1099 718 1141 ac
736 1078 871 1142 luxuriae
888 1081 1082 1146 satisfacient.
1130 1081 1211 1150 Saue

66 1178 108 1241 illa
125 1181 224 1244 omniu
249 1199 286 1242 ue
302 1181 524 1244 commemorari
548 1178 661 1265 quidem
686 1179 856 1264 oportebat,
889 1201 983 1264 ueque
1001 1182 1088 1246 ullam
1108 1204 1210 1250 eorum

66 1281 91 1342 in
106 1281 225 1366 scriptis
240 1291 346 1346 extare
367 1283 549 1360 memoriam,
573 1283 623 1346 sed
641 1292 778 1364 tauquam
794 1280 900 1344 mortui
916 1283 1042 1346 cadaver
1059 1285 1157 1350 foetidi
1175 1308 1210 1352 ac

67 1383 190 1464 pestileri
218 1384 367 1446 cuiusdam
391 1384 503 1446 afflatus
527 1383 555 1445 in
580 1383 744 1468 sepulcrum
765 1381 869 1460 obiici,
899 1404 935 1445 uc
961 1384 1007 1446 vel
1024 1385 1122 1449 auditu
1143 1389 1209 1472 ipso

65 1484 223 1548 mortalium
240 1483 344 1568 generi
362 1484 520 1568 perniciem
538 1485 669 1546 afferret.
708 1481 749 1546 Et
765 1484 880 1566 quidem
899 1483 926 1546 si
941 1505 976 1548 ea
993 1487 1107 1569 penitus
1123 1510 1208 1573 prae·

65 1585 178 1648 terisset
194 1585 339 1664 haeresis,
357 1607 452 1670 neque
467 1587 496 1648 in
512 1585 618 1648 mundo
631 1594 802 1669 superesset
814 1584 948 1669 amplius,
966 1587 1085 1671 sepeliri
1100 1611 1208 1674 operae

65 1686 181 1767 pretium
198 1697 280 1764 erat,
305 1707 399 1770 neque
421 1686 508 1750 ullam
525 1687 589 1751 eius
607 1686 784 1749 mentionem
802 1685 876 1750 lieri.
919 1685 1007 1752 Nune
1026 1710 1091 1752 cum
1114 1702 1143 1756 et
1159 1713 1207 1756 re-

67 1807 132 1852 vera
146 1788 232 1852 bodic
249 1788 299 1866 sit,
324 1800 354 1852 et
371 1789 455 1852 lactis
472 1787 542 1873 ipsis
557 1788 757 1872 exprimatur,
781 1807 885 1871 meque
902 1809 956 1852 vos
974 1800 1006 1854 ut
1020 1789 1057 1854 de
1072 1793 1205 1858 omnibus

63 1887 183 1952 dicerem
203 1890 309 1953 hortati
327 1889 453 1967 fueritis,
478 1888 573 1973 aliqua
591 1887 668 1952 illam
685 1909 724 1951 ex
740 1898 822 1972 parte
840 1899 960 1952 coactus
977 1911 994 1954 a
1009 1890 1095 1958 robis
1109 1894 1203 1978 auigi,

64 2009 95 2052 ne
111 2003 276 2074 susceptum
295 1991 429 2054 veritatis
450 1991 576 2054 studium
595 1989 842 2076 praetermittam,
873 1992 924 2054 sed
944 1992 972 2054 id
990 2014 1076 2058 omne
1097 1996 1211 2080 partim

63 2093 92 2154 ad
113 2095 226 2178 eosqui
246 2093 388 2156 audierint
406 2092 613 2170 deterrendos,
645 2088 749 2177 partim
773 2092 808 2154 ad
830 2111 882 2154 eos
900 2092 947 2176 qui
965 2093 1021 2157 ista
1036 2107 1205 2182 perpetrant

62 2195 164 2276 pudore
182 2195 350 2259 afficiendos
365 2214 523 2279 exponam.
555 2190 640 2274 Quae
655 2191 731 2254 euim
748 2193 887 2277 probandi
904 2195 979 2257 ratio
996 2207 1052 2274 est,
1073 2220 1128 2282 qua
1144 2221 1202 2264 nou

61 2293 85 2356 id
102 2297 215 2360 efficere
235 2297 379 2382 possimus
403 2294 555 2381 parricidia
579 2294 628 2358 illa
654 2294 847 2378 immaniaque
864 2315 938 2376 quae
960 2295 997 2358 eb
1017 2298 1054 2362 iis
1069 2302 1203 2364 commit·

63 2407 156 2462 tuntur
171 2399 304 2477 scelera,
327 2398 453 2482 malique
471 2397 619 2460 daemonis
639 2397 712 2459 ritus
728 2415 763 2458 ac
782 2397 982 2476 ceremonias,
1006 2399 1136 2464 eiusdem
1157 2401 1203 2466 iu·

61 2499 162 2563 stinctu
184 2499 335 2564 daemonis
359 2499 478 2562 furiosis
499 2498 557 2562 illis
580 2519 614 2561 ac
638 2495 813 2560 vecordibus
836 2498 994 2562 constituta
1016 2499 1129 2566 luisse?

134 2601 220 2686 Atqui
237 2601 359 2685 primum
376 2600 445 2663 illud
460 2600 556 2663 statim
574 2599 650 2683 quod
663 2599 718 2664 sibi
736 2599 857 2682 lingunt,
874 2609 959 2682 atque
976 2620 992 2663 e
1008 2601 1106 2685 priore
1115 2600 1200 2668 Psal-
1218 2613 1279 2684 cip.
1293 2617 1352 2670 xv.

60 2723 103 2765 no
127 2704 161 2766 de
183 2703 290 2767 arbore
314 2711 571 2766 commemoratum
595 2701 762 2784 proterunt,
794 2699 873 2764 uullo
898 2701 1016 2784 negotio
1040 2703 1198 2769 refelliture

60 2807 137 2880 (lund
141 2809 271 2887 fructum
287 2827 368 2866 snum
382 2805 462 2864 dabit
481 2808 511 2864 in
534 2813 655 2883 tempore
669 2823 736 2875 suo,
768 2813 798 2864 et
809 2803 910 2884 solim
930 2807 990 2866 eiua
1008 2827 1064 2866 non
1083 2809 1195 2888 defluet.
1210 2823 1349 2882 halans

58 2901 147 2970 Paulo
165 2907 242 2970 euim
258 2919 326 2968 aute
345 2905 483 2990 scripturn
502 2915 564 2982 est,
592 2909 632 2966 Et
645 2908 675 2966 a'n
691 2906 753 2982 lege
768 2907 830 2966 eine
845 2905 1025 2966 meditabitur
1039 2911 1084 2968 die
1099 2929 1134 2968 ae
1148 2931 1199 2970 no·

57 3019 106 3068 ete.
151 3009 193 3072 At
208 3006 258 3072 isti
276 3007 370 3091 legem
395 3007 557 3091 pariterue
577 3005 733 3090 propbetas
756 3003 920 3089 repudiant.
965 3003 1061 3088 Quum
1082 3008 1198 3090 quidem

58 3108 145 3193 legem
164 3111 190 3173 si
208 3118 366 3193 respuunt,
390 3129 455 3171 cum
475 3107 622 3171 bacillum
642 3125 756 3190 quoque
774 3106 998 3186 calumniantur,
1023 3108 1070 3191 qui
1087 3109 1116 3173 iu
1132 3109 1198 3194 leqe

59 3209 167 3274 lucunas
182 3223 241 3276 est.
274 3207 385 3274 Verum
403 3221 432 3272 et
450 3209 504 3272 bac
521 3207 658 3292 opinione
674 3228 728 3270 sua
747 3207 894 3286 falluntur,
919 3218 978 3271 eta
994 3209 1118 3274 venitote
1132 3210 1197 3275 lou-

58 3313 116 3392 gius
132 3313 281 3376 aberrant.
325 3309 430 3394 Neque
447 3309 537 3374 ullum
554 3330 626 3372 vero
643 3308 779 3372 iudicium
797 3309 877 3387 lore,
901 3329 995 3392 neque
1010 3322 1141 3376 mortuos
1159 3313 1196 3376 ad

57 3412 140 3475 vitam
157 3413 331 3478 excitandos
351 3432 419 3476 esse
442 3411 646 3498 pronunciant.
692 3407 777 3493 Quae
799 3431 887 3494 porro
907 3409 938 3474 iu
961 3413 1137 3499 voluptate·
1160 3435 1195 3478 nc

55 3511 193 3578 luxuriem
209 3513 295 3577 ellusi
314 3524 428 3578 suamet
444 3511 473 3576 in
491 3533 615 3596 corporo
634 3512 828 3590 committunt,
845 3531 945 3576 eorum
962 3513 1084 3578 fructum
1102 3515 1195 3598 perci·

54 3613 146 3698 piant,
174 3617 242 3680 dum
268 3636 286 3678 a
308 3615 449 3678 doemone
467 3613 617 3678 libidinum
637 3613 781 3678 illecebris
804 3633 838 3676 ac
861 3613 1048 3698 cupiditatum
1070 3615 1195 3681 stimulis

53 3715 211 3800 agitanturq
235 3717 476 3800 quemadmodum
493 3714 555 3800 ipsa
573 3714 706 3779 veritatis
722 3715 855 3780 cranone
870 3727 1011 3799 perpetuo
1026 3726 1113 3800 etque
1131 3716 1194 3782 ubi·

51 3839 103 3898 que
120 3819 346 3902 redarguuntur.
390 3815 442 3883 ste
460 3818 536 3880 euim
551 3817 630 3880 inter
645 3815 720 3880 alios
735 3813 880 3880 lebannes
899 3817 1043 3900 loquitur:
1074 3823 1112 3880 Si
1125 3823 1188 3900 qm’s
1199 3819 1331 3868 ΗΜ·

51 3924 121 3980 cenet
135 3925 173 3982 ad
188 3943 248 3996 uos,
273 3931 301 3982 et
314 3941 369 3981 non
386 3921 476 4003 affert
487 3921 561 3980 lano
575 3921 741 3981 doctrinan.
787 3914 970 3999 Quamnam?
992 3918 1094 4002 iuquit.
1120 3907 1196 3998 (lnce
1215 3905 1326 4013 {2¹3⁸}

49 4024 153 4083 wibert
169 4027 310 4085 Christum
334 4043 395 4082 enm
415 4042 501 4082 corne
519 4025 625 4084 maesse
640 4042 695 4082 non
717 4022 885 4100 confitetur:
916 4023 1112 4082 Antr'olerabbas
1128 4035 1188 4086 est.-

50 4133 74 4180 et
89 4145 164 4184 nune
177 4125 354 4186 Auentino·
371 4125 455 4182 malti
463 4126 641 4202 prodierunt.
683 4117 776 4203 Quasi
794 4121 841 4204 qui
859 4117 1007 4186 Christum
1022 4141 1088 4186 cum
1102 4143 1192 4188 carue

49 4223 163 4288 venisse
189 4233 299 4308 negent
316 4221 375 4285 siut
394 4220 580 4286 antichristi.
626 4219 793 4305 Quinetiam
819 4223 873 4286 boc
896 4223 933 4286 ab
956 4221 1018 4307 ipso
1042 4223 1191 4288 salvatore

49 4324 152 4388 dietum
168 4336 229 4390 est:
263 4329 320 4403 (lui
332 4329 361 4386 in
376 4347 493 4406 regnum
511 4327 651 4384 coeloram
665 4328 874 4397 admississent,
898 4347 986 4406 neqne
998 4329 1105 4387 ducunt
1120 4349 1190 4388 nno-
1214 4312 1301 4428 ἓξὲξ

48 4447 89 4487 res
102 4451 191 4510 neque
203 4427 322 4501 nubunt,
340 4431 391 4488 sed
404 4429 513 4505 negetis
527 4427 658 4506 aequales
673 4437 749 4486 sunt.
781 4421 887 4508 Neque
903 4423 970 4488 illud
988 4436 1113 4506 tontumq
1138 4429 1190 4492 sed

47 4537 76 4590 ut
92 4530 214 4614 iusuper
236 4526 420 4591 manifestam
443 4525 661 4610 absolutamque
678 4525 878 4589 castimoniam
897 4545 932 4588 ac
952 4527 1191 4608 sanctitudinem,

46 4650 98 4710 qua
116 4641 150 4694 et
169 4640 305 4694 caeteros
327 4637 447 4692 sanctos
463 4626 621 4706 efficiebat,
646 4628 832 4705 ostenderet,
863 4623 1051 4778 sic¹lglqriam
1072 4629 1193 4714 alloqui·
