2994 5024
272 327 332 390 614
695 333 816 388 amm
833 335 1003 388 κειειικιιιι

277 463 286 500 ¹
301 451 428 539 ἆρχαίων
442 449 477 515 τό
491 447 657 538 όντίγραφα
670 451 881 539 προφερόμενοι
892 453 1115 538 ἠσφαλισμένας
1128 457 1229 539 ίχοκτα
1241 458 1349 543 ἐλέγχει
1360 455 1427 534 τεός

274 555 416 640 όφρυνας.
464 553 568 630 Οὕτως
589 555 640 619 καὶ
661 552 721 622 όπό
744 565 798 622 τοῦ
816 561 970 638 βασιλικοῦ
987 561 1087 638 οἴκου,
1117 561 1247 625 τουτέστι
1268 567 1324 642 τῆς
1345 557 1427 645 όγίτς

273 666 328 724 τοῦ
342 663 419 722 θεοῦ
434 657 586 739 έκκλησίας
600 655 824 743 προφερόμενον
835 657 869 726 τό
884 658 1050 748 εὐαγγέλιον
1062 663 1166 747 έλέγχει
1179 661 1250 739 τοός
1263 660 1427 744 οίφατιιστός

274 767 333 826 τῶν
354 765 450 826 καλῶν
472 757 644 842 ἐνδυμάτων
665 759 750 842 μόας.

359 860 442 946 Σχόλ.
460 860 516 930 λθ’.
553 861 668 946 Ταύτην
683 863 716 928 δέ
728 865 879 952 θυγατέρα
889 861 1033 952 Ἆβραοίμ,
1054 864 1117 950 ’ἣν
1131 867 1234 950 έδησεν
1250 864 1268 932 ό
1282 872 1427 944 Σατανᾶς.

348 1065 459 1154 Ἕλεγχ.
475 1064 531 1132 λθ’.
564 1070 607 1132 Et
624 1073 677 1151 τῆς
694 1069 846 1156 θυγατρός
868 1074 922 1137 τοῦ
936 1067 1069 1157 ’Λβραόμ
1092 1073 1265 1154 ἐπιμελεῖται
1290 1069 1391 1138 έλθτόν
1414 1069 1429 1136 ό

277 1169 395 1256 κύριος,
426 1167 483 1235 οιίκ
507 1167 656 1256 όλλότριος
678 1170 770 1238 αὐτοῦ
794 1175 872 1240 ἐστιν
894 1171 1036 1261 Ἆβραοίμ.
1084 1170 1237 1260 Ὁμολογεῖ
1257 1173 1316 1260 γὰρ
1339 1172 1430 1240 αὗτότ

276 1271 356 1364 αὐτῷ
379 1271 615 1359 εὐαρεστηκέναι,
647 1269 748 1340 οίκτον
771 1278 812 1352 είς
836 1274 890 1359 τὴν
914 1273 1006 1341 αότυῦ
1028 1277 1178 1362 θυγατέρα
1201 1276 1429 1360 ἐνδεικνύμενος.

361 1374 446 1459 Σιχόλ.
463 1373 500 1458 μ’.
535 1376 697 1460 Παρέκοψε
715 1375 803 1443 πόλιν
820 1376 870 1458 τό,
897 1378 969 1443 Τότε
986 1377 1101 1460 ὄψεσθε
1116 1375 1251 1464 Ἀβραόιμ
1266 1382 1321 1445 καὶ
1334 1377 1429 1446 ’ίσιιδτ

276 1482 328 1545 καὶ
338 1476 453 1560 ’ίακοίβ,
471 1479 520 1543 καί
535 1476 648 1554 πόντας
661 1477 732 1556 τοός
743 1478 910 1565 προφήτας,
930 1483 962 1547 έν
974 1485 1011 1570 τῇ
1025 1484 1156 1570 βασιλείᾳ
1168 1487 1223 1546 τοῦ
1235 1489 1324 1546 θεοῦ.
1355 1481 1432 1547 'Ani

277 1583 309 1647 δέ
325 1581 432 1648 τούτου
450 1582 599 1664 ἐποίησεν,
620 1577 691 1646 Ὅτε
709 1581 823 1660 πάντας
846 1582 916 1659 τοός
933 1585 1069 1660 δικαίους
1087 1585 1168 1666 ίδητε
1191 1586 1223 1649 έν
1246 1591 1283 1674 τῇ
1300 1588 1432 1674 βασιλείρ

276 1691 331 1750 τοῦ
346 1691 438 1762 θεοῦ,
466 1680 546 1767 ὑμᾶς
562 1683 593 1748 δέ
611 1686 849 1768 ἐκβαλλομένους.
896 1687 1109 1771 ιΠροςτέθητιε
1125 1686 1170 1764 δέ,
1202 1688 1434 1772 Κρατουμένους

278 1790 348 1866 έξω,
373 1786 462 1863 4καλ,
485 1785 572 1851 Ἐκεῖ
592 1788 696 1852 ὕέσται
717 1785 908 1870 όκλαυθμός
928 1792 981 1853 καί
1002 1785 1019 1854 ό
1040 1786 1173 1874 βρυγμός
1193 1795 1255 1854 τῶν
1271 1785 1414 1855 όδόντων.

158 1915 267 1975 mm.
356 1887 475 1974 Ἔλεγχ.
493 1887 529 1971 μ’.
564 1893 637 1964 Παίς
659 1889 694 1954 τό
719 1893 785 1973 ἴχνη
808 1897 861 1972 τῆς
885 1889 1027 1974 ιίληθείας
1051 1895 1191 1970 φαίνεται.
1238 1889 1285 1955 Οό
1310 1891 1368 1978 γόρ
1393 1919 1435 1968 τις

278 1991 350 2060 όδόν
367 1989 489 2060 δόναται
507 1987 690 2076 όποκρόψαι.
737 1997 894 2075 Πλανῆσαι
911 1993 964 2077 μέν
982 1991 1038 2080 γολρ
1057 1990 1240 2078 όνθρόπους
1257 1992 1385 2060 δόναται
1407 1999 1435 2072 έξ

280 2095 386 2180 αὐτῆς,
415 2096 466 2161 καὶ
488 2092 664 2180 όποκρόψαι
685 2092 779 2177 αὐτὴν
801 2092 859 2160 όπό
878 2103 936 2162 τῶν
953 2093 1157 2182 όγνοοόντων,
1189 2094 1251 2161 dno·
1275 2097 1308 2161 δέ
1325 2103 1387 2162 τῶν
1406 2101 1436 2162 έν

280 2203 366 2287 πείρᾳ
382 2195 473 2281 αὐτῆς
486 2196 649 2292 γεγονότωιγ
664 2195 817 2263 αἰδόνατυν.
865 2196 910 2263 Οό
925 2198 981 2284 γόρ
997 2198 1120 2264 δόναται
1138 2198 1193 2282 τήν
1208 2205 1280 2284 γῆν,
1303 2194 1437 2284 ένθαίχτ

281 2299 300 2386 ἦ
315 2299 400 2380 όδός,
422 2298 580 2381 οἷφανίσαι,
602 2297 659 2365 κόιν
673 2324 704 2364 τε
718 2297 812 2383 αὐτὴν
826 2299 1006 2391 α’μαυροόση,
1028 2309 1082 2366 τοῦ
1096 2325 1125 2366 τε
1139 2300 1235 2367 τόπου
1250 2305 1435 2388 παραμένον-

281 2431 334 2482 τος
353 2411 405 2487 τῆς
423 2401 496 2469 όδοῦ
518 2400 577 2468 όπό
600 2409 659 2468 τῶν
675 2403 878 2488 γινωσκόντων
896 2405 1036 2490 ἐλέγχεται
1058 2400 1076 2468 ό
1094 2403 1146 2487 τήν
1163 2399 1237 2470 όδόν
1255 2405 1437 2493 βρδιουργη
1495 2477 1496 2480 ¹

283 2529 343 2584 σας.
377 2505 458 2591 Ὅρα
478 2504 516 2588 δὴ
537 2504 572 2570 τό
590 2507 655 2588 λ’χνη
677 2513 729 2589 τῆς
746 2504 934 2583 ἀκολουθίας.
982 2504 1041 2573 Τόν
1057 2505 1113 2592 γὰρ
1130 2505 1217 2592 λόγον
1233 2513 1345 2572 τοῦτον
1362 2508 1438 2592 πρός

281 2615 346 2674 τίνα
361 2612 470 2694 έλεγεν,
492 2604 549 2671 α’λλ’
564 2606 585 2690 ἢ
600 2607 676 2693 πρός
691 2606 760 2684 τοός
772 2607 950 2687 ’ίουδαίουςς
973 2611 1024 2674 καί
1040 2612 1068 2673 εί
1082 2607 1157 2694 πρός
1172 2605 1243 2684 τοός
1257 2605 1438 2688 Ἰουδαίους,

282 2711 340 2795 ἤδη
355 2713 460 2788 έδειξεν
475 2706 583 2785 αότοός
596 2711 692 2790 ἔνδον,
715 2713 765 2775 καί
780 2713 1009 2794 ἐκβαλλομένους
1023 2708 1082 2776 α’πό
1098 2719 1158 2775 τῶν
1173 2713 1301 2776 δικαίων.
1356 2717 1440 2788 Τίνες

283 2813 309 2879 δ’
327 2813 363 2878 δν
379 2811 451 2891 είεν,
481 2809 539 2876 ἄλλ’
556 2809 577 2895 ἢ
594 2816 626 2877 οί
638 2809 735 2878 αότοῖν
753 2817 889 2900 πατέρες,
917 2811 1049 2899 Ἀβραοίμ
1067 2814 1118 2878 καλ
1134 2809 1231 2878 Ἰσαείιι
1248 2813 1298 2877 καί
1316 2810 1439 2897 Ἰαπιόβ,

281 2917 333 2982 καλ
348 2921 515 3002 προφῆται;
553 2912 597 2978 Οό
613 2911 668 3001 γόρ
684 2912 779 2996 είτιεν,
801 2913 939 2996 ’Όφεσθε
955 2919 1088 2992 δικαίους
1103 2915 1335 3001 είςερχομένους,
1362 2919 1438 2981 ‘xci

281 3018 359 3102 ὑμᾶς
377 3016 418 3103 μή
436 3019 665 3102 είςερχομένους,
694 3015 768 3096 ἄλλ’,
789 3015 927 3100 ’Ὀψεσθε
944 3017 1014 3094 τοός
1030 3019 1164 3093 δικαίους
1185 3020 1217 3082 έν
1237 3023 1274 3108 τῇ
1289 3020 1437 3108 βασιλείᾳ,

280 3119 358 3203 όμᾶς
375 3121 407 3186 δέ
424 3119 663 3203 ἐκβαλλομένους.
709 3122 770 3184 Καί
786 3122 854 3206 περί
870 3122 924 3204 μέν
940 3127 994 3187 τοῦ
1007 3119 1278 3207 Ἐκβαλλομένους,
1306 3125 1437 3204 7μείλιχ-

278 3229 366 3300 τικῶς
382 3220 565 3306 ἀπεφήνατο,
581 3219 651 3297 τοός
664 3223 695 3286 δέ
711 3225 845 3300 δικαίους
857 3221 914 3308 ἤδη
930 3221 1017 3300 όντας
1029 3221 1179 3300 οίπέδειξευ
1193 3219 1248 3287 οιίκ
1261 3218 1438 3308 όλίοτρίους

278 3323 391 3391 τούτων
412 3321 488 3389 κατό
511 3323 566 3406 τὴν
587 3321 695 3409 σόρκα,
725 3322 794 3390 οόδέ
815 3325 891 3390 κατοί
912 3325 966 3410 τήν
987 3332 1106 3408 κλῆσιν,
1137 3321 1207 3388 ἄλλοί
1229 3321 1299 3407 μετόι
1317 3323 1438 3390 τούτων

278 3430 441 3511 κληθέντας
462 3425 532 3502 τοός
552 3425 611 3510 ἤδη
628 3429 875 3509 δεδικαιωμένους
895 3427 954 3514 πρό
973 3435 1025 3512 τῆς
1044 3425 1190 3513 ένσόρκου
1208 3425 1300 3492 αιίτοῢ
1316 3453 1435 3512 παροτ-

278 3535 349 3608 σίας,
395 3533 438 3594 Εί
457 3529 489 3594 δέ
509 3531 558 3594 καλ
577 3531 631 3606 ἔξω
650 3529 805 3613 μένοντας,
835 3527 951 3607 ιόςτοῖν
970 3532 1105 3615 πατέρων
1121 3531 1178 3596 έσστ
1195 3527 1302 3609 ὄντων,
1335 3529 1438 3596 πόθεν

277 3635 309 3699 δέ
325 3630 458 3720 βρυγμός
472 3629 604 3697 όδόντων
618 3635 729 3718 γίνεται
744 3635 777 3698 έν
789 3640 826 3723 τῇ
840 3637 949 3719 κρίσει,
972 3626 997 3698 ὦ
1014 3628 1129 3716 ἦλίθιε,
1152 3631 1204 3698 έόιν
1220 3630 1261 3716 μὴ
1275 3629 1437 3712 είνᾶστασις

278 3733 421 3818 σωμότων
440 3737 573 3821 γένηταις

361 3837 447 3923 Σχόλ
464 3835 521 3920 μα’.
555 3837 718 3922 Παρέκοψε
734 3835 822 3902 πόλιν
840 3835 889 3917 τό,
907 3835 1054 3916 Ἥξουσιν
1070 3835 1129 3903 οίπό
1147 3833 1296 3903 όνατολοῖν
1311 3839 1366 3902 καί
1385 3842 1434 3904 δυ-

275 3948 372 4026 σμιόν,
395 3941 445 4006 καλ
462 3937 709 4022 ἀνακλιθήσονται
724 3943 756 4006 έν
772 3947 809 4030 τῇ
823 3943 967 4030 βασιλείρ·
990 3941 1041 4006 καί
1053 3938 1103 4018 τό,
1130 3944 1170 4004 Οί
1184 3943 1297 4023 ἔσχατοι
1314 3941 1433 4008 έσονται

275 4052 399 4130 πρῶτοι·
429 4045 480 4109 καί
497 4040 546 4122 τό,
579 4047 760 4127 Προςῆλθον
784 4047 970 4128 οΦαρισαῖοι
991 4045 1135 4130 λέγοντες,
1159 4039 1289 4122 Ἔξελθε
1305 4046 1358 4108 καί
1382 4071 1432 4110 πο-

274 4146 380 4234 ρεόου,
402 4145 447 4212 ότι
460 4143 595 4230 Ἡρόδης
611 4165 643 4209 σε
659 4145 739 4210 θέλει
753 4141 939 4210 οίποκτεῖναι·
961 4147 1013 4210 ιιαλ
1032 4144 1106 4224 οτό,
1132 4147 1336 4232 Πορευθέντες
1351 4151 1433 4212 είπα·

274 4275 304 4316 τε
327 4255 363 4340 τῇ
383 4243 512 4314 όλοόπεκι
528 4244 635 4336 ταύτη,
665 4247 722 4324 έως
748 4247 870 4314 ιοὅπου
893 4244 988 4326 εἶπεν,
1021 4244 1085 4313 Οόκ
1107 4249 1251 4332 ἐνδέχεται
1271 4247 1433 4334 προφήτην

309 4441 331 4492 l.
348 4435 455 4508 ἀρχείων
473 4441 571 4488 correxit
589 4441 707 4490 Ριιαυῑαι.
902 4434 927 4490 4.
944 4436 989 4492 καλ
1005 4441 1069 4489 ποια
1086 4441 1109 4489 λ.
1122 4443 1138 4490 Ι.
1156 4443 1186 4490 σο
1204 4442 1283 4503 lm,
1307 4445 1358 4492 λοι
1376 4447 1431 4494 κατ’·

307 4509 332 4558 2.
349 4503 381 4572 ἣν
397 4521 471 4569 supra
488 4508 641 4557 desideratur.
867 4509 915 4570 φιλο
931 4521 1004 4569 quam
1019 4509 1104 4570 ιάίιλις
1120 4511 1161 4560 ταί
1177 4523 1250 4574 ιαμτα
1267 4514 1341 4560 mat.

308 4573 333 4626 3.
352 4577 431 4640 Supra
452 4571 562 4644 ἐποίησε·
903 4575 927 4625 5.
945 4577 1025 4638 supra
1045 4571 1135 4630 ἔστιν·
