2984 4996
308 207 442 259 ennean
459 205 521 258 nte.
537 207 558 258 ι.
574 206 657 260 ron.
670 207 713 258 ιιι.
730 207 829 258 nana.
843 207 935 260 xnvr.
1134 200 1191 264 ⁷11

38 327 223 408 maritam,
253 349 319 394 cnm
340 329 371 392 in
390 323 539 392 Christum
558 327 747 405 credidisset,
778 327 866 392 multe
889 327 1028 396 virtutum
1048 331 1194 396 exercita·

39 430 133 494 tione
149 431 311 517 perpolitus,
335 429 450 514 vitaque
465 430 499 492 ad
516 449 631 492 omnem
649 430 829 494 honestatem
842 429 988 511 instituta,
1013 434 1126 498 tandem
1141 455 1194 519 pro

40 528 172 598 Christo
182 533 321 620 martyrio
338 534 506 618 perlunetns
521 531 762 622 perfectissimam
779 553 916 596 coronam
933 535 1055 620 adeptus
1072 546 1117 600 est
1131 535 1194 602 llo·

39 655 128 715 mae,
152 636 199 699 seh
215 634 337 698 Rustico
354 635 514 720 praelecto,
538 632 670 698 Adriano
685 634 857 720 imperante,
881 635 990 720 inipso
1006 637 1078 702 lloro
1092 639 1194 704 iuven·

40 737 137 817 tutis,
161 759 233 802 mno
246 736 381 802 videlicet
397 737 502 801 aetatis
520 735 679 800 tricesimo.
725 734 802 800 Huic
817 757 881 801 eum
898 757 931 801 se
949 737 1094 804 'datianus
1111 741 1194 806 initio

39 840 219 919 dedidisset,
243 840 378 924 quamdiu
393 861 458 902 cum
473 849 575 902 saneto
591 849 720 924 martyre
738 839 829 919 vixit,
854 861 918 904 oum
937 842 1045 906 ceteris
1060 841 1089 906 in
1107 843 1194 908 rebus

38 941 251 1007 honestissime
270 963 302 1004 se
320 942 427 1026 gessit,
463 951 521 1006 tum
541 941 659 1024 egregia
678 941 731 1005 luit
747 963 782 1005 ac
797 942 940 1006 constanti
959 943 1013 1006 hde
1033 945 1192 1029 praeditus.

40 1043 105 1110 Sed
124 1045 171 1110 illo
187 1055 300 1108 mortno
316 1043 435 1131 perinde
454 1065 488 1108 ac
503 1043 528 1108 si
545 1063 649 1108 caecus
664 1042 699 1106 ab
714 1043 807 1108 altero
824 1045 962 1109 dedoctus
979 1065 995 1108 a
1010 1046 1130 1111 doctore
1145 1047 1196 1111 de·
1260 1027 1266 1040 ’

40 1149 194 1228 stitnatnr,
212 1148 241 1210 in
257 1167 396 1232 praeceps
408 1167 476 1211 sese
491 1145 674 1210 committens
690 1166 759 1231 prae
776 1147 918 1210 caecitate
933 1148 1068 1212 deorsum
1082 1149 1120 1212 ita
1136 1149 1195 1212 ler-

41 1262 107 1330 tnr,
146 1248 327 1314 uteohibere
345 1249 456 1334 lapsum
476 1259 621 1333 nequeat,
652 1249 745 1312 donec
767 1248 796 1311 in
814 1249 936 1314 exitium
959 1263 1041 1330 ruat,
1073 1251 1114 1316 ita
1132 1248 1195 1315 Ta·

43 1355 126 1418 tiano
141 1351 273 1436 contigit.
319 1350 393 1416 Erat
406 1351 470 1430 hic,
494 1351 734 1435 quemadmodum
750 1352 927 1437 accepimns,
951 1354 1069 1418 natione
1086 1351 1194 1439 Syrus.

43 1452 102 1538 Qui
128 1454 251 1542 primum
273 1455 303 1518 in
318 1451 533 1540 Mesopotamia
554 1474 659 1518 novam
682 1464 792 1518 sectam
811 1457 938 1520 condere
956 1475 1113 1540 aggressus
1136 1467 1193 1535 est,

48 1559 126 1622 circa
157 1579 262 1622 annum
285 1553 360 1620 Xll.
384 1556 527 1620 Antonini
549 1567 745 1641 cognomento
765 1554 823 1620 Pii.
875 1555 989 1644 Quippe
1014 1569 1080 1642 post
1102 1558 1196 1624 sancti

44 1658 152 1724 lustini
168 1657 336 1744 martyrium
351 1657 446 1722 Roma
463 1661 611 1744 proiectus
626 1658 655 1723 in
673 1659 827 1738 orientem,
852 1671 883 1724 et
896 1660 1001 1724 ibidem
1018 1660 1151 1726 habitans
1166 1661 1196 1726 in

46 1762 187 1828 absurdas
212 1760 365 1848 opiniones
389 1761 507 1840 incidit,
540 1782 574 1824 ac
593 1761 694 1826 neseio
715 1784 788 1846 quos
806 1763 926 1826 Aeonas
947 1783 963 1826 o
981 1761 1196 1828 Valentinianis

46 1865 164 1944 tabulis,
187 1875 217 1928 et
232 1863 372 1949 principia
389 1864 528 1949 quaedam
546 1885 581 1927 ao
597 1865 821 1950 propagationes
838 1875 1018 1930 commentus
1033 1877 1090 1930 est.
1136 1865 1196 1934 Sed

48 1967 204 2032 Antiochia
220 1967 410 2052 praesertim,
434 1987 508 2052 quae
525 1967 561 2030 ad
579 1964 719 2052 Daphnen
739 1977 796 2047 est,
820 1965 896 2031 illius
914 1968 1018 2051 dogma
1033 1967 1195 2034 derivatum
1268 2033 1272 2039 ,

48 2071 74 2134 io
89 2066 196 2135 Cilicia
209 2091 243 2134 ac
255 2067 364 2133 Pisidia
380 2067 547 2154 cumprimis
561 2067 681 2134 coaluit.
701 2067 795 2134 -ilinc
811 2068 887 2134 enim
902 2067 1118 2136 Eneratitarnm
1133 2083 1197 2136 orta

50 2171 195 2236 successio
218 2182 281 2252 est,
312 2171 417 2256 quihus
437 2191 583 2235 venenum
602 2171 672 2236 illud
692 2193 854 2257 aspersum.
898 2169 1013 2237 Ferunt
1034 2195 1107 2260 opus
1127 2174 1197 2238 illud

51 2278 120 2360 quod
139 2297 182 2340 ex
198 2271 242 2340 lV
259 2274 422 2358 evangeliis
439 2283 610 2338 contextum
629 2285 692 2355 est,
716 2275 849 2359 quodque
867 2275 1026 2340 secundnm
1045 2275 1196 2342 Hebraeos

54 2377 180 2444 nonnulli
202 2386 325 2455 vocant,
349 2376 386 2440 ab
409 2397 533 2442 ecesse
556 2377 763 2463 couscriptum.

129 2683 272 2754 Ceterum
287 2685 388 2750 eadem
406 2688 468 2750 lere
484 2706 548 2750 cnm
561 2683 689 2769 antiquis
703 2685 874 2751 haeresibus
890 2685 1030 2750 delendit.
1074 2687 1121 2752 Ac
1138 2687 1197 2774 pri-
1215 2706 1274 2774 cap.
1290 2707 1322 2758 ιι.

58 2811 123 2854 nom
138 2789 284 2854 Adamum
300 2799 387 2873 negat
404 2809 470 2852 esse
485 2789 609 2852 salvum.
647 2785 760 2852 Deinde
777 2788 984 2854 continentiam
1000 2787 1197 2874 caelibemque

59 2891 134 2956 vitam
159 2892 319 2978 praedicat.
368 2888 494 2976 Nuptias
518 2889 689 2954 adulterinos
712 2910 779 2954 esse
804 2911 914 2954 merum
943 2911 977 2956 ae
1003 2893 1197 2977 corruptelam

60 2995 214 3073 existimat,
248 3015 303 3074 nec
320 2993 356 3057 ab
374 2992 424 3056 illo
443 2992 608 3078 discrepare
626 2991 760 3078 penitus,
792 2991 937 3058 sedidem
961 3005 1095 3058 etenum
1116 3015 1195 3058 esse.

63 3091 116 3178 Qua
129 3098 245 3182 quidem
262 3095 460 3160 continentiae
475 3115 509 3158 ac
526 3095 680 3179 pudicitiae
698 3096 815 3180 specie,
842 3097 922 3162 velut
938 3095 1076 3160 illecebra
1094 3117 1198 3182 propo·

63 3199 121 3276 sita,
145 3201 233 3264 homo
249 3200 331 3262 valer
347 3197 493 3283 obrepsit,
519 3208 662 3282 tamqnam
680 3218 772 3283 rapax
787 3199 902 3282 quidam
917 3198 1000 3282 lupus
1016 3198 1119 3284 pellem
1135 3199 1199 3264 ovis

65 3301 184 3383 induens,
209 3321 304 3386 eoque
318 3301 413 3380 culto,
437 3301 572 3384 quemad
588 3309 700 3384 tempus
714 3312 901 3386 susceperat,
927 3299 1051 3366 miseros
1066 3301 1198 3366 homines

65 3401 86 3464 in
104 3405 230 3470 fraudem
254 3403 416 3488 pelliciens.
461 3399 604 3468 Similiter
625 3413 654 3466 et
675 3405 815 3487 mysteria
833 3405 974 3488 quaedam
997 3403 1197 3468 adeeclesiae

34 3523 37 3580 p
68 3517 168 3570 anema
186 3505 377 3572 imitationem
398 3505 539 3582 institnit,
573 3505 624 3568 sed
645 3506 681 3568 ad
705 3525 740 3568 ea
759 3515 854 3569 tamen
872 3505 943 3570 nihil
960 3517 1077 3591 praeter
1094 3527 1198 3589 aquam

68 3607 187 3674 adhibuit.
232 3605 345 3673 Verum
358 3627 396 3670 ne
409 3607 457 3671 ille
473 3605 587 3691 quidem
603 3608 710 3692 poterit
722 3607 834 3672 ratione
849 3608 907 3672 ulla
921 3609 1096 3686 contristere,
1115 3607 1198 3672 cuius

71 3717 111 3772 tan
127 3712 298 3776 imbecillum
314 3709 490 3795 minimeque
508 3709 670 3773 cohaerens
687 3720 733 3772 est
748 3711 863 3794 dogma.
909 3710 954 3776 Ac
973 3711 1028 3776 nisi
1044 3710 1128 3774 lallor
1145 3711 1198 3774 hoe

72 3817 178 3894 tenpore
202 3813 367 3878 cumomni
389 3812 488 3876 schola
511 3833 563 3876 saa
585 3813 733 3876 extinctus
755 3812 914 3877 intercidit.
960 3810 1039 3896 Quid
1062 3813 1138 3876 enim
1161 3814 1197 3876 ad

73 3909 131 3978 illum
145 3919 326 3982 relutandum
343 3915 441 3980 afferri
460 3935 517 3978 non
533 3917 649 4000 potest'l
692 3913 751 3982 Sed
768 3914 835 3980 illud
853 3915 932 3979 valet
947 3914 1098 4000 inprimis,
1123 3916 1198 3998 quod

76 4015 192 4085 adversus
207 4019 318 4084 similes
335 4019 473 4081 haereses
488 4029 574 4082 antea
589 4017 803 4104 proposuimus,
827 4017 889 4081 lieri
905 4018 1023 4080 omnino
1038 4039 1096 4081 non
1112 4038 1200 4102 posse

77 4115 136 4196 plura
156 4133 186 4186 nt
203 4119 351 4208 Principia
375 4119 434 4182 sint
453 4141 554 4184 eorum
574 4141 648 4205 quae
668 4121 855 4184 successione
874 4129 1064 4203 generantur.
1109 4117 1199 4184 Plura

80 4217 192 4302 siquitem
206 4225 254 4289 illa
269 4235 298 4288 et
310 4244 398 4288 uuum
414 4221 450 4286 ab
465 4245 522 4286 nno
538 4225 667 4308 prolecta
682 4223 716 4286 ab
730 4243 788 4286 nna
803 4221 930 4286 omnium
945 4243 1050 4288 caussa
1064 4243 1200 4288 manasse

102 4365 119 4420 l·
132 4371 268 4444 similem
284 4379 413 4430 ιιιιιιιάιιὶίο
427 4383 460 4428 eet
474 4380 517 4430 loe.
532 4379 607 4428 Scott-
677 4377 734 4430 Can.
750 4379 781 4428 ll.
799 4405 832 4416 --
853 4377 875 4428 l.
892 4380 987 4428 comesi
1002 4379 1097 4430 modu.
1130 4381 1200 4428 Pete·

84 4441 120 4494 Μ
146 4445 207 4498 Men
222 4450 305 4500 hohern
322 4440 482 4514 sioqqshluu·
640 4449 694 4498 uiue
706 4449 779 4498 uoluit
794 4439 899 4500 πάντων.
933 4447 997 4498 libri
1010 4449 1094 4499 hebere
1104 4445 1201 4502 παθῶν.
