2986 4996
230 229 233 241 ¹
269 235 309 300 32
687 251 808 304 οεοοιι
825 251 995 304 nummu

270 375 351 445 σθαι,
371 367 423 431 καί
438 362 489 432 άπ’
503 363 595 452 άρηῆς
610 365 662 449 μέν
680 363 730 432 διά
744 372 795 449 τῆς
809 373 863 432 τοῦ
876 363 970 450 Ἀδάμ
986 373 1148 452 παρακοῆς,
1170 369 1268 434 ἔπειτα
1288 367 1344 433 7δέ
1360 365 1410 432 διά

270 475 322 551 τῆς
336 474 390 532 τοῦ
406 465 486 533 Κάῖν
501 464 743 548 άδελφοκτονίας,
765 474 820 534 νῦν
838 467 885 547 δέ,
907 471 939 534 ἐν
955 467 1073 554 χρόνοις
1092 477 1146 536 τοῦ
1162 467 1254 555 Ἰάρεδ
1274 471 1325 535 καί
1345 471 1410 534 ἐπέ-

269 594 366 648 κεινα,
388 573 556 654 φαρμακεία
580 571 652 634 ἐκεῖ
676 573 794 654 μαγεία,
820 566 990 655 9άσέλγεια,
1012 574 1123 652 μοιχεία
1145 578 1219 635 ιοτε
1232 572 1282 636 καί
1302 568 1409 636 άδικία.

274 668 319 736 Ού
334 669 437 756 γνῶμη
451 696 495 746 τις
513 672 610 754 ἑτέρα,
633 667 668 736 ού
683 671 755 748 δόξα
771 673 998 755 μετηλλαγμένη,
1021 669 1090 736 άλλά
1112 675 1164 754 μία
1182 671 1338 756 Ηγλῶσσα
1359 673 1410 736 καί
1426 759 1431 777 ¹

270 773 352 858 γίνος
363 776 399 837 ἓν
412 774 461 838 ἐπί
475 779 529 857 γῆς
543 769 607 836 κατ’
622 775 715 837 ἐκεῖνο
730 779 837 856 καιροῦ
853 775 1043 856 ἐσπαρμένον.
1091 772 1191 862 Τούτῳ
1210 775 1242 838 δέ
1260 781 1301 861 τιγῖ
1316 770 1409 858 Ἰάρεδ

269 877 378 959 γίνεται
400 883 471 948 παῖς
491 870 619 956 τοῦνομα
641 871 747 955 Ἐνῶχ,
771 872 806 948 ῦς
828 871 999 956 εῦηρέοτησε
1018 881 1059 961 τῷ
1078 883 1158 961 θεῷ,
1178 877 1229 940 καί
1251 871 1304 956 ούχ
1325 870 1409 958 ηύρί·

270 996 363 1040 σκετο.
396 977 554 1057 Μετέθηκε
568 972 622 1060 γάρ
638 971 728 1039 αύτόν
744 971 762 1038 ό
778 972 866 1054 θεός,
888 977 940 1040 καί
955 973 1010 1040 ούιι
1025 973 1083 1042 είδε
1097 975 1236 1042 θάνατον.
1272 973 1363 1058 Ἐνῶγ
1378 977 1410 1040 δὲ

269 1083 356 1164 γεννᾷ
372 1073 423 1142 τόν
435 1075 639 1155 Μαθουσάλα,
656 1074 847 1141 Μαθουσάλα
860 1075 912 1142 τόν
923 1076 1038 1159 Λάμεχ,
1054 1077 1157 1160 Λάμεχ
1173 1075 1226 1143 τόν
1241 1083 1319 1142 Νῶε.
1349 1079 1410 1141 Καὶ

270 1175 355 1262 ήτοῦ
370 1185 445 1243 θεοῦ
459 1181 654 1262 δικαιοκρισία
667 1176 871 1259 κατακίοσμόν
886 1175 996 1253 ῦδατος
1011 1179 1186 1264 έπενέγκασα
1199 1185 1237 1268 τῇ
1251 1179 1409 1266 οίιιονμένη

270 1286 367 1344 πᾶσαν
388 1278 483 1363 σάρκα
505 1276 719 1362 άνθροίπαντε
736 1279 860 1344 παλτῶν
879 1277 972 1344 ύλλιον
993 1277 1143 1362 ἐξήλειψεν
1154 1331 1163 1360 ,
1186 1279 1310 1360 ἐφύλαξε
1332 1279 1410 1343 1’δέ

270 1383 302 1448 ἐν
315 1380 437 1467 λάρνακι
451 1377 501 1444 διά
516 1378 735 1464 προςτάγματος
747 1378 800 1446 τόν
814 1387 895 1460 Νῶε,
915 1377 1146 1464 εύαρεστήσαντα
1161 1382 1288 1447 ἐνῶπιον
1304 1379 1408 1458 αύτοῦ,

270 1485 321 1548 καί
338 1480 460 1566 εύρόντα
481 1479 580 1564 χάριν,
607 1479 698 1546 αύτόν
726 1488 798 1546 18τε
816 1479 869 1548 τόν
891 1484 1151 1567 προδεδηλωμένον
1176 1489 1246 1548 Νῶε
1266 1484 1317 1547 καί
1337 1481 1409 1557 τοῦς

170 1613 221 1658 pq.
234 1601 254 1645 ιι
269 1593 347 1670 τρεῖς
360 1581 446 1659 νίούς
462 1579 568 1661 αότοῦ,
590 1579 675 1664 Σήμ,
700 1579 785 1665 Χάμ,
797 1581 922 1664 ”ίάφεθ,
943 1582 997 1665 τήν
1012 1609 1041 1649 τε
1056 1587 1134 1650 ίδίαν
1149 1583 1274 1669 σύζυγον
1286 1586 1339 1649 καί
1353 1590 1409 1648 τῶν

270 1693 360 1767 τριῶν
381 1687 455 1749 νίῶν
474 1681 528 1758 τάς
549 1692 626 1766 τρεῖς
641 1693 796 1767 γυναῖκας,
819 1683 889 1760 ῶςτε
911 1683 1080 1769 άνθροίποιν
1102 1683 1202 1768 ψυχάς
1221 1683 1297 1751 όκτῶ
1320 1688 1354 1752 ἐν
1373 1691 1408 1772 τῇ

270 1785 335 1852 τότε
348 1783 472 1870 λάρνακι
487 1782 693 1850 διασώσασθαι
712 1782 771 1852 άπό
786 1793 839 1852 τοῦ
856 1787 964 1863 ῦδατος
976 1793 1030 1850 τοῦ
1046 1793 1260 1868 κατακλυσμοῦ,
1281 1789 1332 1852 καί
1349 1783 1408 1850 άπό

270 1885 380 1962 παντός
398 1887 502 1971 γένους
520 1891 667 1970 14θηρῶν
685 1911 716 1952 τε
731 1888 781 1952 καί
796 1886 892 1968 ζῶον,
920 1894 1035 1970 κτηνῶν
1051 1911 1080 1952 τε
1095 1890 1146 1952 καί
1164 1895 1223 1954 τῶν
1243 1886 1336 1954 άλλων
1352 1895 1410 1952 τῶν

273 1990 324 2056 ἐπί
344 1994 413 2074 γῆς,
441 1985 517 2071 πρός
538 1985 676 2052 σύστασιν
698 1986 787 2052 πάλιν
812 1996 866 2071 τῆς
892 1991 924 2055 ἐν
946 1988 1046 2077 κόσμςο
1071 1987 1189 2054 πάντων
1212 1985 1408 2065 ύποστάσειος,

276 2086 378 2154 Νάπό
402 2114 492 2178 τινων
512 2089 565 2169 μέν
591 2087 646 2154 δύο
672 2087 743 2166 δύο,
770 2087 830 2156 άπό
853 2092 886 2156 δέ
911 2089 1002 2156 ἄλλων
1023 2089 1096 2156 έπτοῖ
1116 2087 1197 2156 ἐπτά.
1248 2093 1309 2155 Καί
1331 2089 1408 2156 οῦτοι

273 2197 407 2275 παρῆλθε
427 2189 532 2272 δεκάτη
555 2187 637 2276 γενεά
663 2188 742 2255 ιοδι’
766 2193 839 2256 ἐτῶν
865 2195 1007 2274 διςγιλίων
1030 2196 1186 2258 διακοσίων
1205 2191 1408 2274 ἐξητανταδόο.

274 2295 335 2358 Καὶ
359 2289 377 2357 ό
395 2289 597 2373 κατακλασμός
617 2292 778 2371 πέπαυται,
798 2294 849 2358 καί
865 2301 935 2360 Νῶε
952 2295 1000 2358 καί
1024 2289 1042 2358 ό
1062 2291 1154 2358 αύτοῦ
1172 2289 1254 2369 οἶκος
1270 2298 1409 2375 λείψανον

271 2401 313 2483 τῶ
330 2393 429 2482 κόσμῳ
451 2394 649 2479 Πγεγένηται.
694 2391 786 2460 Οόποι
806 2395 838 2459 δέ
863 2396 1085 2478 11ἐτεροδοξία,
1108 2392 1163 2460 οῦκ
1184 2395 1275 2470 ἔθνος
1292 2420 1320 2458 τι
1344 2399 1405 2460 διο·

272 2495 453 2580 φερόμενον,
475 2491 531 2560 ούκ
544 2493 638 2576 ὄνομα
653 2496 806 2578 αίρέσεοις,
828 2493 885 2560 άλλ’
904 2493 1017 2562 ιοούδέ
1038 2499 1261 2579 είδαλολατρεία.
1288 2490 1408 2576 Ἐπειδή

273 2599 305 2664 δὲ
326 2601 446 2672 ἕκαστος
471 2593 640 2680 άνθρῶπιον
662 2599 722 2684 ίδίηι
745 2595 847 2686 γνύμη
868 2600 985 2680 ἐστοίχει
1006 2597 1113 2680 (νόμος
1132 2595 1187 2682 γάρ
1213 2593 1299 2672 20είς
1320 2593 1408 2661 οόδα-

273 2707 331 2784 μοῦ
353 2697 519 2784 ἐτύγχανεν,
540 2699 660 2773 ἕκαστος
677 2695 732 2782 γάρ
749 2700 842 2786 ἑαυτῷ
857 2697 948 2781 νόμος
962 2701 1084 2783 ἐγίνετο,
1105 2701 1156 2764 καὶ
1174 2704 1211 2788 τή
1230 2701 1290 2785 ίδίρι
1305 2696 1408 2786 γνοίμη

273 2803 422 2886 ἐστοίχει),
445 2797 595 2874 δίκαθῶς
615 2797 696 2885 παρά
716 2805 757 2888 τῷ
780 2797 930 2888 άτιοστόλφ
945 2797 967 2882 ή
982 2807 1098 2883 χρῆσις,
1127 2797 1163 2864 ού
1183 2797 1275 2882 μόνον
1292 2803 1406 2884 Βαρβα-

273 2909 395 2988 ρισμοῦ,
423 2898 493 2966 άλλά
515 2902 567 2966 καί
587 2908 646 2965 τῶν
668 2899 776 2979 άλλων,
802 2902 877 2983 φησί
896 2899 967 2986 γάρ,
996 2899 1091 2965 ΗἘν
1116 2905 1233 2988 Χριστῷ
1254 2898 1350 2982 Ἰηοοῦ
1372 2896 1408 2964 ού

272 3004 436 3088 βάρβαρος,
456 3001 492 3068 οῦ
507 3004 649 3084 Σκύθης,
671 2998 723 3084 ούγ
732 2999 859 3084 Ἕλλην,
887 2999 942 3068 ούιι
959 2999 1117 3082 Ἰουδαῖος,
1138 3039 1180 3054 -
1202 2999 1408 3087 Βαρβαρισμός

272 3105 336 3172 τότε
353 3109 478 3172 ἐκαλεῖτο
495 3107 527 3170 ἐν
543 3113 606 3180 ταῖς
620 3105 693 3169 δέκα
707 3113 818 3188 γενεαῖς
831 3110 884 3168 τοῦ
896 3102 1003 3189 χρόνον
1020 3103 1052 3170 τό
1070 3101 1234 3186 ἐπύννμον.
1274 3101 1362 3168 Mad
1377 3101 1408 3166 δὲ

273 3206 323 3273 τόν
340 3203 542 3288 κατακλυσμόν
558 3203 714 3287 ἐπιστάσης
732 3213 784 3288 τῆς
798 3204 944 3290 λάρνακος
960 3213 1013 3270 τοῦ
1030 3213 1100 3270 Νῶε
1118 3208 1151 3271 ἐν
1168 3214 1230 3282 τοῖς
1248 3202 1328 3289 όρεσι
1348 3211 1408 3276 τοῖς

272 3306 397 3394 Ἀραράτ
422 3304 480 3372 άνά
510 3308 598 3388 μέσον
619 3304 776 3391 Ἀρμενίων
797 3308 848 3372 καί
875 3313 911 3352 ²⁸
926 3309 1087 3390 Καρδνέοιν
1110 3309 1141 3372 ἐν
1163 3314 1203 3394 τῷ
1228 3313 1266 3354 ²⁴
1279 3302 1404 3387 Λονβάρ

274 3408 336 3494 όρει
354 3411 537 3497 καλουμένῳ,
563 3410 654 3472 ἐκεῖσε
670 3414 832 3494 ππρῶτον
852 3413 1018 3490 κατοίκησις
1039 3413 1145 3492 γίνεται
1160 3405 1232 3490 μετά
1248 3406 1300 3471 τόν
1319 3431 1406 3472 κοιτα-

273 3508 402 3594 κλνσμδν
419 3518 478 3576 τῶν
492 3507 676 3595 άνθρῶπιον,
698 3507 785 3574 κάκεῖ
799 3507 918 3591 φυτεύει
941 3506 1095 3592 α’μπελῶνα
1110 3515 1181 3574 Νῶε
1204 3505 1223 3574 ύ
1241 3507 1405 3592 προφήτης,

275 3611 406 3695 οίκιστής
429 3637 459 3676 τε
482 3616 585 3695 γίνεται
606 3618 660 3677 τοῦ
679 3611 781 3678 τύπου.
826 3615 960 3676 Γίνονται
979 3611 1012 3676 δέ
1033 3620 1096 3686 τοῖς
1117 3610 1208 3676 αῦτοῦ
1231 3611 1334 3674 παισίν
1357 3603 1406 3692 (ού

274 3714 329 3801 γάρ
345 3717 388 3780 ἐτι
404 3711 495 3780 αύτόν
510 3715 643 3794 ἐμφαίνει
661 3713 873 3800 γεγεννηκέναι)
894 3716 997 3788 παῖδες
1013 3714 1064 3778 καί
1083 3716 1196 3777 παίδοιν
1213 3715 1332 3790 παῖδες,
1353 3711 1407 3780 δοες

276 3819 408 3900 πέμπτης
434 3821 533 3902 γενεᾶς
558 3817 632 3879 ἐτῶν
656 3816 812 3892 ἐξακοσίοιν
836 3815 1113 3898 πεντηκονταεννέα,
1143 3812 1234 3899 πάρεξ
1255 3819 1309 3878 τοῦ
1330 3809 1405 3893 Σήμ.

307 4055 331 4108 7.
348 4057 378 4111 δέ
394 4073 439 4109 σοι.
453 4059 504 4108 τοῦ.
521 4060 594 4108 Vener.
894 4055 933 4107 12.
950 4055 980 4109 δέ
997 4059 1047 4107 cod.
1066 4059 1139 4106 Venet.
1175 4057 1248 4118 ῖιιλρο
1262 4069 1297 4104 τε.

306 4122 332 4175 8.
349 4123 393 4177 καλ
409 4141 453 4176 οτιι.
468 4128 519 4176 cod.
534 4129 608 4174 λέοεί.
894 4124 932 4176 13.
949 4139 977 4176 τε
993 4125 1043 4174 cod.
1061 4127 1137 4173 ῖτιιει.
1173 4123 1244 4186 Vulgo
1260 4117 1297 4174 δέ.

307 4188 332 4242 9.
352 4187 471 4259 άοέλγεια
488 4207 533 4243 om.
549 4195 599 4242 οοδ.
615 4194 690 4242 λέκτί.
892 4189 931 4254 14.
949 4191 1043 4257 θηρίων
1059 4193 1110 4240 τοῦ.
1126 4193 1200 4240 Vener.

293 4259 332 4310 10.
348 4275 376 4311 τε
392 4275 437 4309 om.
452 4263 502 4311 τοῦ.
519 4263 594 4310 Vena.
610 4287 643 4298 -
666 4262 771 4310 Fortasse
787 4272 823 4308 τε·
893 4260 932 4309 15.
948 4255 998 4312 άπδ
1012 4258 1129 4310 πετεινῶν
1144 4255 1189 4323 μέν
1205 4258 1255 4308 σοδ
1272 4259 1346 4308 ίεπει.

200 4367 209 4380 .
271 4328 405 4390 ponendum
425 4333 457 4378 εει
487 4326 617 4392 φαρμακεί
656 4325 700 4377 καλ
721 4325 822 4393 μαγείᾳ,
892 4324 931 4378 16.
948 4322 980 4379 δι’
997 4339 1042 4377 οτι.
1058 4328 1108 4376 cod.
1127 4329 1181 4376 λέο.

274 4390 406 4462 ἀσελγείᾳ,
431 4393 529 4462 μοιχείᾳ
545 4411 574 4446 τε
590 4343 635 4447 κοῦ
652 4388 746 4461 α’διιιίᾳ.
891 4392 928 4445 17.
947 4397 1057 4456 suspicor
1077 4397 1102 4445 λιι
1123 4395 1174 4445 ενδ.
1190 4395 1244 4444 λιιι
1265 4397 1344 4442 cmm
1366 4401 1404 4452 ft·

309 4461 347 4513 11.
364 4461 464 4528 γλῶττα
484 4464 534 4513 ινδ
549 4465 622 4514 ίαιιλ
855 4459 978 4529 γίνηνται.
