2984 4996
357 327 490 381 rauattt
505 329 568 382 ΗΒ.
582 331 601 383 l.
618 329 700 383 Tott.
714 331 758 381 lll.
776 329 875 381 HAER.
889 329 971 382 Xbll.
1173 321 1231 382 651

78 449 287 516 testimonium
304 449 473 529 obfirmasti,
497 462 530 514 ut
544 451 591 514 vel
606 450 772 536 imprudens
788 449 961 513 conliterere
977 447 1092 536 Moysis
1108 450 1200 534 legem
1217 473 1234 513 a

78 555 144 618 deo
169 554 345 629 derivatam,
378 552 433 616 boc
455 552 518 637 ipso
540 552 632 637 quod,
664 557 697 614 In
720 555 781 632 lege
799 555 904 626 Mosr's,
936 551 1101 637 scripseris.
1147 550 1234 631 ltem,

77 662 152 718 Lem
170 661 247 718 dicit.
294 654 496 738 adstipulatur
513 655 589 718 enim
612 667 641 716 et
660 654 807 739 apostolus
827 663 928 737 postea
946 654 1123 718 subiicicns=
1146 658 1235 716 Num·

76 762 161 840 quid
181 761 215 819 de
236 759 322 818 bobus
343 778 412 818 cura
433 769 477 818 est
492 761 565 818 deor
606 762 654 818 Aa
665 768 784 837 propter
798 777 850 818 nos
865 759 960 836 utique
974 759 1065 817 dicit?
1107 754 1193 839 Quod
1209 756 1234 820 si

77 871 210 946 propter
227 859 374 945 apostolos
391 870 448 921 tam
465 858 514 920 lex
532 879 616 942 quam
640 857 687 942 qui
710 857 738 920 in
756 858 821 941 lege
839 857 951 921 locutus
967 868 1014 920 est
1029 858 1100 921 deus
1117 858 1174 921 ista
1192 856 1235 919 di·

77 972 216 1040 xerunt,
249 973 370 1044 oterque
391 961 523 1047 prolecto
542 961 737 1046 apostolorum
757 956 867 1025 Christi
883 979 981 1022 curam
1000 958 1137 1045 suscipit,
1169 963 1235 1024 dum

78 1064 147 1128 illis
165 1085 199 1126 os
215 1063 325 1147 alligari
341 1061 491 1146 probibet,
515 1061 578 1128 sive
593 1083 609 1126 a
628 1061 818 1147 praedicanda
832 1057 943 1126 Christi
957 1061 1087 1125 doctrina
1104 1062 1235 1147 impediri

79 1174 189 1244 vetat,
222 1166 285 1228 sire
303 1163 468 1251 quotidiana
485 1165 555 1249 ipsis
574 1163 708 1228 alimenta
728 1163 905 1249 suppeditari
923 1163 1090 1249 populorum
1109 1163 1236 1228 liberali-

82 1276 150 1330 tate
168 1265 317 1352 praecipit.
364 1263 463 1350 ltaque
482 1287 536 1331 uec
552 1266 663 1330 alienos
680 1286 697 1329 a
715 1266 865 1331 divinitate
883 1285 936 1328 sua
954 1264 1101 1350 apostolos
1119 1265 1166 1330 ille
1183 1286 1235 1350 pu·

81 1379 149 1448 tat,
183 1389 236 1432 nec
259 1369 306 1432 isti
325 1367 448 1432 alienum
466 1369 558 1453 ipsum
582 1388 648 1432 esse
666 1377 808 1431 statuunt.
853 1366 903 1430 Ex
924 1366 979 1431 boc
1001 1388 1072 1431 vero
1091 1367 1234 1430 communi

82 1470 225 1534 omnibus
244 1469 411 1532 testimonio
427 1470 469 1534 sic
486 1471 595 1554 colligit
612 1470 778 1556 apostolus:
801 1473 945 1551 Numquid
958 1473 994 1530 de
1010 1469 1095 1530 bobus
1109 1491 1178 1532 curo
1195 1481 1238 1530 est

81 1577 163 1634 dect
205 1567 264 1636 Sed
281 1581 399 1656 propter
414 1573 561 1657 apostolos
578 1572 663 1636 dixit.
704 1570 805 1655 Quare
819 1571 845 1634 si
860 1581 977 1656 propter
989 1570 1138 1656 apostolos
1153 1590 1237 1634 usur·

83 1673 182 1760 pavit,
206 1672 350 1736 bominum
367 1695 453 1759 porro
469 1676 668 1759 pecudumque
685 1674 817 1737 conditor
831 1683 887 1752 est,
912 1693 928 1736 e
946 1673 1047 1757 quibus
1064 1672 1154 1736 boves
1170 1683 1238 1736 snrrt

84 1799 122 1841 ac
141 1795 295 1862 passeres,
318 1787 487 1859 serpentes,
511 1777 633 1856 bestiae,
658 1776 764 1862 pisces,
789 1774 1003 1859 animantiaque
1022 1774 1144 1860 reliqua,
1168 1796 1238 1838 eou-

84 1899 220 1963 sequens
244 1889 289 1942 est
315 1899 412 1941 euram
437 1877 516 1942 illum
541 1877 668 1942 omnium
692 1899 745 1962 pro
767 1877 905 1962 cuiusque
932 1877 1046 1942 ratione
1070 1897 1235 1962 capessere.

84 1979 169 2045 Nam
191 1991 220 2044 et
243 1979 445 2044 universorum
469 1982 494 2044 ei
514 2001 613 2044 eoram
637 2000 703 2043 esse
722 1978 793 2042 satis
816 1999 855 2042 ex
876 1999 912 2042 co
934 1981 1009 2063 quod
1032 1981 1168 2065 scriptum
1192 1990 1237 2043 cst

87 2081 273 2146 ostenditur:
298 2087 428 2144 Homrirer
441 2094 471 2143 et
483 2088 604 2144 iumenta
619 2084 756 2156 scloobz‘s,
782 2087 898 2144 dominc.
946 2078 1019 2145 ltem
1035 2103 1074 2144 cx
1090 2103 1143 2145 eo:
1170 2085 1237 2160 Ques
1246 2095 1390 2152 reaumaus.

85 2189 169 2246 dedit
178 2205 260 2246 curuo
274 2186 388 2246 cibum?
408 2195 453 2248 etc
470 2187 550 2246 Puto·
559 2205 704 2246 corvorum
716 2188 755 2245 od
764 2188 902 2246 domenum
917 2187 1040 2246 rinmunt
1051 2186 1128 2246 eibos
1137 2197 1236 2265 postu·
1249 2165 1344 2276 ¹221?
1357 2165 1377 2208 δ’

87 2290 200 2361 tantem·
225 2297 271 2350 ete
295 2288 383 2350 Dabis
397 2299 578 2368 opportunam
592 2307 682 2348 escam
698 2288 832 2348 ornnr'bm.
878 2283 984 2371 Neque
999 2305 1070 2349 vero
1087 2284 1191 2348 bovum
1207 2285 1236 2348 in
1251 2285 1334 2394 ξιξ·

90 2387 261 2452 obterendis
279 2388 408 2474 frugibus
423 2387 565 2472 obstringi
580 2387 715 2474 capistris
731 2409 781 2451 ora
796 2387 966 2474 simpliciter
977 2388 1121 2473 probibet.
1154 2387 1237 2452 Alio·
1251 2403 1296 2460 tu,
1309 2402 1340 2448 rs

88 2491 140 2573 qui
156 2490 240 2554 deum
255 2491 379 2555 conditis
394 2511 410 2554 a
426 2511 459 2554 se
472 2489 665 2554 animantibus
680 2488 821 2576 praebere
836 2489 970 2554 alimenta
986 2511 1043 2552 oon
1059 2510 1144 2576 posse
1159 2511 1240 2554 mon·

87 2603 216 2670 straret,
250 2613 344 2676 neque
361 2593 446 2656 aliter
464 2615 548 2678 quam
568 2613 622 2678 ope
640 2593 785 2655 bominum
804 2603 833 2655 et
850 2591 959 2654 auxilio
978 2611 1114 2676 pecorum
1133 2589 1237 2676 pabulo

89 2695 258 2778 providere.
295 2691 353 2758 Sed
369 2695 436 2760 illud
453 2696 601 2782 apostolus
616 2694 755 2772 desierat,
776 2714 833 2757 uon
850 2693 1023 2757 cibariorum
1038 2693 1136 2780 inopia
1151 2693 1236 2756 deum

88 2795 185 2860 bubus
207 2796 326 2861 triturae
351 2807 480 2883 tempore
503 2797 664 2862 consultum
689 2796 817 2860 voluisse
841 2805 926 2881 atque
949 2794 1069 2878 obligari
1094 2797 1236 2875 vetuisse,

89 2919 194 2961 verum
217 2899 271 2962 boo
293 2900 425 2984 aenigma
448 2911 538 2964 totum
561 2899 595 2962 ad
615 2899 762 2985 apostolos
781 2898 901 2983 quadam
921 2897 1087 2962 habitudine
1107 2899 1237 2960 releren-

91 2999 172 3064 dum.
216 3002 259 3064 At
274 3022 346 3065 vero
361 3001 457 3065 inlima
470 3003 579 3081 omnia,
604 3021 679 3086 quae
694 3021 783 3065 sensu
799 3000 906 3086 percipi
922 3010 1060 3085 possunt,
1084 3000 1156 3062 deus
1172 3020 1238 3084 pro-

89 3102 220 3167 videntia
244 3125 297 3168 sua
320 3105 537 3190 complectitur,
567 3116 596 3168 ct
618 3104 822 3168 universorum
848 3123 946 3166 curam
973 3101 1083 3187 pariter
1104 3102 1236 3184 suscipit.

90 3201 162 3268 Nou
178 3206 253 3269 enim
270 3206 408 3270 salvatori
422 3206 568 3270 contraria
586 3206 703 3292 scripsit
718 3205 878 3290 apostolus,
903 3215 933 3268 ut
949 3204 1023 3268 banc
1038 3203 1092 3267 sibi
1110 3204 1239 3288 plerique

91 3307 294 3372 excusationis
312 3309 451 3372 latebram
471 3320 623 3394 quaerant.
669 3307 785 3372 Etenim
806 3306 892 3391 louge
910 3305 1001 3370 bubus
1019 3306 1147 3370 minores
1169 3315 1238 3370 sont

91 3430 246 3493 passeres,
279 3409 313 3472 de
337 3409 439 3494 quibus
461 3433 477 3473 a
500 3412 648 3477 salvatore
673 3411 778 3473 dictum
801 3420 864 3473 ests
897 3413 1023 3490 Quinque
1040 3431 1169 3489 passeres
1192 3423 1377 3479 occaecat.

93 3525 181 3574 neunt
197 3517 345 3594 despondeo.
392 3511 432 3574 Et
457 3533 589 3577 rursum=
620 3517 721 3575 Nonne
740 3516 795 3574 duo
813 3535 942 3593 posceres
962 3533 1025 3574 csse
1046 3524 1178 3587 veneunt,
1210 3525 1239 3574 et
1251 3525 1334 3624 Ἠ,

93 3635 165 3676 unus
186 3637 223 3676 ea
237 3619 305 3697 apres
323 3637 378 3676 aon
392 3619 472 3676 rodet
493 3621 522 3677 ia
540 3621 666 3697 laqueum
680 3619 741 3676 siae
750 3627 835 3696 putre
850 3625 942 3676 vestm
964 3619 1015 3696 qui
1027 3619 1055 3676 in
1072 3617 1157 3676 coelas
1173 3622 1238 3678 est?
1281 3609 1289 3633 ’
1327 3603 1335 3619 ⁶

93 3711 144 3780 Sic
157 3716 247 3800 igitur
262 3717 397 3781 universa
413 3717 484 3781 deos
500 3718 679 3803 providentia
694 3737 746 3781 soa
762 3717 914 3801 gubernat.
945 3714 1030 3799 Quas
1045 3737 1116 3781 vero
1128 3718 1238 3780 maiora

93 3829 176 3898 suut,
206 3819 308 3883 altiore
325 3819 444 3904 quadam
460 3841 530 3884 cura
548 3830 576 3884 et
592 3819 733 3905 spiritali,
764 3840 838 3904 quac
855 3819 968 3883 illorum
986 3830 1117 3883 naturam
1134 3840 1238 3883 eonse-

94 3921 207 4003 quitur,
238 3919 431 3984 administrat.
479 3919 715 3986 concludendum
738 3920 827 4006 igitur
849 3931 894 3985 est
916 3922 1038 3984 eundem
1057 3921 1237 3985 conditorem

96 4031 122 4083 et
144 4021 275 4108 opificem
295 4043 329 4086 ac
351 4022 546 4107 legislatorem
569 4045 636 4088 esse
659 4025 768 4089 veteris
791 4044 824 4088 ac
846 4024 914 4089 novi
937 4023 1121 4104 testamenti,
1152 4024 1238 4089 deum

95 4121 217 4204 bouum,
244 4136 274 4188 et
293 4124 418 4204 iustum,
444 4127 703 4212 uniuersorumque
726 4125 884 4192 dominum.

124 4277 165 4330 tt.
181 4279 247 4329 Libri
269 4279 351 4329 babent
373 4275 597 4348 ἔπικουρουμένους.
615 4309 646 4319 -
713 4277 755 4334 24.
774 4283 848 4332 Verba
870 4279 905 4334 El
926 4269 968 4334 cuis
985 4277 1032 4336 δύο
1050 4279 1170 4346 στρουθία
1186 4299 1239 4335 rtu-

93 4345 138 4396 Pro
152 4344 267 4415 κτήνεσιν
283 4351 308 4397 in
325 4348 374 4398 eod
390 4349 486 4410 amora.
510 4355 574 4400 estat
595 4347 647 4402 xri·
680 4353 758 4403 λεῖται
775 4343 896 4415 c’coopicu
914 4345 984 4412 bric,
1002 4363 1061 4412 quoe
1078 4352 1240 4402 desiderentur

97 4427 169 4468 cums.
678 4422 704 4470 tn
727 4420 795 4468 editis
815 4424 836 4468 et
858 4421 883 4468 in
903 4419 954 4468 cod.
968 4419 1080 4480 bledda,
1103 4421 1239 4469 scerdotes

125 4481 165 4534 tc.
182 4479 253 4536 scinu
263 4487 369 4546 rerotpst
380 4500 434 4536 cum
442 4486 590 4550 Petooiopro
600 4503 644 4538 xc·
679 4487 881 4538 oeconomiam.
898 4487 1012 4537 lottecnt.

94 4544 125 4604 ct
139 4547 184 4614 rt,
200 4554 263 4618 mcc
278 4554 331 4602 rme
345 4555 450 4606 emnem.
