3018 4994
292 335 353 398 412
711 343 832 396 ειωοτι
851 343 1020 396 mmmm

292 464 447 548 μονοειδές.
489 460 576 528 Ἡδὲ
597 459 732 528 ε’τούτοιν
753 458 839 526 οιίσία
856 460 956 544 διττήν
972 463 1026 546 μέν
1040 487 1105 528 τινα
1120 462 1247 547 δύναμιν
1264 464 1430 552 προήγαγεν,

292 565 381 643 ου’τδς
396 567 427 632 δὲ
439 572 492 631 τοῦ
507 565 672 650 κρείττονάς
685 567 762 629 έστιν
774 562 868 630 είκοίν.
896 567 988 648 Μηδέ
1002 587 1033 630 σε
1046 564 1082 630 τά
1095 574 1150 632 νῦν
1162 574 1250 634 τοῦτο
1261 573 1429 654 θορυβείτο,

292 671 438 736 θέλουσαν
454 676 563 752 μαθεῖν
579 675 644 745 πῶς
660 665 718 732 ἀπδ
734 673 804 748 μιᾶς
818 664 909 752 ἀρχῆς
923 674 983 734 τῶν
996 667 1073 735 ὅλων
1085 668 1175 752 οίίσης
1194 673 1267 736 οιιοιί
1283 670 1430 758 ίμολογον

292 775 379 857 μένης
400 769 471 855 ήμῖν
492 773 543 836 καλ
560 771 803 852 πεπιστευμένης,
838 776 933 853 10τῆς
951 768 1113 856 ἀγεννήτου
1135 777 1185 839 καί
1207 771 1370 859 ἀφθάρτου
1391 775 1429 840 καί

293 873 417 961 ἀγαθῆς,
439 876 618 956 συνέστησαν
632 874 682 937 καί
697 863 783 937 αὗται
797 875 829 936 αἱ
841 871 955 953 φάσεις,
978 873 999 956 ῆ
1015 899 1043 939 τι
1059 882 1111 957 τῆς
1126 884 1249 958 φθορᾶς
1262 879 1314 943 κοιλ
1327 885 1380 960 τῆς
1391 902 1430 959 με·

292 979 423 1062 σότητος,
452 985 459 1022 ¹
472 974 685 1059 ιἀνομοοάσιοι
699 967 785 1040 αὗται
799 982 996 1053 καθεστῶσαι,
1018 985 1070 1042 τοῦ
1085 975 1203 1065 ἀγαθοῦ
1217 977 1310 1060 φήσιν
1324 981 1430 1063 ἔχοντος

291 1079 326 1146 τά
343 1080 432 1164 ὅμοια
452 1081 603 1146 ηἑαυτοῦ
625 1079 675 1144 καί
690 1075 833 1160 δμοοιίσια
850 1085 953 1163 γεννῶν
974 1105 1003 1144 τε
1020 1083 1070 1146 καὶ
1087 1083 1254 1166 προφέρειν.
1300 1081 1428 1168 Μαθήσρ

290 1182 362 1270 γάρ,
393 1188 467 1248 θεοῦ
489 1180 638 1259 διδόντος,
668 1181 735 1262 ἑξῆς
755 1181 805 1244 καί
824 1178 877 1263 τήν
899 1180 1048 1248 Η’τούτου
1068 1181 1160 1268 ἀρχήν
1177 1211 1207 1249 τε
1225 1186 1276 1250 καί
1296 1185 1428 1269 γέννησιν,

203 1341 209 1354 ,
290 1284 447 1368 ἀξιουμένη
464 1291 517 1368 τῆς
532 1280 727 1366 άποστολικῆς
742 1281 942 1366 παραδόσεως,
967 1283 1002 1366 ῆν
1016 1288 1048 1352 έιι
1063 1290 1204 1370 διαδοχῆς
1220 1289 1269 1352 καί
1286 1284 1370 1370 ήμεῖς
1382 1313 1427 1350 πτ·

289 1387 474 1473 ρειλήφαμεν,
497 1385 609 1470 14μετά
623 1393 729 1470 καιροῦ
741 1389 893 1452 κανονίσαι
907 1385 1018 1462 πάντας
1030 1385 1101 1464 τοιίς
1110 1388 1215 1474 λόγους
1226 1397 1264 1478 τῆ
1276 1395 1330 1454 τοῦ
1347 1395 1429 1452 Ησο-

288 1499 378 1578 τῆρος
392 1493 572 1576 διδασκαλίην.
620 1486 719 1554 Ταῦτά
732 1509 790 1565 σοι,
808 1480 833 1554 ἀ
848 1486 959 1572 ἀδελφή
973 1515 1031 1571 μου
1048 1488 1168 1577 Φλῶρα,
1190 1489 1228 1556 δι’
1243 1489 1347 1576 ἀλέγων
1362 1493 1426 1574 είρη·

290 1595 361 1678 μένα
380 1591 437 1659 οείκ
458 1589 645 1674 Νήτίνηυα,
681 1592 776 1656 17καί
791 1588 866 1656 κατά
884 1598 936 1674 τῆς
956 1597 1114 1675 συντομίας
1134 1595 1321 1677 προέγραψα.
1353 1592 1428 1674 ’Ἅμα

289 1697 341 1778 μὲν
356 1692 388 1760 w*
403 1699 597 1779 προκείμενον
612 1692 808 1780 ἀποχρῶντος
823 1697 976 1777 ἐξέφηναν·
987 1695 1006 1758 ἀ
1018 1697 1069 1759 καλ
1083 1698 1124 1772 είς
1139 1693 1174 1760 τά
1189 1697 1257 1778 ἑξῆς
1268 1695 1306 1762 τά
1319 1693 1429 1782 μέγιστά

289 1819 335 1864 σοι
353 1805 555 1886 συμβαλεῖται,
582 1796 635 1864 ἐάν
656 1823 687 1882 γε
710 1795 751 1874 ῶς
771 1795 846 1880 καλή
868 1805 904 1882 γῆ
926 1799 975 1862 καί
999 1794 1099 1883 ἀγαθή
1115 1803 1245 1884 γονίμων
1262 1797 1428 1884 σπερμάτων

288 1909 415 1984 τυχοῦσα
442 1898 536 1967 ητάν
558 1898 594 1966 δι’
616 1899 713 1966 αὐτῶν
733 1897 849 1986 καρπδν
871 1897 1032 1990 ἀναδείξης.

420 2036 692 2094 ΠΕΠΔΗΡΩΝΤΑΙ
709 2038 753 2092 ΤΔ
772 2038 1011 2093 ΠΤΟΛΕΜΑΙΟΥ
1027 2039 1127 2094 ΠΡΟΣ
1145 2036 1303 2094 ΦΔΩΡΔΝ.

152 2423 219 2492 Καρ.
237 2419 269 2492 η’.
376 2416 426 2488 Τίς
447 2413 479 2478 δέ
495 2411 607 2478 τούτων
629 2418 687 2476 τῶν
704 2408 844 2496 βημάτων
865 2413 916 2476 καί
932 2418 985 2494 τῆς
1000 2419 1054 2478 τοῦ
1073 2411 1179 2496 γόητος
1193 2409 1304 2478 τοιίτου
1318 2413 1367 2476 καί
1381 2416 1428 2490 τῆς

288 2519 347 2578 τῶν
362 2511 416 2578 σάν
430 2512 509 2604 αὐτῷ
524 2502 655 2592 ’ἀνέξεται
669 2518 908 2598 φρενοβλαβείας,
934 2518 1118 2597 Πτολεμαίου
1133 2540 1174 2592 τε,
1197 2517 1287 2598 φημί,
1309 2514 1357 2579 καί
1375 2519 1426 2576 τῶν

287 2613 360 2699 ἀμφ’
382 2613 473 2683 αιίτδν
494 2619 535 2693 είς
554 2623 697 2682 τοσοῦτον
715 2615 875 2682 κυκῶντων
890 2617 939 2681 καί
959 2615 1140 2682 καττυδντων
1157 2614 1327 2698 πλάσματα;
1361 2611 1427 2680 Οῶτε

287 2716 343 2804 γάρ
359 2725 419 2784 τῶν
434 2725 567 2784 παλαιῶν
579 2722 810 2807 τραγῳδοποιῶν
825 2745 883 2797 τις,
906 2716 973 2784 οὔτε
987 2722 1019 2784 σί
1029 2724 1159 2800 καθεξῆς
1172 2721 1293 2801 μιμηλοί
1307 2716 1359 2784 τάν
1371 2713 1427 2799 τρί·

287 2847 354 2899 πον,
378 2823 410 2886 οἱ
421 2824 489 2905 περί
506 2825 681 2886 Φιλιστίωνα
695 2822 779 2906 λέγω,
795 2823 846 2885 καὶ
863 2823 998 2905 Διογένη,
1019 2819 1071 2886 τάν
1082 2819 1256 2885 τά”Απιστα
1270 2819 1426 2906 γράιραντο,

288 2922 308 3005 ῆ
322 2927 354 2988 οἱ
367 2921 445 2988 ἀλλοι
463 2921 584 3002 πάντες,
615 2925 646 2988 σί
658 2920 728 3000 τοδς
744 2921 862 3004 μύθους
878 2919 1113 3008 ἀναγεγραφότος
1127 2924 1178 2988 καί
1193 2921 1425 3010 βαψριδήσαιτες,

167 3053 217 3099 ρας.
230 3044 274 3090 ιιι
288 3032 428 3091 τοσοῦτον
442 3028 556 3104 ψεῦδος
569 3022 764 3108 ἠδυνήθησαν
777 3027 953 3104 ἔκτυπῶσαι,
969 3023 1010 3101 ῶς
1021 3017 1104 3090 οὗτοι
1114 3030 1266 3108 τολμηρῶς
1279 3021 1427 3108 φερόμενοι

287 3125 361 3192 κατά
379 3135 431 3209 τῆς
447 3129 559 3193 ἑαυτῶν
577 3133 651 3210 ζωῆς
669 3125 750 3192 δεινά
766 3129 883 3203 ἑαυτοῖς
898 3126 1113 3192 κατεσκεύασαν
1119 3177 1128 3206 ,
1156 3128 1207 3192 καί
1223 3124 1277 3192 τάν
1294 3134 1364 3192 νοῦν
1376 3129 1427 3186 τῶν

288 3231 473 3312 πειθομένων
486 3227 587 3305 αὐτοῖς
599 3226 771 3313 ἀνθρώπων
781 3231 822 3304 είς
833 3227 934 3313 μωράς
943 3227 1073 3312 ζητήσεις
1083 3229 1266 3314 περιέβαλον,
1279 3231 1332 3294 παλ
1343 3249 1427 3314 γενεα-

288 3335 387 3416 λογίας
402 3327 600 3416 ἀπεράντους,
623 3329 707 3396 αάιοί
724 3329 760 3396 τά
776 3333 807 3397 έν
820 3334 901 3416 χερσὶ
914 3329 954 3414 μή
971 3330 1174 3414 ἐπιστάμενοι,
1195 3332 1246 3395 καί
1262 3328 1298 3395 τά
1313 3325 1426 3412 ἐπουρά-

287 3461 335 3499 νια
352 3431 591 3519 ἐπαγγελλόμενοι
607 3435 723 3518 μέτροις
739 3434 814 3499 τισίν
830 3430 995 3517 δροθετεῖν,
1026 3437 1077 3498 καί
1092 3459 1180 3498 τινων
1198 3439 1364 3515 μοιωτιιιῶν
1379 3455 1427 3510 μη-

289 3541 367 3620 τρῶν
390 3533 431 3612 ῶς
453 3538 653 3619 ἐπουρανίων,
688 3543 770 3601 1τῶν
787 3534 844 3602 οάκ
862 3533 961 3603 οάσῶν
980 3533 1021 3612 ῶς
1039 3533 1249 3620 ἀπαρχουσῶν,
1281 3530 1428 3613 ἐπιστήμας

288 3635 504 3721 ἀναδεχόμενον.
546 3635 689 3713 Ἀκούσας
705 3640 738 3702 δέ
755 3664 799 3714 τις
816 3637 896 3722 παρά
913 3637 1040 3717 τούτων,
1071 3640 1098 3702 εί
1111 3638 1165 3719 μέν
1180 3645 1240 3702 τῶν
1257 3631 1424 3721 ἀφρονεστά-

287 3766 345 3806 των
360 3743 422 3822 είη,
449 3747 489 3828 τῷ
505 3738 610 3820 ψεύδει
630 3743 781 3822 2νομίζων
796 3765 824 3805 τι
840 3737 913 3825 παρ’”
923 3738 1025 3815 αὐτοῖς
1039 3736 1193 3823 μετάρσιον
1210 3741 1363 3824 ἐγνωκέναι
1377 3739 1423 3823 (59-

288 3847 359 3918 δίως
378 3839 594 3924 δποχθήσεται·
625 3840 687 3920 ὅτι,
720 3847 787 3906 Πᾶν
807 3839 908 3926 ὄρνεον
930 3840 1004 3906 κατά
1026 3843 1110 3926 γένος
1127 3839 1297 3927 συνάγεται,
1327 3842 1372 3905 καί
1392 3843 1426 3924 τῷ

288 3941 380 4036 δμοίρο
403 3943 615 4026 κολληθήσεται
637 3941 728 4026 ἀνήρ,
758 3945 848 4026 φησίν
869 3941 888 4027 ή
909 3944 1019 4029 γραφή.
1065 3945 1107 4008 Et
1126 3944 1160 4008 δέ
1176 3969 1222 4018 τις
1238 3943 1319 4026 τύχοι
1336 3937 1426 4012 τάτοῖλ

288 4053 347 4112 τῶν
360 4052 488 4111 συνετῶν
502 4047 553 4110 καί
566 4044 618 4111 τάν
631 4043 750 4132 τίίλογον
759 4045 898 4130 λογισμῶν
910 4048 1103 4128 κεκτημένων,
1121 4043 1308 4130 καταγελάσει
1321 4043 1368 4126 μέν
1379 4047 1426 4121 τῆς

323 4185 347 4236 8.
367 4187 423 4236 cod.
440 4187 517 4236 venet.
534 4181 630 4238 τούτου.
917 4185 954 4236 1‘2.
971 4183 1001 4238 δὲ
1018 4181 1088 4255 οαίτηῑ
1111 4187 1162 4236 cod.
1180 4187 1253 4234 Υοιίι.
1288 4181 1363 4250 ἐαυτῷ
1380 4180 1425 4230 οοελ

321 4250 345 4304 9.
365 4256 421 4304 Cod.
439 4256 513 4304 λἰοιι.
531 4270 559 4306 τι
575 4251 627 4304 καὶ.
881 4257 955 4304 λἰοιλ.

325 4321 362 4371 10.
380 4324 415 4370 lta
429 4324 546 4384 Ριιονλοι,
561 4323 662 4372 θτοολοι
675 4324 761 4385 aliique
774 4325 845 4373 εδλλο-
916 4321 953 4372 13.
969 4318 1064 4375 τούτων
1079 4324 1167 4384 placuit
1185 4323 1304 4370 Slierem'n.

288 4402 331 4438 m.
365 4389 430 4437 λίθοι·
447 4391 530 4438 habent
545 4388 598 4442 τοῦ.
915 4389 952 4442 14.
971 4389 1034 4455 μετδ
1045 4389 1132 4453 καιροῦ
1142 4404 1195 4438 οπο
1205 4395 1236 4438 εει
1244 4387 1374 4438 emendatio.
1390 4385 1424 4433 Li·

325 4454 362 4505 11.
379 4457 415 4506 λλο
429 4457 496 4506 codd.
513 4459 586 4507 λὀλίο.
603 4458 678 4508 λέοιλ.
712 4459 756 4508 Εδ.
769 4462 844 4522 princ.
878 4461 914 4508 bri
930 4460 1013 4509 λοοιιιλ
1030 4455 1093 4525 μετά
1110 4453 1154 4508 καὶ
1170 4455 1222 4510 τοῦ.

288 4530 310 4574 ιλ
326 4525 380 4574 εον.
396 4525 477 4573 Ρελον.
495 4525 578 4574 nauem
592 4518 759 4591 ἀνομοοίοιαι.
915 4528 956 4645 113.t
973 4529 1028 4577 cod.
1046 4529 1119 4576 νεπελ.
1138 4523 1252 4592 σωτῆρος
1272 4515 1341 4588 ήμῶν
1361 4521 1424 4572 &6⁵-

881 4607 931 4646 οκο
957 4609 974 4662 η
