3036 4998
258 305 320 369 300
673 315 793 368 εκασσι
810 315 979 368 κείνοισιν

259 435 309 500 καλ
329 433 400 500 καθ’
418 431 530 518 ἡμέραν
549 433 782 518 προςφερομέιη.
828 429 873 497 Οτέ
890 431 984 516 μόνον
1002 433 1035 499 δέ
1051 430 1137 500 αάτολ
1155 431 1357 519 προεφήτενσν
1372 436 1401 499 ολ

259 539 345 622 ίερεῖς
357 535 544 620 λυθήσεσθαι
558 533 589 601 τά
609 533 773 617 σάββατον,
804 531 855 600 διά
870 542 926 601 τοῦ
942 534 982 619 μή
1000 533 1115 622 άργεῖν,
1143 533 1214 602 άλλά
1228 538 1280 602 καί
1296 531 1399 618 σάτήή

132 671 183 718 μσς.
201 661 244 706 ιιι.
258 638 400 724 περιτομή
416 641 481 705 έλυε
498 637 531 704 τά
549 636 706 720 σάββατον.
750 639 940 720 Γεννοιμένου
959 639 992 704 δὲ
1006 637 1115 716 παιδὸς
1132 637 1272 714 πολλάκις
1286 641 1318 706 ἐν
1333 641 1399 720 σαβ-

258 739 338 830 βάτῳ
354 737 502 827 άναίρεσις
519 742 694 829 8σαββάτου
710 737 759 806 διά
772 748 929 824 περιτομῆς
944 743 1058 828 ἐγίνετο.
1102 741 1188 806 Οὕτω
1201 749 1265 817 ταῖς
1278 738 1400 824 άμφοτέ·

259 870 325 931 ραις
340 841 360 927 ή
374 842 458 921 λύσις
475 847 712 929 προεθεσπίζετο.
755 846 912 908 Δείκνυται
925 841 980 929 γάρ
996 843 1042 910 ὅτι
1056 845 1088 909 ολ
1100 845 1318 928 περιτέμνοντες
1331 840 1399 907 αάτὸ

258 945 290 1012 τά
305 947 446 1031 γεννηθέν
459 947 492 1012 ἐν
506 944 659 1034 σαββάτῳ,
682 941 733 1010 ἐάν
745 943 910 1028 θελήσωσιν
924 942 1214 1031 άκριβολογήσασθαι
1227 944 1281 1029 τήν
1294 942 1401 1031 σ’γδόην

257 1045 386 1134 ήμέραν,
409 1044 590 1134 εὑρίσκοντες
605 1050 806 1129 ἐμπίπτουσαν
821 1049 853 1112 ἐν
867 1047 1019 1138 σαββάτῳ,
1041 1050 1091 1114 καί
1104 1046 1305 1133 περιτεμάντες
1319 1049 1401 1133 έργον

257 1149 444 1237 εἰργάσαντο,
473 1152 525 1215 καὶ
547 1148 580 1216 τά
602 1149 752 1232 σάββατον
772 1152 891 1216 ἔλυσαν·
922 1148 974 1216 ἐάν
992 1151 1024 1216 δέ
1042 1147 1234 1238 άπέρθοινται
1248 1148 1299 1216 διά
1315 1149 1348 1215 τά
1363 1146 1401 1231 μή

255 1261 342 1319 λῦσαι
363 1252 395 1320 τά
419 1251 583 1335 σάββατον,
613 1250 701 1342 ἐνάτη
725 1250 830 1318 λοιπάν
849 1254 1052 1338 περιτέμνουσι
1072 1252 1127 1336 τήν
1150 1251 1327 1340 περιτομήν,
1353 1252 1401 1316 ιιαλ

257 1359 362 1422 έλυσαν
377 1355 431 1440 τήν
447 1353 617 1441 περιτομήν,
640 1355 690 1420 καί
703 1353 755 1420 τὸν
770 1355 837 1440 περί
851 1351 942 1439 αὐτῆς
962 1363 1021 1422 τοῖν
1042 1352 1120 1422 dmi
1136 1353 1252 1440 ήμεροῖν
1266 1353 1339 1440 ὅρον
1350 1358 1400 1418 τοῦ

257 1457 484 1545 προςτάγματος.

122 1583 190 1652 Κεφ,
208 1581 255 1654 λγ,
340 1559 424 1626 Ἀλλά
441 1557 508 1626 οὔτε
528 1551 563 1642 ήν
577 1563 669 1625 τελεία
685 1556 706 1642 ή
721 1558 823 1644 πράτη
840 1558 993 1645 περιτομή,
1014 1557 1085 1626 άλλά
1102 1563 1224 1643 σημείου
1241 1557 1326 1644 χάριν
1340 1554 1399 1624 ἐδό-

255 1673 315 1747 θη,
337 1666 380 1739 είς
392 1688 423 1728 τε
439 1659 606 1745 ὑπόμνησιν
622 1660 719 1728 αὐτῶν
744 1659 815 1745 μετά
834 1669 942 1743 ταῦτα,
964 1663 1016 1728 καλ
1035 1661 1084 1728 διά
1107 1659 1160 1728 τάν
1174 1659 1334 1746 δισταγμάν
1350 1665 1400 1725 τοῦ

260 1763 432 1854 ιἈβραάμ,
455 1761 495 1840 τίς
508 1767 689 1850 προείρηται,
710 1767 949 1848 ἐπιτιμηθέντας·
972 1767 1022 1831 καλ
1038 1764 1134 1832 τύπου
1151 1767 1236 1831 ένεκα
1251 1770 1303 1846 τῆς
1316 1760 1399 1849 μεγά·

256 1877 309 1950 λης
333 1875 387 1951 τῆς
406 1866 442 1932 τά
466 1865 564 1932 πάντα
589 1865 652 1933 κατ’
677 1865 796 1950 ίσότητα
816 1865 984 1951 πληροάσης
1008 1869 1040 1933 έν
1067 1877 1130 1944 τοῖς
1155 1867 1400 1949 καταξιουμένοις.

255 1969 366 2052 Ἐκείνη
386 1970 437 2051 μέν
453 1966 509 2054 γάρ
526 1971 554 2034 εί
575 1961 613 2052 ἦν
629 1967 759 2055 άγιστίας
774 1971 873 2048 ἕνεκα,
895 1971 947 2034 καί
962 1973 1157 2056 κληρονομίας
1171 1967 1308 2055 οάρανοῖν
1323 1972 1402 2052 βασι·

255 2075 332 2149 λείας
354 2069 454 2155 χάριν,
483 2069 542 2155 άρα
558 2072 706 2157 έστέρητσι
721 2071 824 2158 Σάρρα
843 2078 895 2154 τῆς
917 2076 1078 2155 βασιλείας,
1105 2075 1155 2138 καλ
1176 2070 1327 2155 Ῥεβέκκα,
1352 2071 1401 2135 καλ

256 2179 332 2254 Λέα,
353 2175 404 2239 καὶ
420 2170 538 2256 Ῥαχήλ,
559 2175 611 2240 καί
627 2172 783 2258 Ἰωχαβέθ,
804 2177 855 2239 καλ
872 2177 978 2259 Μαρία
997 2172 1018 2257 ή
1034 2173 1146 2257 άδελφή
1162 2176 1332 2253 Μοιϋσέοις,
1353 2175 1400 2238 τισί

255 2283 348 2342 πᾶσαι
371 2279 404 2340 αλ
427 2275 507 2360 άγιαι
529 2285 681 2361 γυναῖκες,
711 2278 762 2342 καί
787 2273 824 2342 οιί
845 2275 1023 2360 δυνήσονται
1046 2285 1236 2362 κληρονομεῖν
1258 2281 1401 2360 βασιλείαν

256 2377 408 2464 οάρανοῖν,
431 2375 471 2460 μή
489 2381 665 2460 δυνηθεῖσαι
679 2376 732 2463 τήν
747 2377 908 2463 περιτομήν
923 2387 977 2445 τοῦ
998 2377 1132 2465 Ἀβραάμ
1153 2381 1244 2463 ἔχειν,
1273 2377 1312 2461 ἣν
1331 2375 1401 2454 θεάς

256 2479 336 2570 αὐτῷ
354 2479 531 2564 δεδώρηται,
552 2481 627 2548 κατά
640 2479 693 2547 τάν
710 2480 825 2548 τούτων
839 2481 935 2567 λόγον.
979 2485 1021 2546 Εἰ
1039 2483 1071 2548 δέ
1091 2480 1147 2548 ουίι
1168 2484 1335 2568 ἐστέρηνται
1350 2472 1399 2545 αὖ·

255 2611 301 2648 ται
318 2591 370 2666 τῆς
389 2587 535 2666 βασιλείας
555 2590 615 2650 τοῖν
632 2583 785 2671 ου’ρανῶν,
816 2589 866 2650 καί
889 2611 934 2650 τοι
955 2582 993 2651 σά
1013 2593 1214 2668 μετεσχηκυῖαι
1233 2590 1398 2669 περιτομῆς,

256 2683 342 2752 οὐδέν
363 2681 421 2770 άρα
441 2685 531 2768 ίσχάει
551 2683 572 2769 ή
594 2695 649 2752 νῦν
671 2691 811 2772 ένσαρκος
835 2687 986 2774 περιτομή.
1036 2691 1070 2754 Τί
1084 2689 1116 2753 δέ
1131 2694 1273 2770 καυχᾶσαι
1297 2685 1398 2771 Ἐβίον

255 2786 431 2874 περιτομήν,
461 2785 550 2854 ὁπότε
573 2791 624 2856 καλ
652 2793 684 2854 οῖ
707 2788 913 2876 εἰδωλολάτραι
938 2791 990 2856 καί
1017 2793 1139 2877 ’μιαροὶ
1164 2795 1251 2875 ἱερεῖς
1272 2797 1332 2856 τοῖν
1347 2791 1399 2852 Αί-

255 2895 387 2976 γνπτίαν
404 2889 566 2974 περιτομήν
584 2893 708 2974 έχουσιν.
750 2889 834 2958 Ἀλλά
856 2895 906 2958 καλ
922 2897 955 2958 οῖ
969 2894 1158 2978 Σαρακηνολ,
1180 2899 1212 2958 οἳ
1226 2894 1277 2958 καλ
1289 2891 1398 2975 Ἰσμαη-

254 3002 345 3072 λῖται,
367 2990 528 3078 περιτομήν
550 2995 662 3077 έχουσι,
691 2996 743 3061 καί
764 3003 960 3080 Σαμαρεῖται,
990 2999 1041 3062 καῖ
1056 2994 1208 3075 Ἰουδαῖοι,
1239 2996 1291 3060 καί
1311 2991 1396 3060 Ἰδου-

255 3105 354 3180 μαῖοι,
384 3098 435 3162 καί
457 3092 618 3181 Ὁμηρῖται.
675 3096 794 3164 Τοάτοιν
817 3098 849 3162 δέ
872 3101 903 3163 οί
924 3101 1042 3176 πλείους
1066 3095 1102 3164 οά
1127 3095 1176 3163 διά
1198 3095 1291 3182 νόμον
1314 3103 1398 3164 τοῦτο

252 3206 405 3279 ποιοῦσιν,
427 3195 498 3262 άλλά
519 3196 614 3288 άλόγῳ
636 3202 693 3265 τινλ
715 3202 867 3289 σννηθείᾳ.

341 3508 402 3571 Καὶ
419 3502 519 3582 άπλοῖς
534 3503 626 3572 πολτλν
651 3504 755 3591 χρόνον
777 3503 918 3573 άναλοίσω
936 3506 1185 3594 κατατριβέμενος
1206 3510 1248 3583 είς
1264 3505 1318 3591 τήν
1333 3504 1399 3572 τού·

254 3634 308 3675 του
325 3611 490 3698 ληρῳδίαν,
519 3607 568 3674 διά
588 3607 621 3674 τά
641 3610 844 3694 ἐπερείδισθαι
862 3607 953 3675 αάτὸν
974 3609 1068 3694 μάτην
1090 3617 1131 3700 τῷ
1150 3603 1269 3700 βητρῖιβ
1288 3614 1403 3696 εῖρηκεν

254 3708 272 3776 ὁ
289 3709 402 3796 σωτήρ,
431 3710 554 3796 άριιετάν
572 3719 612 3799 τῷ
628 3719 749 3801 μαθητῇ
766 3709 841 3777 εἶναι
859 3709 900 3788 τάς
918 3709 936 3778 o‘
954 3713 1145 3793 διδάσκαλος,
1173 3716 1224 3779 ἰ’να
1244 3715 1294 3779 καλ
1312 3709 1403 3788 ου’τδς

254 3811 430 3896 σεμνύνηται
444 3812 498 3896 τήν
516 3817 593 3879 ἰδίαν
610 3813 785 3899 περιτομήν,
806 3814 857 3880 διά
873 3814 928 3900 τήν
948 3821 1001 3882 τοῦ
1019 3823 1150 3901 Χριστοῦ
1170 3815 1332 3902 περιτομήν
1345 3812 1403 3898 τήν

255 3917 286 3980 ἐν
303 3914 383 4005 αὐτῷ
403 3923 499 3992 καλῶς
516 3925 746 4002 περιτμηθεῖσαν
771 3919 844 3983 ’καῖ
868 3916 904 3983 δι’
927 3916 1019 3985 αὐτοῦ
1041 3927 1265 3985 καταλυθεῖσαν.
1298 3917 1405 4000 ’Ὅμως

254 4016 355 4101 ἐπειδὴ
380 4017 514 4102 βοάλεται
532 4016 551 4084 o‘
568 4016 722 4102 κτηνοάδης
738 4017 789 4085 διά
807 4018 863 4104 τήν
882 4019 957 4106 πράς
971 4019 1024 4088 τάν
1041 4019 1171 4106 Χριστὸν
1191 4025 1311 4105 μίμησιν
1329 4027 1405 4104 λαμ-

255 4118 356 4204 βάνειν
374 4129 479 4188 τοῦτον
493 4119 546 4188 τάν
561 4119 663 4208 λόγον,
687 4119 743 4187 οάιι
759 4120 876 4206 ὀκνήσω
889 4127 981 4201 δεῖξαι
995 4123 1042 4190 ὅτι
1057 4121 1095 4190 σά
1109 4123 1159 4190 διά
1173 4131 1262 4190 τοῦτο
1280 4127 1404 4208 εἴρηται.

135 4247 185 4294 Μ·
200 4235 244 4279 ¹⁰¹·
260 4219 369 4299 Εάθιλς
385 4221 440 4309 γάρ
456 4223 560 4310 φράζει
575 4220 593 4289 ά
607 4222 712 4310 κάριος
726 4226 817 4311 λέγων
838 4224 883 4291 ὅτι
906 4223 943 4292 οὐ
964 4223 1014 4292 διά
1035 4233 1121 4292 τοῦτο
1140 4222 1235 4306 εἶπεν,
1258 4223 1327 4290 άλλά
1350 4225 1406 4290 διά

254 4322 323 4402 τοιίς
339 4325 498 4410 διοιγμοάς,
520 4325 639 4410 καλιήν
654 4332 713 4392 τῶν
724 4325 875 4394 Ἰουδαίων
893 4331 933 4405 είς
948 4325 1039 4395 σάτάν
1052 4333 1219 4415 παροινίαν,
1233 4331 1284 4394 καί
1297 4351 1406 4410 φησιν,

252 4479 319 4601 ΜΘ.
338 4478 464 4552 σαββάτου
478 4483 522 4539 καλ
542 4486 681 4552 περιτομῆς
698 4487 748 4537 cod.
763 4489 810 4538 Va·
844 4485 1081 4608 ωὲιγχέἳλλῖλλῖ.
1103 4513 1138 4525 -
1169 4485 1191 4538 λ.
1208 4482 1280 4556 δηίαυ
1294 4481 1408 4556 α’βραδμ
