2984 4996
355 301 490 353 sensuri
506 301 570 354 mu
583 303 602 355 1.
620 302 700 354 rom
712 303 756 352 ιιι.
775 301 872 354 uiue.
886 301 967 350 xurr.
1176 289 1235 352 671

81 435 130 482 ex
146 415 204 482 illis
219 417 290 504 ipsis
305 419 450 504 evangelii
464 420 594 506 reliquiis
608 441 681 507 quse
694 421 768 507 opud
785 430 814 485 te
829 417 955 505 scriptus
969 417 1164 505 reperiuntur,
1187 441 1238 484 nc·

79 541 145 603 que
170 521 271 585 iruule
295 531 342 585 tua
365 543 420 588 vos
442 521 648 589 circumveniri
669 523 803 608 quatimur.
1417 585 1420 594 .

175 619 275 687 Sulrol.
294 623 337 688 lll
355 635 384 688 st
398 624 535 690 XXVll.
569 628 708 688 Habentes
729 636 820 688 nutem
838 629 952 686 medem
970 629 1100 705 spe'rr'tmn
1113 628 1191 706 fidei
1209 637 1388 693 encoma.

76 745 140 786 nos
155 729 303 802 minus,
323 737 440 808 prepter
453 732 528 810 quod
540 740 569 790 et
582 732 731 810 loqm'rnm'.
777 724 835 791 Ubi
850 747 939 790 voces
952 726 1017 790 illus
1032 727 1166 792 sustulit:
1190 732 1237 790 Si-

78 839 140 888 ent
157 833 293 910 serentum
314 841 366 892 est.

174 928 275 994 lielct.
291 929 335 994 lll
351 945 380 996 st
398 931 534 998 xxvlt.
570 931 761 1018 Quocumque
778 931 927 996 audaciam
948 942 1024 995 tunm
1042 932 1237 1010 converteris,

78 1031 197 1096 nulum
214 1054 270 1117 quo
286 1044 315 1097 te
330 1035 445 1100 inseres
462 1035 570 1100 editum
588 1035 732 1100 invenies.
779 1032 849 1098 Sive
866 1035 944 1098 enim
956 1033 1009 1104 ‚ille
1026 1033 1133 1114 verbu,
1157 1037 1240 1096 Sicut

76 1140 222 1215 scriplum
243 1149 301 1210 est,
333 1138 450 1215 deleas,
481 1137 714 1202 antecedentium
732 1136 889 1200 verborum
911 1135 974 1221 ipsc
993 1137 1086 1200 series
1104 1147 1234 1221 apparet.

78 1234 162 1300 Post
185 1237 255 1302 haec
277 1239 353 1302 enim
377 1239 484 1317 verbu,
519 1243 635 1302 Cretum·
645 1251 763 1320 propter
781 1243 856 1321 qnod
877 1241 1081 1313 leonensem,
1116 1238 1237 1303 subinde

79 1339 219 1422 aequalia
235 1339 414 1426 subiungens
436 1343 476 1406 eit
495 1341 661 1428 spostolus,
690 1345 830 1404 Habentes
845 1345 959 1404 eunden
973 1345 1102 1422 spr'ritum
1115 1344 1193 1421 fider·
1210 1353 1239 1402 et

78 1463 139 1504 nos
156 1447 309 1518 moduinus,
339 1456 455 1525 propter
472 1449 547 1526 quod
564 1449 713 1526 loqminur.
759 1442 857 1508 Neruo
876 1454 973 1507 autem
995 1443 1062 1506 illud
1081 1444 1235 1527 ignorate

79 1543 199 1628 psalmo
214 1541 335 1624 CXV„
366 1547 411 1610 cui
430 1547 597 1632 inscriptum
615 1556 661 1610 est
676 1551 820 1622 Alleluia,
853 1547 958 1631 quique
976 1547 1005 1609 in
1024 1542 1147 1610 Doridis
1162 1544 1235 1609 libro

79 1646 195 1731 legitur
208 1658 238 1712 et
250 1647 327 1712 iuter
342 1648 405 1713 eius
420 1649 538 1713 oreoule
554 1659 702 1729 oeusetur,
721 1649 812 1713 verbu
826 1649 873 1712 illu
890 1669 957 1712 esse
971 1648 1149 1733 depromptu,
1169 1652 1235 1710 Cre

80 1753 149 1812 mur·
162 1762 215 1812 etc.
261 1748 344 1814 Unde
362 1760 391 1814 et
407 1750 556 1836 spostolus
570 1749 711 1816 eiusmodi
727 1751 903 1816 senleutium
920 1749 1082 1828 transtulit,
1106 1771 1140 1813 ec
1155 1749 1235 1813 simi·

80 1851 156 1915 liter
172 1854 336 1938 expressit:
360 1858 478 1934 Propter·
492 1857 567 1935 quod
579 1859 718 1916 medelum
731 1865 761 1916 et
771 1877 822 1916 nos
834 1867 863 1916 el
876 1857 1030 1934 loqurinur:
1054 1851 1102 1916 ille
1118 1854 1233 1937 inquom

81 1951 210 2032 Paulus,
235 1955 282 2040 qui
299 1977 339 2018 ex
353 1956 550 2040 apostolorum
566 1977 688 2020 numero
703 1977 778 2019 uuus
793 1956 901 2019 extitit.
947 1953 1060 2018 ldciroo
1076 1975 1133 2017 non
1149 1954 1233 2032 dixit,

80 2061 206 2138 hepter
222 2063 297 2139 quod
313 2071 342 2120 et
359 2061 482 2132 credidi,
513 2063 759 2132 cumulassent,
792 2060 860 2136 sed,
893 2061 953 2120 Nos
969 2063 1107 2119 credemus
1118 2069 1236 2138 propter

81 2164 162 2241 quod
176 2172 205 2222 et
223 2163 378 2242 loquimur,
411 2170 442 2222 ut
458 2179 491 2224 se
509 2181 573 2224 cum
593 2159 713 2244 reliquis
728 2160 869 2245 apostolis
887 2160 1089 2245 coniungeret.
1135 2156 1235 2242 Quare

81 2263 128 2326 ite
140 2262 277 2346 scripsit:
302 2263 442 2324 Habentes
456 2267 570 2325 eundem
583 2268 729 2343 epitetum
754 2274 786 2326 ut
801 2263 970 2326 ostenderet
984 2262 1062 2327 illurn
1076 2261 1169 2346 ipsum
1187 2261 1235 2345 qui

81 2383 139 2449 per
151 2361 295 2428 Davidem
312 2364 484 2449 loquebatur
500 2385 552 2450 per
568 2366 717 2451 apostolos
734 2385 848 2449 quoque
863 2363 995 2450 spiritum
1012 2385 1078 2428 esse
1094 2365 1232 2442 locutum,

79 2465 168 2530 ouius
186 2466 234 2530 ille
251 2467 394 2550 quonlam
413 2467 537 2551 impulsu
556 2467 718 2532 vaticinans
736 2466 873 2546 credidit,
907 2478 936 2530 et
951 2468 986 2531 ml
1003 2467 1127 2530 eundem
1144 2465 1235 2551 perti·

81 2579 191 2632 neutss
206 2567 255 2632 isti
273 2570 357 2633 modo
374 2569 497 2634 credunt
513 2589 548 2632 ec
563 2569 729 2653 loquuntur.
778 2566 921 2633 Versetur
936 2579 1032 2633 eutem
1049 2568 1079 2632 in
1097 2569 1151 2632 hoo
1169 2568 1234 2632 loeo

81 2669 266 2754 intelligendi
288 2691 323 2734 eo
344 2670 508 2755 disputandi
529 2691 669 2756 perversu
691 2671 831 2755 quaedam
852 2693 887 2734 uc
910 2672 1020 2734 lunulis
1040 2671 1125 2756 plenu
1144 2669 1232 2734 ratio.

80 2770 165 2836 Nem
188 2793 252 2838 oum
276 2774 426 2857 spostolus
450 2795 536 2836 uuum
562 2773 743 2858 eundemque
765 2772 896 2858 spiritum
922 2793 988 2838 esse
1013 2772 1144 2850 deliniat,
1178 2793 1234 2856 qua

82 2875 183 2938 ironte
205 2895 310 2939 vecors
332 2875 380 2938 illc
399 2872 532 2954 lllsroio,
565 2877 613 2960 qui
636 2875 714 2939 illum
734 2897 902 2960 germanum
926 2874 1049 2960 apostoli
1071 2874 1232 2938 orationem

82 2995 152 3040 esse
174 2997 232 3040 uou
256 2986 344 3060 usqot
363 2974 451 3042 ulium
476 2988 544 3042 tuno
566 2977 698 3063 spiritum
718 2979 808 3041 luisse
827 2998 910 3062 quern
933 2978 980 3062 qui
997 2977 1136 3063 apostolis
1153 2976 1233 3040 deiu-

82 3099 155 3164 ceps
177 3077 295 3142 offuerit
315 3099 403 3142 susus
426 3091 471 3144 est
493 3080 642 3164 profiteri?

221 3267 267 3316 ux
287 3267 445 3318 uersuum
463 3269 507 3318 in
526 3266 698 3330 nominos,
720 3267 810 3330 Quin
830 3267 890 3319 usn
910 3267 1035 3318 cunnus
1052 3267 1095 3316 ιι.

170 3383 235 3450 llos
259 3387 336 3450 enirn
363 3386 464 3450 ordine
487 3407 504 3448 u
528 3383 680 3451 Marcione
707 3386 839 3471 poniturq
873 3407 909 3449 ne
934 3385 1000 3470 quid
1026 3396 1136 3448 rectum
1159 3385 1232 3470 opud

54 3523 58 3532 ‹
81 3488 164 3552 illum
187 3508 221 3552 ac
243 3507 411 3571 germanum
436 3487 610 3571 reperietur.

169 3585 270 3654 Sobel.
286 3589 298 3651 l
316 3601 345 3654 et
359 3587 509 3654 XXVlll.
545 3595 714 3672 Quicumque
726 3596 786 3654 sr'oe
801 3595 863 3671 lege
875 3603 1071 3672 peccauerunt,
1095 3595 1156 3652 stite
1171 3593 1232 3670 lege
1245 3613 1310 3658 non.
1320 3613 1340 3668 n,
1352 3613 1383 3656 u.

80 3703 111 3752 et
120 3693 270 3770 pert'lunt,
294 3697 498 3774 etquicunque
512 3697 541 3754 in
556 3695 618 3772 lege
628 3705 831 3773 peecaverunt,
852 3715 906 3772 per
919 3697 1008 3773 legem
1021 3694 1230 3754 indicabuntur.

80 3795 148 3854 Non
165 3797 237 3854 eninr
254 3798 396 3856 auditores
413 3798 484 3874 tegis
502 3799 572 3856 rusti
585 3800 662 3874 opud
677 3801 772 3870 deutur,
803 3800 854 3856 set
865 3798 989 3877 foetores
1008 3798 1079 3874 legis
1096 3797 1233 3874 e'rtslq'fiou·

82 3896 199 3958 benur.

167 3995 270 4061 llelul.
293 3996 302 4058 l
322 4008 351 4060 et
366 3997 517 4062 XXVlll.
555 3997 588 4063 Si
612 3997 784 4085 quicumque
810 3999 873 4063 siue
897 3999 962 4082 lege
987 4010 1144 4083 penserunt
1167 3997 1231 4061 siue

81 4099 150 4182 lege
167 4097 288 4184 perituri
305 4109 385 4178 sunt,
408 4101 540 4185 prolecto
557 4100 606 4164 lex
621 4101 743 4166 salutern
762 4101 916 4165 observatu
933 4100 1085 4178 conciliet,
1110 4119 1164 4162 uec
1179 4120 1231 4162 eos

80 4199 130 4285 qui
146 4211 267 4265 servunt
282 4201 377 4286 perire
393 4201 541 4286 permittit.
581 4199 655 4266 ltem
672 4201 697 4268 si
715 4203 762 4288 qui
778 4204 807 4268 iu
823 4203 886 4287 lege
902 4213 1060 4288 peccarunt
1074 4223 1126 4288 per
1138 4201 1231 4286 legem

79 4301 227 4366 iudicentli
245 4313 331 4382 suut,
356 4303 444 4368 iudex
459 4304 547 4388 igitur
560 4305 825 4390 transgressionum
841 4305 892 4369 lex
907 4315 967 4386 est,
992 4324 1065 4390 quae
1082 4325 1139 4368 uon
1159 4303 1232 4367 iute-

112 4521 155 4580 78-
174 4523 248 4590 lotae
267 4522 310 4580 sce
327 4523 465 4594 νοημάτων.
706 4527 748 4583 79.
764 4530 844 4593 Supra
864 4523 982 4595 ἐννόμως.
