2984 4996
265 277 327 338 650
687 282 810 336 emer!
825 283 992 336 nmmn

265 401 354 484 χόθεν
371 402 404 468 λέ
425 407 459 448 ¹⁸
470 399 672 487 οόμολόγησας,
694 397 810 485 ἀγνοῶν
828 405 881 466 τοῦ
897 405 973 466 θεοῦ
992 394 1067 465 εἰναι
1084 397 1138 466 τόν
1155 402 1304 477 Μοῢσέος
1318 401 1412 484 νόμον

265 502 324 569 ἀπό
341 510 409 582 τοῦ,
430 501 480 568 Ἐν
493 511 533 591 τηῖ
549 499 630 592 νόμιμ
646 504 810 580 Μωυσέος,
832 503 898 582 καί,
919 499 954 566 '0
970 499 1061 584 νόμος
1072 503 1156 587 λέγει
1197 499 1414 570 maim&

265 604 320 691 γάρ
334 602 352 670 ό
365 601 526 683 ἀπόστολος
537 605 745 688 συντιθέμενος
759 606 791 670 ἰν
804 611 844 692 τῷ
858 605 1008 686 μετέπειτα
1020 605 1175 688 εἰρηκέναι,
1188 603 1245 686 Μὴ
1258 612 1320 670 τοῖν
1333 610 1413 688 βοᾶν

264 709 342 789 μέλει
360 715 402 796 τρῖ
425 714 502 795 θερῖς
532 705 691 791 ἢπάντως
712 704 749 771 ἰί
770 703 849 788 ἡμᾶς
865 709 994 791 εἰρηκεν;
1026 708 1069 770 Εἰ
1082 706 1114 770 δέ
1132 705 1182 772 θιά
1198 705 1267 784 τοός
1281 705 1411 774 ἀποστό-

263 816 334 885 λους
347 812 459 895 εἰρηκεν
474 807 491 875 ό
506 808 597 892 νόμος
612 811 663 874 καὶ
681 805 699 874 ό
714 811 745 874 έν
760 815 802 897 τῷ
816 806 899 896 νόμρο
914 805 989 885 θεός
999 807 1140 892 λαλήσας,
1163 811 1340 891 ἐπιμελεῖται
1358 809 1412 895 ἀρα

263 918 322 976 τοῖν
338 908 508 978 ἀποστόλων
525 919 579 978 τοῦ
596 917 726 997 Χριστοῦ
741 912 773 976 έν
787 917 827 999 τρῖ
843 908 883 993 μή
899 917 1011 993 φιμοῖν
1027 907 1136 988 αότοός
1149 913 1412 997 παρακελεύεσθαι,

263 1012 328 1096 ἤτοι
345 1021 397 1080 τοῦ
413 1022 509 1080 λαλεῖν
525 1013 577 1097 τήν
595 1019 648 1080 τοῦ
666 1019 795 1099 Χριστοῦ
813 1009 905 1078 αότοῦ
920 1015 1122 1092 διδασκαλίαν,
1151 1011 1216 1096 ἤτοι
1229 1012 1283 1096 τὴν
1299 1014 1411 1097 ἐφήμε-

262 1142 316 1203 ρον
336 1115 451 1201 τροφόν
471 1115 552 1203 παρά
573 1123 632 1182 τοῖν
652 1122 731 1182 λαοῖν
748 1113 893 1190 ἀναιδέως
909 1113 1018 1190 αότοός
1034 1116 1115 1197 ἔχειν.
1162 1113 1225 1180 Οόκ
1246 1113 1305 1200 ἀρα
1329 1115 1411 1183 duo-

263 1221 361 1304 τοίους
375 1217 448 1294 τοός
462 1217 645 1294 ἀποστόλους
659 1219 767 1283 ἑαυτοῦ
781 1223 833 1300 τῆς
846 1215 988 1300 θεότητος
1003 1213 1098 1298 οἰδεν,
1120 1215 1190 1282 ου’θί
1206 1221 1237 1284 οἰ
1250 1214 1412 1284 ἀπόστολοι

262 1317 413 1407 ἀλλότριον
436 1317 525 1386 αὐτόν
544 1317 620 1386 θεόν
640 1316 788 1406 ἡγοῦνται.
829 1316 877 1396 Ἐξ
899 1311 987 1404 ἦςπερ
1008 1315 1083 1404 ὑπὲρ
1105 1317 1225 1384 πόντων
1245 1325 1412 1408 μαρτυρίας

261 1419 381 1507 όόίγιος
398 1419 562 1499 ἀπόστολος
582 1420 754 1488 ἀποδέδωκε
774 1419 888 1504 φήσας,
918 1418 975 1503 Μή
998 1423 1066 1504 περί
1086 1427 1147 1486 τοῖν
1169 1425 1247 1504 βοοῖν
1268 1424 1352 1504 μέλει
1371 1431 1411 1512 ιμ’

262 1531 340 1613 3⁶93,-
371 1521 440 1588 ἀλλά
457 1523 506 1590 διό
520 1523 590 1601 τοός
608 1521 791 1600 ἀποστόλους
806 1526 909 1608 εἴρηκε.
955 1523 1016 1586 Καί
1032 1525 1059 1588 εἰ
1073 1520 1124 1588 θιά
1139 1521 1209 1600 τοός
1226 1521 1412 1602 ἀποστόλους

262 1629 374 1710 εἰρηκε,
406 1625 523 1710 κτιστής
543 1627 577 1691 ιλέ
599 1627 659 1692 έστι
680 1623 850 1712 ἀνθροῖπων
870 1625 920 1691 καί
940 1631 1073 1707 κτηνοῖν,
1104 1627 1134 1704 ἐξ
1156 1618 1198 1690 νῖν
1218 1623 1287 1708 βόες
1303 1651 1338 1691 τε
1360 1631 1412 1692 καί

261 1731 421 1814 στρουθοί,
452 1727 555 1815 ἑρπετά
571 1753 601 1794 τε
617 1731 668 1794 καί
685 1727 834 1807 κνιόίαλα,
863 1725 962 1793 ένάλιά
975 1751 1006 1792 τε
1022 1729 1074 1792 καλ
1089 1725 1124 1792 τά
1140 1725 1226 1806 ἀλλα,
1256 1725 1312 1812 ἀρα
1331 1731 1413 1810 μέλει

259 1826 338 1919 αάτρῖ
356 1834 423 1916 περί
439 1830 558 1898 πόντων
573 1829 648 1896 κατιί
664 1829 718 1914 τήν
734 1832 859 1896 ἕκάστου
876 1825 1042 1914 ἀναλογίαν.
1087 1832 1148 1895 Kal
1165 1831 1243 1912 μέλει
1259 1829 1310 1912 μέν
1328 1827 1411 1919 αάτρῖ

260 1935 328 2018 περὶ
345 1931 464 1999 πόντων
481 1935 513 1999 έν
528 1941 568 2023 τρῖ
585 1935 692 2020 λέγειν,
711 1930 905 2019 Ἀνθροῖπυυς
919 1934 968 1996 καὶ
987 1929 1079 2015 κτήνη
1098 1930 1217 2010 σοῖσεις,
1239 1929 1337 2016 κόριε,
1360 1935 1411 1998 καί

260 2037 291 2100 έν
311 2043 351 2122 τρῖ
373 2037 535 2119 εἰρηκέναι,
568 2040 619 2112 Τίς
637 2036 746 2100 θέθοικε
763 2033 868 2120 κόρακι
885 2029 997 2119 βορόν,·
1025 2036 1091 2112 καλ,
1124 2035 1254 2100 Νεοσσοί
1268 2033 1411 2118 κοράσιον

259 2135 333 2222 πρός
351 2135 454 2222 κόριον
470 2136 642 2224 κεκράγασι,
671 2135 707 2201 τοί
722 2145 786 2202 σῖτα
802 2143 967 2220 ζητοῦντες,
999 2138 1066 2212 καὶ,
1094 2133 1208 2214 Διόσεις
1222 2133 1276 2218 την
1291 2135 1410 2221 τροφὴν

260 2236 397 2324 εὔκαιρον
414 2248 476 2315 τοῖς
491 2247 588 2306 πᾶσιν.
631 2237 714 2304 Ἀλλά
732 2237 787 2305 οάκ
809 2241 841 2306 έν
861 2244 902 2326 τρῖ
919 2235 1011 2303 ἀλοᾶν
1026 2237 1095 2314 τοός
1109 2242 1184 2322 βοῦς
1199 2235 1409 2324 παρεκελεύετο

259 2339 299 2424 μή
315 2347 427 2424 φιμοῦν
442 2345 517 2424 βοῦν
533 2339 678 2420 ἀλοῶντα,
706 2343 811 2407 1’ἐπεί
827 2343 972 2408 έίείκννεν
989 2337 1025 2405 ἀν
1040 2339 1081 2424 μὴ
1098 2337 1246 2406 δύνασθαι
1261 2339 1314 2405 τόν
1333 2341 1410 2406 θεόν

258 2444 376 2528 τρέφειν
397 2441 489 2508 αάτοιῖ
509 2442 563 2526 τὴν
586 2450 734 2526 ’θκτῆσιν
754 2451 789 2490 2¹
800 2441 886 2532 ἀλλη,
916 2445 943 2507 εἰ
956 2446 1007 2508 καί
1022 2440 1064 2525 μὴ
1079 2440 1129 2508 ἰιά
1145 2449 1198 2524 τῆς
1212 2447 1271 2508 τοῖν
1288 2439 1408 2528 όνθρό·

259 2570 325 2610 πων
337 2554 400 2622 τοῖς
413 2543 545 2627 κτήνεσιν
561 2546 864 2632 Ηέπιιιουρουμένοον
876 2552 999 2629 τροφῆς.
1029 2542 1143 2622 'wenge
1158 2545 1191 2610 θλ
1203 2541 1221 2610 ό
1234 2544 1318 2630 ὅμως
1332 2542 1409 2610 ἀπό-

258 2654 360 2723 στολος
379 2645 418 2712 οό
439 2645 476 2712 δι’
492 2645 619 2732 ἀπορίαν
640 2655 753 2734 τροφῆς
766 2641 822 2713 ’τόν
843 2645 918 2712 θεόν
939 2645 988 2712 θιά
1007 2653 1061 2714 τοῦ
1075 2643 1204 2730 ἀλοητοιῖ
1217 2649 1408 2730 ἐπιμέλεσθαι

257 2753 340 2833 βοοῖν
356 2751 387 2814 ἰν
406 2756 444 2839 τῷ
460 2749 708 2836 παρακελεύεσθαι
725 2750 767 2833 μή
784 2756 896 2832 φιμοιῖν
911 2747 980 2825 ιοός
996 2747 1165 2828 τοιοότους,
1196 2745 1268 2814 ἀλλά
1285 2748 1336 2816 aad
1354 2757 1409 2816 τοῦ

257 2854 427 2936 αἰνίγματος
450 2853 598 2936 περὶτῶν
622 2849 792 2918 ἀποστόλων
812 2855 1008 2934 σημαίνεσθαι
1032 2849 1087 2934 τήν
1107 2853 1212 2934 σχέσιν.
1260 2858 1328 2916 Ταῖν
1350 2852 1407 2937 γόρ

258 2951 384 3018 13κσίτω
406 2955 559 3036 αἰσθητῶν
579 2952 699 3019 πόντων
722 2963 847 3019 ποιεῖται
868 2952 921 3036 τὴν
939 2952 1098 3038 πρόνοιαν,
1129 2955 1180 3018 καί
1200 2951 1314 3036 όμοίως
1329 2957 1406 3036 μέλει

258 3053 336 3143 αότρῖ
354 3057 421 3140 περὶ
437 3053 563 3120 πόντων.
610 3053 654 3120 Οό
671 3053 725 3142 γάρ
743 3053 903 3131 ἀντιθέτως
919 3052 937 3122 ό
952 3053 1114 3131 ἀπόστολος
1130 3052 1207 3140 πρός
1222 3053 1275 3121 τόν
1290 3061 1406 3142 σωτῆρα

257 3159 398 3243 ἔγραφεν,
428 3161 478 3223 ἵνα
499 3158 594 3234 οὕτως
611 3162 852 3245 προφασίσωνται
874 3161 905 3224 οἰ
921 3161 1029 3223 πολλοί.
1074 3159 1249 3242 Μικρότερα
1269 3157 1328 3244 γάρ
1350 3164 1405 3224 τόν

256 3263 337 3342 βοοῖν
351 3257 387 3324 τοί
403 3263 563 3344 στρουθία,
585 3263 651 3346 περὶ
669 3252 712 3324 οῖν
730 3257 747 3325 ό
764 3257 860 3344 σωτὴρ
876 3261 971 3344 ἔλεγεν
988 3257 1049 3338 ότι,
1074 3260 1168 3324 Πέντε
1181 3263 1333 3344 στρουθία
1347 3286 1404 3326 πιο-

135 3393 185 3438 m.
198 3383 243 3428 εστ.
256 3369 347 3426 λεῖται
361 3357 506 3446 ἀσσαρίων
519 3359 584 3440 δόο,
606 3363 657 3428 καλ
669 3360 767 3441 πόλιν,
793 3359 866 3445 0ίηί
882 3359 936 3426 δύο
953 3365 1098 3446 στρουθία
1110 3367 1246 3427 πωλεῖται
1263 3359 1404 3448 ἀσσαρίου

255 3462 338 3542 ἕνόςς
372 3466 456 3528 2⁴21
476 3455 531 3528 οὖν
559 3462 614 3529 δύο
638 3467 782 3549 στρουθία
805 3471 941 3530 πωλεῖται
965 3461 1108 3548 ἀσσαρίου
1132 3461 1214 3542 ίνός,
1243 3465 1297 3530 καί
1315 3468 1351 3529 ἓν
1375 3465 1403 3539 έξ

257 3563 354 3631 αάτιῖν
370 3563 408 3630 οό
421 3573 551 3631 πεσεῖται
564 3567 606 3642 εἰς
620 3569 731 3652 παγίδα
744 3564 815 3632 ἀνευ
830 3571 883 3632 τοῦ
898 3562 1009 3650 πατρός
1027 3562 1111 3648 όμυῖν
1124 3573 1177 3630 τοῦ
1192 3567 1227 3631 έν
1240 3575 1305 3644 τοῖς
1318 3562 1402 3650 οόρα-

255 3677 333 3748 νοῖς,
363 3664 440 3749 όμοῦ
462 3669 514 3750 μέν
530 3666 649 3734 πόντων
663 3676 800 3754 προνοεῖ,
830 3674 888 3732 τοῖν
904 3668 936 3732 δὲ
953 3665 1092 3750 μειζόνων
1109 3669 1301 3750 έπιμελεῖται,
1330 3664 1402 3734 πατεῖ

255 3769 288 3835 τό
304 3776 402 3852 μεῖζον
417 3765 497 3846 εἰθος
512 3774 564 3852 τῆς
577 3777 777 3853 πνευματικῆς
791 3767 985 3846 ἀκολουθίας·
1009 3767 1074 3846 ἀπ’
1087 3761 1141 3834 σόν
1156 3771 1189 3836 ἐκ
1206 3768 1319 3848 παντός
1332 3768 1400 3852 όμο-

255 3880 380 3958 λογεῖτατ
394 3868 446 3937 τόν
463 3869 554 3936 αότόν
567 3871 691 3957 ποιητὴν
704 3875 754 3938 καλ
768 3870 951 3958 δημιουργόν
965 3874 1016 3937 καί
1029 3873 1199 3955 νομοθέτην
1213 3880 1340 3950 παλαιᾶς
1353 3873 1401 3936 καί

255 3981 357 4058 καινῆς
378 3975 527 4060 διαθήκης
546 3973 617 4042 όντα
638 3974 712 4042 θεόν
733 3973 851 4061 ἀγαθόν
872 3999 903 4039 τε
922 3976 974 4038 καλ
995 3978 1110 4040 δίκαιον
1131 3976 1181 4039 καλ
1203 3981 1266 4040 τοῖν
1287 3973 1400 4040 πόντιον

255 4103 368 4165 κυριον.

292 4301 329 4354 18.
347 4307 383 4354 λα
400 4305 437 4354 ιθ.
450 4305 531 4354 Ριίου.
545 4317 575 4353 ιε
591 4304 641 4354 eod.
658 4305 731 4354 λἀλλο.
765 4305 810 4352 Ed.
877 4300 918 4354 λθ.
937 4304 1029 4364 nepam
1045 4299 1133 4355 κτίσιν.

254 4373 329 4435 μήτε.
345 4374 412 4422 habet
427 4367 597 4437 όμολίγησας.
877 4369 920 4424 21.
936 4372 1053 4434 λειοτέρα·
1067 4363 1146 4438 ἄλλη,
1169 4367 1193 4422 εἰ
1209 4369 1254 4424 καλ
1270 4367 1305 4454 μό
1320 4373 1398 4432 μού·

292 4437 330 4489 19.
347 4435 403 4492 ἰπιλ
419 4436 541 4492 ἐδείκνυεν
558 4441 594 4489 ιθ.
607 4441 689 4490 Ριλου.
709 4453 739 4490 ιτ
759 4441 810 4490 eod.
846 4441 907 4490 λοισι
921 4442 1041 4490 sententia.
1067 4440 1133 4490 λίθοι·
1147 4440 1231 4490 habent
1244 4432 1305 4492 ἀλλα
1320 4433 1398 4490 ιίιιαλ

258 4509 331 4558 Valde.
364 4504 519 4561 ἐπεδείκνυεν
534 4507 588 4557 ειίιλ.
602 4509 676 4570 μετ’πο.
846 4502 890 4573 μή.
