3006 4990
144 1053 238 1162 τότ-51·
256 1099 372 1170 ΤΑΔΕ
391 1099 557 1169 ΕΝΕΣΤΙ
576 1099 650 1169 ΚΑΙ
668 1099 728 1168 ΕΝ
747 1101 908 1171 ΤΟΥΤΩΙ
926 1102 1002 1171 ΤΩΙ
1021 1102 1239 1174 ΔΕΥΤΕΡΩΙ
1255 1104 1401 1174 ΤΟΜΩΙ

312 1237 398 1305 ΤΟΥ
423 1235 599 1305 ΠΡΩΤΟΥ
624 1237 814 1321 ΒΙΒΛΙΟΥ,
840 1237 901 1305 ΕΝ
926 1237 960 1305 Ω
985 1237 1108 1307 ΕΙΣΙΝ
1134 1237 1342 1308 ΑΠἘΣΕΙΣ

600 1372 867 1459 ΔΕΚΑΤΡΕΙΣ,
893 1373 1053 1442 ΟΥΤΩΣ.

340 1600 375 1665 α’.
401 1599 591 1684 Σιμανιανσλ,
613 1601 644 1664 σί
656 1595 716 1665 άττδ
728 1601 865 1682 Σίμωνος
877 1605 930 1666 τοῦ
938 1597 1061 1685 Μάγου,
1082 1607 1137 1666 τοῦ
1150 1601 1200 1667 έττλ
1211 1602 1329 1688 Πέτρου
1341 1609 1398 1668 τοῦ

255 1701 437 1780 α’τιυστόλσν,
459 1699 562 1784 κόμης
582 1706 701 1765 Γιτθιῦν
719 1707 771 1783 τῆς
787 1703 964 1784 Σαμαρείας.
1009 1693 1106 1778 Οῦτος
1128 1699 1186 1768 άιτό
1204 1709 1398 1790 Σαμαρειτῶν

255 1803 390 1892 σδρμσῖτσ,
415 1808 545 1888 Χριστοῦ
565 1802 597 1867 δδ
618 1799 713 1870 ῦπέδυ
730 1800 825 1884 ῦνσμα
841 1801 940 1883 μόνον.
982 1798 1112 1880 Ἐδίδαξι
1133 1803 1164 1868 δέ
1183 1805 1397 1888 αίσχροτιοιΐαν,

258 1912 359 1990 1μίξιν
380 1911 548 1988 μολυσμοῦ,
570 1910 717 1989 γυναικῶν
734 1901 946 1989 ’άδιαφορίακ
989 1901 1142 1986 Σωμάτοιν
1157 1905 1189 1970 δέ
1202 1902 1398 1988 άιτοβάλλεται

253 2007 307 2092 τὴν
324 2005 491 2086 άνάστασιν,
513 2007 564 2071 καί
579 2002 631 2070 τόν
645 2002 757 2088 κόσμον
772 2003 812 2088 μή
827 2002 901 2070 είναι
916 2010 992 2068 θεοῦ
1008 2003 1123 2084 φάσκει.
1167 2005 1282 2073 Είκόνα
1295 2008 1328 2072 δέ
1341 2005 1395 2073 αῦ·

254 2117 308 2177 τοῦ
327 2107 370 2186 σός
388 2108 478 2187 Διός,
500 2109 552 2172 καλ
574 2113 626 2188 τῆς
649 2105 705 2171 σδν
721 2103 802 2195 αὐτῷ
825 2105 953 2192 πόρνης,
976 2103 1097 2188 δνόματι
1112 2103 1244 2191 Ἑλένης,
1265 2107 1399 2192 Ἀθηνᾶς

253 2210 348 2278 τόπον
373 2219 435 2287 τοῖς
457 2212 564 2275 λαυτσῦ
586 2215 734 2291 μαθηταῖς
757 2210 916 2291 παρεδίδου
939 2209 981 2282 είς
1002 2206 1209 2295 πρσςκῦνησιν.
1241 2209 1342 2298 Ἔλεγε
1363 2213 1397 2278 δέ

253 2311 357 2379 έαυτδν
378 2315 573 2398 Σαμαρείταις
593 2309 647 2392 μέν
666 2307 718 2374 τόν
739 2310 863 2394 πατέρα,
882 2307 1036 2385 Ἰουδαίοις
1057 2310 1089 2376 δέ
1108 2307 1161 2378 τόν
1184 2311 1322 2398 Χριστόν.

338 2515 374 2598 β.
409 2515 645 2600 Μενανδριανολ,
667 2515 698 2578 οἱ
717 2509 776 2577 άιτό
792 2512 899 2577 τούτου
917 2519 971 2577 τοῦ
986 2516 1123 2594 Σίμωνος
1143 2512 1194 2579 διδ
1211 2513 1397 2601 Μενάνδρου

254 2615 333 2692 τινδς
356 2615 559 2700 ἐναρξάμενοι,
588 2612 793 2698 διαφερόμενοί
810 2639 839 2678 τε
859 2612 934 2698 τυρός
950 2611 1019 2689 τοῦς
1037 2613 1243 2698 Σιμανιανσδς
1256 2615 1333 2682 κατά
1352 2643 1395 2683 τι·

252 2719 286 2796 ῦς
307 2715 366 2784 α’τιδ
390 2716 517 2802 άγγέλαν
541 2717 642 2802 θέλεγε
662 2706 714 2780 τόν
734 2713 845 2796 κόσμον
866 2723 1049 2802 γεγενῆσθαι.

336 2817 370 2905 γ’.
393 2819 625 2903 Σατορνιλιανυδ,
647 2820 679 2882 σί
692 2814 766 2882 κατά
781 2814 835 2899 τὴν
848 2820 961 2899 Συρίαν
975 2815 1029 2899 τήν
1043 2825 1102 2884 τῶν
1115 2825 1309 2900 Σιμανιαυῦν
1323 2845 1395 2906 κρα-

251 2921 384 2996 τόνοντες
400 2923 613 3005 αἰσχρολογίαν,
637 2920 744 3003 έέτερα
759 2916 885 3003 δὲπαρά
900 2916 972 2993 τυῦς
983 2918 1188 3000 Σιμωνιανοδς
1203 2923 1244 2995 είς
1257 2923 1398 3002 ἔκπληξιν

252 3024 457 3109 περισσοτέραν
475 3019 684 3105 κηρύσσοντες,
713 3015 772 3084 άιιδ
794 3019 826 3084 δέ
845 3024 1025 3104 Σατορυίλσυ
1045 3018 1100 3103 τήν
1121 3017 1213 3106 άρχήν
1230 3019 1396 3104 ἐσχηκότες,

253 3123 287 3200 ῦς
308 3125 359 3190 καὶ
383 3121 472 3199 αῦτδς
494 3119 568 3187 κατά
587 3123 766 3202 Μένανδρον
788 3117 838 3185 διά
861 3117 989 3205 άγγέλιιν
1010 3118 1062 3186 τόν
1084 3120 1198 3204 κόσμον
1219 3129 1398 3209 γεγενῆσθαι

250 3229 378 3307 έφασκε,
400 3211 500 3308 μόυοίν
520 3223 552 3288 δέ
573 3220 661 3302 διττά,
686 3219 792 3306 ὁτταραί
813 3218 867 3304 τὴν
889 3229 942 3287 τοῦ
964 3219 1026 3288 άνοι
1049 3220 1160 3308 ιιατρδς
1181 3221 1307 3308 γνάμην.

336 3324 371 3390 δ’.
400 3325 613 3391 Βασιλειδιανυὶ
633 3327 663 3389 οί
678 3330 729 3406 τῆς
746 3319 838 3406 αὐτῆς
854 3326 1056 3409 αἰσχρουργίας
1069 3326 1206 3405 τελεσταλ,
1227 3321 1288 3390 άιτό
1306 3331 1397 3390 Βασι-

250 3431 347 3494 λείδσυ
361 3432 414 3492 τοῦ
430 3425 490 3510 ῦμα
501 3429 667 3512 Σατορνίλφ
681 3434 742 3501 τοῖς
753 3432 949 3507 Σιμωνιανσῖς
963 3427 1012 3490 καί
1023 3429 1262 3510 Μενανδριαυυῖς
1282 3433 1398 3509 ομεμει-

250 3530 451 3612 θητευμένου,
472 3526 508 3592 τά
527 3525 616 3610 δμοια
637 3526 716 3609 7μέν
739 3533 938 3611 φρονοῦντος,
965 3524 1040 3591 κατά
1064 3553 1092 3591 τι
1112 3526 1145 3591 δέ
1167 3527 1396 3612 διαφερομένου.

250 3632 339 3716 Λέγει
362 3630 393 3694 δέ
411 3632 595 3713 τριακοσίους
611 3627 836 3710 ἕξηιιονταπέντε
851 3623 998 3713 σδρανσῦς
1015 3623 1103 3706 εἶναι,
1125 3629 1177 3692 καλ
1194 3627 1310 3705 τοῦτοις
1326 3625 1397 3694 δνό-

252 3759 329 3815 ματα
347 3727 480 3816 άγγελικά
500 3731 639 3810 ἐκτίθησι.
684 3725 740 3795 Διό
762 3729 814 3794 καλ
830 3725 882 3795 τόν
899 3727 1032 3795 ἐνιαυτόν
1054 3727 1202 3794 τοσούτων
1220 3726 1340 3817 ἡμερῶν
1355 3727 1397 3794 εἷ-

250 3860 315 3912 ναι,
343 3833 394 3897 καλ
417 3829 450 3896 τό
468 3827 611 3915 Ἀβρασάξ
630 3827 723 3913 ῦνυμα
748 3828 916 3912 δυνάμεως,
946 3828 963 3895 δ
988 3831 1071 3915 φέρει
1093 3836 1202 3913 ψῆφον
1222 3829 1285 3908 τξέ.
1331 3835 1396 3898 Καί

251 3931 325 3999 είναί
344 3957 419 4016 φησι
439 3939 525 3998 τοῦτο
550 3929 607 3997 8τό
631 3930 716 4016 ῦγιον
736 3938 853 4015 πνεῦμα
874 3929 979 4014 ὄνομα.

334 4034 364 4099 ε’.
388 4041 572 4110 Νικολαῖται,
595 4028 654 4096 άττδ
674 4030 825 4098 Νικολάου
841 4039 895 4097 τοῦ
910 4035 959 4098 έιιλ
972 4042 1037 4108 ταῖς
1051 4031 1154 4119 χήραις
1168 4029 1228 4098 ῦπδ
1246 4039 1304 4099 τιῦν
1319 4031 1395 4100 άπα-

250 4135 360 4202 στόλαν
369 4137 535 4220 ταχθέντας,
552 4133 585 4210 δς
597 4131 646 4199 διά
658 4140 744 4218 ζῆλον
757 4139 809 4218 τῆς
821 4137 897 4210 ίδίας
909 4142 1034 4220 γαμετῆς
1049 4133 1102 4220 τὴν
1112 4138 1318 4222 αἰσχρουργίαν
1330 4135 1395 4219 άμα

285 4343 307 4393 1.
324 4337 371 4406 τήν
386 4339 450 4406 μίξιν
466 4343 517 4392 σσδ.
534 4343 606 4392 Vatia.
871 4337 895 4392 4.
912 4343 976 4392 Eam
990 4345 1044 4392 λε’δτι·
1054 4347 1075 4393 τί
1090 4343 1141 4398 τοῦ.
1156 4343 1252 4404 amia.
1270 4338 1351 4405 ἑτέρα.

281 4411 306 4458 ’ί
323 4403 483 4474 άδιαφρονέαν
501 4411 551 4492 ρσδ
564 4411 635 4460 λ’σίίι.
870 4409 894 4459 δ.
911 4406 979 4494 παρὰ
994 4411 1045 4460 cod.
1065 4412 1138 4491 ίσίία.
1171 4411 1199 4458 Ee
1213 4412 1247 4457 ιἰσ
1262 4411 1288 4459 ιἰι
1304 4415 1394 4490 Λαερτ-

281 4473 306 4526 δ.
324 4474 407 4540 ίλεγσι
424 4477 474 4525 cod.
491 4477 563 4527 λαίισ.
833 4477 897 4538 phul.
915 4479 956 4530 δια
968 4479 1051 4527 hubent
1065 4479 1120 4527 ιδιίι
1134 4478 1186 4526 libr!
1200 4481 1220 4526 τί
1235 4477 1287 4527 τσδ.
1296 4478 1394 4588 λάτρις.
