3010 5000
354 296 490 350 rnmnnu
507 299 569 350 tta.
582 299 600 350 r.
617 297 699 350 rom.
713 298 755 348 tu.
773 295 872 348 uren.
884 297 996 348 xxxv.
1190 287 1251 350 485

97 416 145 480 nis
164 436 268 482 vocem
285 415 450 481 tribuimus.
497 415 597 501 Quare
616 428 740 502 utroque
757 437 867 500 genera
886 415 932 480 bio
950 425 980 478 et
995 415 1067 480 boec
1084 417 1169 480 bomo
1184 439 1251 502 pro·

97 522 178 584 lerre
195 519 335 582 solemus.
383 515 442 584 Sed
461 518 516 584 ubi.
526 540 666 604 generum
684 530 730 583 est
746 518 948 603 distinguenda
966 519 1144 604 proprietas,
1169 519 1252 584 lemi-

96 643 163 686 nam
188 621 336 700 mulieris,
370 643 478 686 marem
503 622 558 685 viri
582 622 700 686 nomine
722 621 915 684 declaramus.
963 619 1016 684 llis
1040 620 1116 684 euim
1139 621 1250 686 duobus

95 724 264 801 vocabulis,
294 745 434 808 generum
453 723 619 788 habitudine
635 733 789 810 separata,
820 743 912 786 sexos
930 723 1080 805 utriusque
1097 722 1252 788 diversitas

96 827 284 912 exprimitur.
329 827 371 890 At
391 827 515 890 bominis
538 849 599 890 vox
619 826 735 891 nonnisi
755 820 927 906 ὁμωνύμως
948 835 978 887 et
1000 823 1135 909 otnbigde
1156 825 1250 891 virum

95 953 131 993 ac
155 930 304 994 mulierem
327 928 540 1014 complectitur.

181 1029 266 1115 Quae
281 1052 345 1094 cum
361 1031 400 1094 ita
417 1051 449 1094 se
466 1030 608 1110 habeant,
633 1030 734 1094 adeste
749 1051 859 1116 quaeso
873 1029 953 1093 servi
970 1029 1015 1092 dei
1032 1049 1133 1092 omnes
1151 1039 1181 1092 et
1197 1051 1249 1094 re·
1268 1047 1328 1114 Cep.
1344 1050 1386 1100 ttt.

93 1133 191 1198 nitatis
209 1144 372 1212 amatores,
404 1134 519 1218 planum
539 1133 618 1196 illum
637 1143 667 1196 et
684 1132 857 1197 nebulonem
877 1128 1070 1196 Colorbasum
1091 1132 1250 1198 vehemen-

94 1237 154 1299 tius
174 1236 321 1312 deridete‚
353 1236 400 1298 vol
418 1236 515 1320 lugete
534 1235 629 1320 potius
651 1235 770 1320 eosqui
790 1235 901 1319 decepti
921 1244 1007 1310 sunt,
1038 1255 1102 1298 cum
1122 1235 1247 1320 seipsos,

93 1347 157 1400 tum
180 1338 252 1401 alios
276 1358 359 1422 quam
381 1338 520 1422 plurimos
539 1338 738 1424 perdiderunt.
783 1333 849 1400 Nos
868 1348 963 1400 autem
984 1336 1039 1398 deo
1057 1340 1165 1420 gratius
1181 1356 1249 1420 aga·

93 1461 178 1518 mos,
210 1440 285 1524 qood
307 1439 502 1503 mediocribus
520 1438 754 1524 simplicibusque
776 1438 875 1502 verbis
895 1437 969 1500 tilios
988 1457 1058 1500 suos
1074 1438 1184 1502 veritas
1202 1458 1249 1501 re-

93 1553 172 1606 ctam
197 1543 226 1604 in
246 1542 320 1607 viam
340 1542 435 1606 soleat
452 1541 614 1621 deducere,
646 1553 749 1604 contra
769 1562 841 1605 vero
860 1541 967 1604 misera
985 1540 1032 1604 illa
1048 1539 1249 1623 arrogantiae·

93 1665 152 1728 que
167 1643 253 1728 plena
272 1645 425 1727 dogmata,
450 1654 480 1706 et
497 1644 645 1728 exquisito
663 1645 756 1706 istrata
773 1643 919 1708 lenocinio
936 1642 1074 1728 dissipet,
1097 1663 1131 1705 ac
1147 1651 1248 1726 pacate

92 1745 259 1830 leniterque
277 1745 468 1830 progrediens
486 1757 601 1810 evertat
620 1746 750 1810 funditus
769 1756 797 1808 et
816 1745 986 1829 extinguam
1020 1755 1051 1808 ut
1069 1765 1108 1808 ex
1125 1744 1247 1830 propbe-
1326 1817 1327 1823 ἵ

94 1860 142 1912 tae
163 1847 328 1912 testimonio
348 1847 500 1912 mattileste
516 1848 677 1932 colligitur,
702 1847 749 1932 qui
767 1847 922 1910 nonnullos
937 1846 1023 1933 impia
1040 1849 1180 1931 quaedam
1197 1867 1247 1910 cu·

91 1951 202 2014 riosius
217 1949 433 2030 adsciscentes,
464 1971 498 2014 ac
514 1951 658 2014 scelerata
676 1949 777 2014 nescio
796 1970 870 2033 quac
890 1970 971 2012 suam
991 1950 1026 2012 ad
1045 1951 1174 2013 fraudem
1194 1970 1246 2012 ex·

92 2051 257 2136 cogitantes
282 2052 325 2116 sic
347 2053 520 2136 alloquitur:
550 2058 607 2116 Pro
628 2077 660 2115 ec
678 2056 754 2134 pund
770 2054 911 2114 adnectitis
928 2073 1027 2133 equum
1047 2055 1139 2125 sitm,
1174 2073 1310 2134 quaerut.
1323 2077 1344 2134 a,
1357 2078 1375 2122 o,

91 2160 173 2218 uadit
188 2177 251 2216 cum
264 2158 393 2228 sr'lentic,
417 2159 539 2217 addocet
549 2177 636 2237 super
649 2177 698 2217 oce
711 2159 838 2216 dominum
850 2176 951 2236 equom
957 2157 1054 2238 fleturi,
1079 2175 1173 2234 regem
1188 2159 1247 2216 As·

91 2263 245 2338 cyminum.
277 2255 355 2320 Nam
371 2278 473 2341 nqunm
491 2255 573 2321 sitos
588 2258 668 2320 missi
684 2258 844 2321 doctrinam
858 2255 1045 2340 interpretari
1059 2256 1138 2319 licet.
1170 2253 1245 2339 Quis

92 2361 140 2423 ille
157 2379 230 2422 vero
247 2359 322 2423 alius
338 2369 385 2422 est
404 2370 520 2444 praeter
537 2357 634 2424 lesum
653 2359 798 2422 dominum
818 2369 948 2422 nostrum
966 2379 982 2420 a
1000 2358 1055 2420 deo
1073 2355 1159 2421 Patre
1177 2357 1246 2420 mis-

92 2484 175 2541 sum,
206 2473 236 2526 et
251 2463 366 2546 quidem
386 2463 501 2545 quiete,
533 2463 608 2545 quod
627 2461 697 2525 nilril
713 2462 843 2524 insolens
862 2472 911 2524 aut
927 2463 1051 2524 fucatum
1068 2470 1243 2544 perstrepat,

91 2565 143 2628 sed
163 2584 234 2627 vere
257 2585 291 2626 uc
310 2565 427 2627 sincere
445 2563 658 2628 sanctissimam
677 2583 813 2650 sponsam
833 2563 970 2641 edoceat,
1003 2583 1087 2647 quam
1110 2562 1139 2626 in
1160 2559 1246 2626 Solo·

91 2667 188 2730 monis
203 2662 335 2730 Conticis
350 2665 511 2730 columbam
527 2666 563 2728 ob
578 2666 710 2730 animalis
725 2665 937 2751 simplicitatem
951 2676 981 2727 et
994 2664 1244 2728 monsuetudinem
1259 2691 1353 2746 omen,
1365 2693 1397 2737 m.

92 2769 307 2854 poritotemque
324 2769 529 2852 cognominat?
572 2765 627 2846 m,
652 2768 727 2852 quod
745 2778 790 2830 est
805 2768 996 2830 admiratione
1012 2767 1144 2850 dignius,
1175 2766 1244 2829 reli·
1272 2743 1396 2852 plssffibffl,

92 2893 166 2955 quas
183 2891 304 2947 omues,
330 2892 403 2955 qnae
419 2891 484 2933 com
499 2869 613 2932 alienae
628 2871 704 2948 sint,
729 2889 834 2932 nomen
852 2869 943 2954 ipsius
958 2879 1115 2955 usurpant,
1138 2889 1245 2932 concu-

91 2975 177 3037 binas
193 2995 228 3036 uc
244 2971 362 3056 reginas
379 2972 521 3056 appellat,
546 2973 582 3034 ob
598 2973 709 3056 regium
728 2968 838 3035 Christi
857 2993 979 3049 nomen,
1004 2973 1079 3054 quod
1097 2989 1244 3053 unaquae-

92 3075 218 3161 quesibi
236 3074 398 3138 insolenter
413 3095 552 3158 arrogare
569 3073 728 3137 contendit.
766 3071 826 3138 Sed
843 3075 897 3138 etsi
913 3075 1083 3136 concubinae
1098 3078 1157 3135 sant
1170 3084 1245 3134 octo-

90 3185 191 3258 ginta,
217 3177 272 3240 boc
288 3188 334 3240 est
351 3177 503 3255 haereses,
528 3187 586 3240 tum
600 3180 713 3257 puellae
727 3199 861 3258 qnorum,
888 3177 995 3260 inquit,
1019 3198 1074 3238 non
1091 3187 1136 3238 est
1149 3197 1244 3238 nnme-

92 3303 159 3354 rns,
193 3301 249 3342 unc
269 3291 359 3342 tamen
378 3291 421 3341 est
437 3281 564 3341 columbo
583 3301 657 3352 mec,
687 3282 815 3362 perfecta
832 3300 908 3352 mec,
942 3279 1075 3342 nimirum
1094 3289 1196 3342 saneta
1215 3289 1246 3341 ct

93 3381 236 3446 catholica
253 3381 389 3444 ecclesia.
435 3380 521 3466 Quae
536 3382 668 3446 columba
683 3384 797 3466 quidem
815 3393 872 3459 cst,
897 3391 929 3444 ut
943 3381 1081 3458 diximus,
1106 3381 1143 3442 ob
1160 3379 1244 3444 buius

92 3486 155 3548 avis
179 3485 428 3546 mansuetudinem
452 3495 481 3546 et
503 3484 699 3548 innocentium
719 3505 752 3548 ac
774 3483 989 3562 sinceritatem,
1022 3485 1152 3568 perlecta
1170 3503 1243 3545 uero

93 3587 166 3668 quod
187 3585 347 3669 perlectam
369 3607 386 3648 a
405 3587 459 3649 deo
477 3585 628 3648 scientiam
647 3585 868 3669 absolutamque
886 3585 922 3648 ab
939 3586 1003 3670 ipso
1020 3582 1176 3649 Salvatore
1191 3607 1244 3671 per

94 3685 233 3774 Spiritum
252 3697 383 3751 sanctam
401 3687 595 3770 cognitionem
612 3689 715 3772 adepta
732 3687 780 3750 sit.
817 3685 909 3772 lgitur
924 3707 1049 3773 sponsus
1064 3688 1137 3772 ipse,
1158 3710 1243 3772 quem

92 3797 204 3852 matrum
222 3791 408 3875 interpretari
428 3790 513 3866 licet,
545 3791 599 3853 ltoc
616 3801 662 3854 est
680 3793 802 3864 Siloam,
828 3811 931 3873 aquam
951 3790 1037 3854 babet
1054 3790 1161 3855 leniter
1178 3809 1243 3856 sco-

94 3892 266 3970 tumentem,
299 3893 460 3956 doctrinam
483 3893 595 3956 scilicet
617 3914 675 3955 non
698 3893 810 3978 ingenti
834 3914 898 3956 cum
923 3893 1045 3976 strepitu
1068 3915 1102 3956 ac
1126 3895 1243 3978 fragore

93 3993 298 4079 praecipitem,
331 4015 386 4058 nec
413 3995 491 4058 inani
516 4015 548 4058 se
573 4016 675 4081 pompa
699 4007 729 4058 et
751 3995 908 4060 ambitione
932 3996 1102 4059 iactantem.
1149 3992 1242 4060 Cuius

92 4115 198 4179 sponsa
226 4097 304 4160 mitis
325 4097 418 4162 instar
439 4097 589 4162 columbae
611 4118 727 4163 veneno
748 4109 845 4176 caret,
880 4117 974 4180 oeque
994 4099 1119 4160 molares
1139 4099 1242 4162 dentes

93 4209 140 4260 aot
159 4199 277 4263 aculeos
296 4201 388 4284 gerit,
421 4199 581 4264 cuiusmodi
601 4211 754 4285 serpentes
772 4201 879 4264 babent
902 4201 950 4263 isti
974 4201 1021 4284 qui
1042 4221 1157 4264 veneno
1176 4221 1241 4264 sea·

94 4309 172 4378 tent,
195 4322 317 4386 quorum
336 4303 441 4387 singuli
459 4303 643 4388 praecipuum
660 4303 774 4387 aliquod
795 4304 956 4366 mortalium
975 4302 1077 4388 generi
1095 4302 1175 4367 virus
1192 4323 1241 4367 co·

95 4413 199 4466 nantur
213 4403 367 4468 immittere
383 4426 417 4468 ac
433 4417 594 4470 sectatores
610 4425 679 4469 suas
694 4425 892 4490 corrumpere.
938 4404 1070 4490 Quorum
1087 4425 1103 4469 c
1119 4427 1240 4470 nuutero
