3010 5000
307 285 441 336 rauauu
459 285 521 336 cra.
534 287 553 336 t.
570 281 651 336 rou.
665 283 708 333 rur.
725 283 824 332 uasa.
838 281 974 333 xxxvu.
1152 267 1213 330 497

62 425 138 468 saue
154 415 223 468 sunt
239 425 313 490 quae
330 405 461 468 bomiues
478 404 543 482 isti,
567 413 598 466 ut
613 403 652 465 ita
670 402 779 478 dicam,
804 411 949 478 eructant,
975 422 1013 464 ex
1030 399 1078 463 illo
1095 419 1146 462 esu
1164 421 1214 462 ve·

61 509 108 570 lut
131 517 206 570 tetro
232 509 353 592 quodam
378 508 467 570 odore
491 507 604 569 solerti.
651 501 824 589 Serpentem
849 505 952 588 quippe
978 501 1045 566 aovi
1069 503 1215 567 cuiusdam

61 610 159 672 instar
180 609 305 673 numinis
326 596 516 674 venerantur.
563 610 608 670 Ac
633 608 699 671 vide
719 607 834 692 quantis
856 627 907 668 eos
929 605 1076 668 l'ruudibus
1099 605 1164 684 ille,
1198 627 1216 668 a

62 733 123 796 quo
142 712 332 774 circumventi
348 723 433 792 sunt,
458 731 579 796 serpeus
595 709 725 773 irretitos
742 719 851 772 teneat.
896 707 974 772 Nam
992 721 1022 770 ut
1037 707 1129 772 Evam
1146 709 1214 770 clim

63 821 96 877 et
113 815 256 877 Adamum
277 815 395 893 lelellit,
420 815 460 878 ita
478 815 563 877 modo
583 813 708 897 seipsum
729 823 832 896 tegens
850 832 883 874 ac
902 811 1103 886 dissimulans,
1128 811 1215 874 adeo·

63 937 123 1000 quc
141 928 243 980 antea
265 913 436 981 ludaeorum
455 917 632 1002 temporibus
650 917 685 978 ad
705 916 859 977 adventum
878 935 971 998 nsque
987 909 1113 992 Christi,
1139 934 1217 976 mor-

63 1019 175 1082 talibus
200 1019 347 1104 imposuit.
393 1018 470 1083 Tum
497 1017 749 1104 progredientibus
773 1015 916 1079 aetatibus
942 1016 1098 1095 caraille,
1131 1037 1216 1100 quum

64 1133 172 1184 contra
191 1121 235 1185 dci
253 1121 438 1186 interdictum
455 1141 596 1205 usurpare
611 1121 673 1184 narsi
693 1122 823 1198 lucrant,
848 1119 1023 1204 prolectatos
1040 1119 1172 1182 homines
1189 1129 1219 1182 et
1287 1147 1290 1152 ·

64 1224 208 1286 aviditate
227 1239 378 1310 correptos
401 1224 437 1288 ab
459 1223 599 1307 obsequio
622 1224 668 1285 dei
687 1221 883 1285 callidioribus
901 1221 1040 1284 machinis
1059 1221 1215 1300 abstraxit,

63 1325 271 1389 vehementius
291 1326 446 1389 identidem
467 1327 635 1389 adulterans
653 1335 682 1386 et
700 1325 862 1410 instigans,
895 1346 929 1388 ac
948 1327 1100 1388 multarum
1121 1345 1217 1387 rerum

64 1449 170 1513 spem,
202 1427 333 1491 utiuitio
354 1431 480 1505 lecerat,
514 1429 684 1491 ostendens.
730 1425 942 1491 Nutuettnnc
962 1429 1000 1491 ita
1020 1428 1085 1491 illus
1105 1427 1218 1510 decepit

65 1553 134 1594 cunr
157 1531 287 1610 diceret,
319 1535 410 1593 Erltr'a
426 1537 502 1593 subur
516 1535 566 1593 dii.
614 1529 691 1594 'l'um
710 1531 845 1616 paulatim
865 1532 963 1592 varias
983 1551 1016 1594 ac
1034 1530 1159 1615 portenti
1177 1527 1217 1590 si·
1231 1547 1318 1605 uma,
1330 1548 1350 1592 o.

64 1633 205 1697 millimas
229 1633 271 1696 eis
296 1635 409 1718 species
433 1633 550 1696 obiecit.
597 1629 671 1697 Cum
695 1632 771 1696 anim
796 1633 832 1695 ab
856 1655 913 1696 utto
930 1654 1060 1716 veroque
1079 1634 1133 1694 dru
1154 1631 1218 1694 illos

66 1736 245 1813 auertisset,
277 1736 439 1799 idololatria
457 1735 712 1821 multipliciumque
731 1738 849 1798 deorum
867 1735 1055 1819 ineptissimis
1073 1734 1221 1818 religioni·

65 1839 122 1901 bars
142 1839 222 1904 velut
243 1839 301 1901 lctu
321 1840 443 1924 quodum
465 1839 604 1924 impleuit.
652 1836 801 1921 Siquidem
821 1839 858 1900 dli
879 1860 1023 1922 tattoquam
1044 1837 1218 1914 extitcrturt,

67 1940 112 2002 uti
129 1961 185 2002 uec
201 1940 333 2003 existunt
348 1943 451 2017 modo,
476 1942 526 2005 scd
545 1943 616 2004 deus
631 1942 782 2004 duntaxat.
828 1938 938 2003 Verum
957 1941 1088 2004 insanum
1104 1941 1221 2004 sinutla·

67 2062 190 2105 crorum
209 2043 333 2123 cultum,
367 2045 538 2108 acdeorum
557 2044 766 2107 anttltitudinem
785 2054 814 2105 et
834 2043 1013 2106 frandulenta
1032 2041 1151 2106 consilia
1170 2043 1221 2105 du·

68 2145 140 2207 duam
164 2144 238 2229 apud
262 2166 294 2208 se
319 2159 503 2231 conceperat.
549 2144 655 2231 Neque
679 2167 750 2210 uero
769 2146 849 2209 solus
869 2147 934 2225 ille,
968 2147 1015 2230 qui
1035 2146 1221 2208 extrinsecus

69 2247 247 2332 apparebat,
279 2267 401 2334 serpens
419 2253 490 2312 tanti
510 2249 575 2312 unali
595 2270 727 2312 caussam
748 2249 860 2325 attulit,
892 2249 942 2310 sed
962 2249 1008 2331 qni
1029 2269 1080 2333 per
1098 2269 1162 2310 cum
1180 2248 1223 2310 lo·

69 2350 217 2434 quebatur
233 2351 306 2413 alius
322 2371 462 2436 serpens,
494 2351 549 2414 boc
566 2361 611 2414 est
629 2351 777 2428 diabolus,
809 2351 856 2434 qni
872 2351 999 2413 auditum
1018 2351 1073 2413 viri
1093 2348 1223 2414 mulieris

69 2473 147 2516 usus
164 2471 254 2536 opera
271 2453 460 2538 perturbavit.
505 2450 611 2537 Neque
631 2453 738 2538 liguum
756 2454 847 2538 ipsum
866 2463 1015 2538 peccaturo
1034 2453 1096 2517 luit.
1141 2450 1223 2515 Nibil

71 2555 153 2617 enim
169 2575 185 2616 a
201 2554 255 2616 deo
273 2555 338 2619 unali
354 2553 473 2619 seritur.
520 2551 579 2618 Sed
596 2554 662 2618 boni
679 2557 803 2641 malique
819 2557 1013 2639 coguitionem
1032 2556 1138 2638 liguum
1154 2553 1223 2616 illud

71 2655 183 2721 attulit.
221 2657 262 2719 At
277 2679 334 2719 arou
351 2678 389 2720 ex
404 2678 438 2720 ea
452 2656 576 2720 scientia
593 2679 671 2720 mors
686 2669 742 2734 cst,
762 2659 813 2720 sed
829 2678 867 2720 ex
884 2655 1064 2720 contumacia
1082 2657 1221 2741 prolecta.

71 2757 154 2824 Nam
172 2769 231 2822 tota
247 2758 339 2822 bustis
355 2759 401 2821 illa
418 2759 559 2823 calliditas
574 2781 631 2822 non
649 2759 683 2822 ad
701 2781 796 2822 escam
813 2760 993 2845 pertinebat3
1017 2759 1067 2822 sed
1084 2779 1119 2822 eo
1135 2761 1224 2843 potis-

72 2863 180 2926 simum
197 2861 357 2945 spectabat,
375 2872 405 2924 ut
421 2861 485 2925 illos
501 2862 536 2925 od
552 2861 717 2925 uiolandum
732 2863 777 2925 dei
794 2864 955 2925 mandatum
972 2861 1143 2946 impelleret.
1175 2857 1224 2924 Ex

74 2986 134 3048 qno
149 2973 209 3025 tum
228 2961 333 3025 accidit
350 2973 380 3026 nt
397 2963 461 3047 lage
477 2974 641 3048 contempta
659 2985 675 3026 e
694 2965 829 3050 paradiso
846 2965 1039 3050 pellerentur,
1065 2967 1225 3047 meritoque

74 3064 311 3149 castigarentur,
342 3086 399 3129 raon
416 3065 483 3128 odio
499 3067 575 3143 ullo,
600 3067 650 3129 scd
670 3067 715 3129 dei
733 3087 802 3150 erga
821 3067 884 3130 illos
901 3089 969 3129 cora
988 3065 1224 3152 providentiaque

74 3165 232 3252 singulari.
272 3164 323 3231 Sic
340 3168 416 3231 enim
433 3168 565 3231 domiuus
579 3168 658 3253 ipsos
673 3170 844 3254 alloquitur:
872 3175 959 3232 Terra
971 3193 1011 3244 es,
1035 3173 1105 3230 etin
1120 3180 1364 3247 terrenamque.

75 3275 239 3334 renmterd.
286 3265 320 3334 Si
339 3271 451 3354 quidem
471 3269 575 3333 rationi
593 3285 821 3335 corasentaoeum
844 3273 911 3350 latit,
936 3283 966 3334 nt
983 3271 1031 3333 ille
1050 3290 1138 3334 uerus
1157 3268 1226 3332 arti·

77 3375 147 3452 lex,
173 3371 250 3456 liguli
267 3371 378 3451 instar,
402 3373 498 3458 operis
516 3375 579 3436 eius
595 3393 630 3436 ac
646 3375 724 3438 vasis
741 3375 815 3459 quod
834 3375 965 3437 matribus
984 3375 1107 3438 littxerut
1127 3393 1225 3434 curam

76 3495 205 3561 gerens,
228 3474 350 3558 idipsum
367 3494 406 3537 ex
426 3476 571 3560 praecepti
590 3476 746 3540 violatione
765 3463 963 3556 imminutum,
988 3476 1122 3562 qnarudiu
1141 3474 1226 3536 molle

78 3578 192 3654 adbuc,
217 3589 246 3639 ut
263 3577 301 3638 ita
317 3577 458 3655 dixerim,
483 3579 571 3642 lutum
589 3589 661 3656 erat,
687 3591 771 3664 atquc
790 3601 827 3642 ex
847 3580 948 3642 llssura
967 3580 1086 3662 quadam
1103 3599 1138 3641 ac
1155 3577 1226 3641 rima

78 3681 225 3766 perducrc
241 3689 394 3762 coeperat,
419 3702 476 3744 non
492 3681 531 3744 ita
547 3681 734 3760 destitueret,
759 3685 809 3746 sed
828 3681 856 3744 in
874 3681 1023 3767 pristinam
1041 3700 1162 3743 massam
1180 3699 1227 3742 re-

79 3783 211 3865 digeret,
242 3790 274 3842 ut
289 3780 317 3843 in
334 3780 493 3845 instaurata
511 3781 558 3845 illa
574 3785 780 3866 generatione,
811 3784 865 3847 boc
883 3797 930 3847 est
948 3796 1127 3847 mortuorum
1145 3781 1227 3871 exci-

78 3885 210 3961 tatione,
231 3903 292 3954 ‚vas
310 3882 379 3946 illud
400 3884 523 3968 priorem
547 3885 581 3948 ad
602 3885 839 3968 pulchritudinem
859 3888 1040 3969 nitoremque
1058 3893 1224 3962 revocaret,

80 3988 140 4050 imo
164 3983 270 4069 aliquid
296 3984 322 4047 ei
346 3985 465 4071 iusuper
485 3987 635 4051 adiiceret.
681 3985 766 4071 Quod
788 3989 824 4051 de
844 4010 942 4052 eorum
962 3986 1132 4073 corporibus
1152 3987 1228 4050 ucci-

82 4088 216 4174 piendum
237 4087 349 4171 estqui
367 4101 431 4172 post
447 4087 591 4154 horrenda
609 4091 721 4155 scelera
742 4092 918 4176 poenitentia
939 4090 1016 4154 ducti
1034 4101 1064 4154 ct
1080 4111 1096 4153 a
1114 4087 1227 4152 delictis

81 4191 232 4268 reuocati,
254 4189 285 4252 iu
305 4187 373 4254 lesu
389 4187 499 4256 Claristi
518 4193 625 4256 domiui
646 4194 735 4257 nostri
755 4193 921 4280 cognitiora
941 4195 1061 4279 perlecti
1081 4204 1165 4272 suut3
1197 4204 1229 4256 ut

83 4294 129 4356 illa
145 4295 182 4357 de
198 4303 277 4357 terra
294 4314 390 4357 massa
405 4295 501 4359 dcnuo
516 4307 661 4380 resurgat,
678 4297 798 4380 argillae
813 4297 905 4360 instar
918 4318 991 4380 qnae
1005 4297 1124 4361 ortil'tcis
1141 4317 1229 4360 manu

83 4397 212 4460 mollitur
230 4417 265 4460 ac
283 4395 441 4481 subigitur,
476 4417 569 4482 ecque
587 4400 670 4462 modo
689 4400 719 4462 in
738 4401 884 4484 antiquam
903 4399 1057 4463 ueletiam
1077 4412 1228 4484 praestan-

83 4500 189 4562 tiorem
211 4497 337 4583 speciem
361 4501 548 4564 reformetur.

135 4597 225 4654 corpur
240 4595 374 4642 Horrescet.
388 4595 416 4642 ll.
986 4607 1027 4671 32
