3008 4996
356 299 492 354 Pthllll
510 301 573 352 tta.
588 302 607 353 l.
623 301 705 354 nott.
719 301 750 353 ll.
767 301 865 354 HAEB.
879 301 969 352 XXX.
1175 291 1238 352 249

93 420 156 486 uitis
172 420 315 486 ministris
337 441 440 506 aquam
460 420 561 483 interni
584 419 681 500 iubet,
704 431 840 504 tanquam
865 418 1028 504 aegrotanti
1054 419 1238 505 patriarchae

92 522 182 586 morbi
200 524 340 606 quoddam
363 543 402 586 ex
424 543 500 602 aqna
522 523 680 586 remedium
698 541 802 607 parare
817 521 919 586 vellet.
965 520 1010 586 llli
1027 521 1093 607 quid
1109 533 1239 586 strueret

91 623 184 708 ignari
205 624 346 710 imperata
368 623 490 688 iaciunt.
534 621 606 688 lude
622 625 826 688 verecundiam
845 625 1006 703 simulans,
1031 633 1061 687 et
1082 625 1237 688 universos

92 725 171 790 abire
188 726 292 790 iubeas
308 724 472 811 patriarcha
491 747 577 790 sacro
594 725 766 810 baptismate
786 747 822 789 ao
843 725 949 790 divinis
972 729 1120 813 mysteriis
1143 728 1238 793 initis·

92 837 134 892 tus
158 839 218 894 est.

172 926 248 994 Mihi
270 951 343 994 vero
363 929 434 994 haec
457 929 497 992 uti
515 929 577 993 dixi
597 929 694 995 omnia
713 926 856 1014 Iosephus
875 929 938 1015 ipse
958 930 1108 994 narrabat.
1154 928 1238 995 llaec
1258 935 1317 1005 cop.
1334 936 1365 987 v.

90 1031 208 1116 inquam
225 1053 283 1095 non
302 1031 418 1096 aliunde
436 1053 522 1115 qnam
544 1053 583 1096 ex
602 1031 725 1116 ipsomet
742 1031 819 1096 illius
841 1051 893 1096 ore
913 1031 1016 1108 didici,
1046 1053 1112 1096 oum
1131 1033 1237 1096 allecta

90 1133 142 1197 iam
161 1143 260 1197 aetate
275 1135 363 1212 foret,
381 1154 416 1196 ac
430 1130 524 1196 LXX
540 1133 603 1218 plus
622 1133 716 1198 minus
731 1155 839 1197 annum
856 1144 971 1216 ageret.
1006 1134 1052 1196 Ad
1072 1134 1147 1197 huno
1161 1131 1237 1219 Scy·

91 1233 198 1320 thopoli
218 1234 411 1312 diverterem,
442 1256 499 1318 quo
518 1255 551 1298 se
569 1233 728 1299 Tiberiade
746 1235 793 1298 ille
811 1236 991 1314 contulerat,
1023 1233 1120 1318 ibique
1139 1236 1238 1319 splen-

91 1336 154 1400 dida
171 1337 313 1420 quaedam
331 1337 462 1400 aedilicia
477 1336 533 1400 sibi
549 1347 778 1422 comparaverat.
811 1336 890 1402 'l'nm
905 1336 981 1400 eninr
995 1333 1144 1400 Eusebius
1162 1333 1238 1400 Ver-

91 1437 228 1502 cellensis
244 1437 274 1502 in
292 1436 376 1502 ltalia
391 1425 563 1523 episcopias,
586 1459 602 1502 a
621 1434 796 1502 Constantio
814 1439 851 1502 oh
866 1439 932 1502 lidei
948 1438 1145 1522 integritatem
1164 1459 1239 1500 exu-

91 1537 148 1604 lare
169 1539 286 1619 iussus,
315 1539 420 1604 abillo
439 1539 565 1624 hospitio
584 1549 648 1602 erat
667 1551 822 1624 exceptus.
867 1536 960 1604 Cuius
977 1539 1122 1604 invisendi
1142 1539 1238 1622 gratia

91 1661 153 1704 enm
175 1661 233 1724 ego
250 1651 281 1704 et
300 1643 405 1704 iratres
425 1642 539 1725 quidam
560 1641 607 1705 alii
626 1642 827 1719 venissemus,
861 1641 963 1705 iisdem
981 1663 1036 1704 nos
1053 1639 1173 1704 nedibus
1191 1661 1239 1703 re·

91 1742 164 1827 cepti
181 1742 300 1806 inimus.
339 1739 395 1806 Ubi
414 1763 478 1805 cnm
493 1738 620 1826 losepho
635 1741 816 1807 familiariter
830 1743 952 1820 versati,
974 1745 1067 1826 deque
1084 1763 1120 1804 eo
1135 1741 1238 1808 scisci·

90 1845 140 1906 tati
164 1843 233 1927 quid
256 1843 311 1928 ipsi
332 1844 446 1908 demum
466 1844 638 1922 accidisset,
671 1845 746 1927 quod
770 1865 835 1908 enm
856 1845 930 1929 apud
953 1843 1075 1910 ludaeos
1094 1843 1237 1906 illustrem

91 1944 182 2009 luisse
198 1944 358 2023 sciremus,
390 1945 476 2028 quive
494 1955 595 2029 gestae
614 1946 656 2010 rei
675 1947 860 2024 mamardo,
891 1967 926 2010 ac
945 1945 1183 2030 quemadmodum
1201 1945 1238 2008 ad

92 2041 277 2110 Christianos
293 2046 464 2125 transisset,
489 2047 561 2112 haec
578 2046 614 2111 ab
629 2047 679 2112 illo
694 2047 792 2112 omnia
806 2047 955 2122 auditione
971 2059 1068 2124 certa,
1092 2067 1150 2110 non
1166 2044 1239 2110 alie·

91 2167 126 2210 na
149 2148 207 2212 tdc
227 2147 380 2231 explorata
400 2149 563 2212 didicimus.
609 2146 693 2233 Quae
714 2171 779 2212 cum
800 2151 836 2212 ad
857 2149 981 2212 bdelium
1002 2149 1154 2212 utilitatem
1171 2167 1238 2210 me-

90 2249 183 2312 moria
196 2249 285 2332 digna
301 2248 467 2334 cumprimis
481 2251 668 2328 arbitremur,
692 2263 811 2336 propter
824 2271 877 2316 eos
895 2251 986 2314 libros
1003 2249 1050 2334 qui
1068 2249 1097 2312 in
1117 2246 1240 2312 ludaeo-

91 2369 153 2414 rum
170 2349 317 2414 thesauris
335 2361 492 2414 servautur
508 2349 655 2416 Hebraico
674 2373 811 2417 sermone
829 2353 978 2430 translati,
1009 2372 1083 2435 qnae
1103 2351 1137 2414 ad
1157 2347 1240 2412 lose·

91 2450 175 2536 phnm
196 2451 277 2515 illum
302 2451 481 2536 pertinerent
502 2453 666 2517 accuratius
688 2454 796 2539 exequi
819 2454 975 2518 voluimus.
1025 2451 1103 2516 Nam
1128 2452 1154 2514 is
1179 2473 1237 2514 aron
1297 2453 1300 2461 “

90 2555 177 2618 modo
197 2549 384 2618 Christianus
406 2563 488 2630 erat,
518 2575 640 2638 eamque
665 2556 748 2619 tidem
768 2565 956 2640 susceperat,
987 2557 1039 2618 sed
1062 2552 1240 2615 athrianos

91 2674 202 2720 stamma
225 2655 343 2718 infamia
365 2655 544 2719 traducebat.
590 2652 705 2742 Quippe
727 2679 800 2721 unns
823 2659 886 2742 ipse
908 2668 1016 2722 rectarn
1037 2676 1072 2718 an
1092 2655 1239 2718 siaaceram

91 2755 174 2818 iidem
196 2752 367 2842 Scythopoli
390 2757 552 2834 retinebat,
583 2780 650 2822 cum
670 2759 772 2842 reliqui
793 2770 893 2824 essent
910 2759 1028 2822 Ariani.
1073 2753 1240 2837 Quodnisi

92 2858 207 2920 comitis
223 2857 362 2942 dignitate
381 2858 484 2923 luisset
501 2861 668 2944 praeditus,
701 2872 732 2924 nt
751 2860 796 2924 bic
812 2883 876 2924 oum
897 2861 991 2924 honor
1007 2858 1042 2921 ab
1061 2859 1239 2920 atrianorum

91 2958 232 3023 violentia
249 2969 396 3036 tueretur,
421 2981 457 3023 ne
474 2961 503 3023 in
519 2962 580 3045 ipsa
597 2963 711 3045 quidem
726 2962 798 3026 urbe
814 2963 860 3025 vir
876 2963 924 3026 ille
939 2961 1131 3036 constitisset,
1155 2978 1240 3041 prae·

91 3059 192 3124 sertim
208 3060 263 3124 suh
280 3057 450 3146 Patrophilo
467 3060 581 3126 Ariana
599 3065 756 3148 episeopo,
781 3065 827 3147 qui
848 3073 878 3126 et
897 3064 999 3148 opibus
1020 3072 1050 3125 et
1067 3058 1238 3124 crudelitate

90 3171 120 3224 et
139 3163 217 3248 apud
239 3163 443 3247 imperatorem
460 3159 664 3228 Constantium
682 3165 876 3228 familiaritate
899 3175 985 3249 atque
1007 3162 1127 3226 andacia
1150 3160 1239 3246 pluri-

91 3284 168 3328 mum
185 3273 310 3349 poterat.
357 3261 389 3328 ln
406 3265 506 3328 eadem
524 3264 611 3330 etiam
631 3266 702 3330 urbe
719 3267 833 3350 qnidam
850 3276 914 3329 erat
930 3277 1027 3330 aetate
1046 3263 1158 3339 iunior,
1189 3261 1239 3344 qni

91 3385 107 3427 a
123 3363 234 3429 ludaeo
249 3365 397 3430 traductus
412 3367 448 3428 ad
464 3362 613 3430 Christum
628 3368 773 3431 sinceram
789 3369 871 3431 tidem
886 3367 1041 3442 retinebat,
1066 3365 1148 3448 isque
1162 3362 1240 3446 quod

90 3465 209 3528 minime
233 3465 325 3550 palam
348 3467 485 3546 auderet,
517 3467 676 3531 clanculum
695 3470 731 3532 ad
751 3489 804 3532 aos
823 3467 972 3532 veniebat.
1017 3464 1076 3532 Sed
1098 3463 1240 3549 losephns

89 3565 215 3651 lepidum
237 3567 372 3651 quiddam
391 3567 474 3630 nohis
497 3589 532 3630 ac
554 3569 704 3634 ridiculum
729 3569 884 3648 narrabat,
917 3590 972 3633 nec
991 3567 1089 3632 dubito
1110 3568 1178 3650 qnia
1200 3565 1237 3628 sit

91 3669 290 3732 verissimum.
334 3668 443 3732 Aiebat
460 3669 536 3732 anim
553 3683 666 3734 mortua
683 3673 807 3754 coniuge
824 3671 949 3734 veritum
965 3689 998 3732 se
1013 3689 1051 3733 ne
1068 3669 1104 3732 ab
1121 3665 1240 3732 Arianis

90 3770 238 3834 violenter
253 3770 392 3854 abreptus
405 3768 529 3836 clericus
544 3773 643 3850 lieret,
660 3793 805 3858 -saepe
821 3773 897 3836 enim
912 3771 1018 3835 blande
1033 3771 1111 3834 illum
1129 3771 1239 3834 adeun-

91 3880 149 3948 tes,
174 3883 206 3934 nt
221 3873 257 3935 ad
273 3893 355 3934 suam
375 3872 528 3936 lectionem
546 3875 683 3936 transiret
697 3875 897 3952 hortabantur,
921 3895 956 3936 ao
972 3871 1091 3935 maioris
1106 3891 1158 3955 spe
1173 3890 1240 3954 pro-

91 3993 195 4038 cessus
209 3972 387 4052 alliciebant,
403 3983 434 4038 ut
445 3974 494 4039 vel
508 3973 532 4037 si
550 3995 672 4040 necesse
687 3978 764 4040 foret
777 3977 972 4062 episcopatum
985 3973 1184 4049 ostenderent,
1197 4007 1238 4016 -

123 4226 149 4278 ἃ
168 4227 413 4292 Fregellaeconuertit
426 4231 560 4281 coraustus.
581 4233 650 4281 Peto·
717 4231 740 4281 b.
758 4233 851 4312 depono
873 4223 937 4282 c’llci
957 4245 988 4294 γε
1004 4226 1140 4294 κρυφαίως.
1176 4229 1239 4278 oram

89 4297 129 4344 ov'c
143 4297 236 4358 placuit
253 4289 402 4359 Brpss'tluc.
682 4301 770 4360 placuit
782 4294 847 4351 allel
860 4296 1064 4363 κατακρυφαίως.
1082 4296 1238 4346 turmam-

125 4363 150 4414 ·l.
168 4365 196 4413 ln
209 4367 300 4414 Petunti
312 4368 419 4428 editione,
435 4373 493 4416 certe
507 4370 532 4416 tu
545 4369 651 4428 Lipsien-
683 4367 731 4430 dip.
749 4371 812 4416 catat
828 4359 892 4420 ἀλλὰ
907 4362 1086 4432 καικρυφαίως.

90 4432 125 4490 st,
149 4433 325 4481 mendosisstme
341 4439 464 4484 excretum
483 4437 574 4484 inuenio
596 4435 651 4494 πῶς

90 4492 135 4549 rds
151 4495 190 4555 εἰς
207 4497 255 4564 Χρ.
533 4494 540 4506 “
