3036 4998
256 245 316 308 334
678 255 798 308 sulum
816 257 984 308 uulufluuu

256 376 394 458 γορεῦσαί
408 397 437 437 τε
454 374 486 438 ἐν
501 369 603 449 αὐτοῖς
617 370 671 455 τῆν
685 378 740 438 τοῦ
753 372 866 459 πατρός
883 375 1054 458 ἐπίγνωσιν,
1076 370 1121 439 ὅτι
1137 395 1167 438 τε
1179 369 1330 457 άχάρητός
1344 373 1403 438 ἔστι

256 477 307 541 ιιαλ
330 472 531 558 άιιατάληπτος
551 475 602 540 ιιαλ
623 471 680 539 οῦιι
701 476 779 540 ἔστιν
800 471 868 540 οὔτε
888 477 962 540 ίόεῖν
979 474 1046 542 οὔτε
1063 472 1188 542 άτιοῦσαι
1204 471 1295 540 αότόν
1313 471 1333 558 ῆ
1352 470 1402 539 διά

260 575 377 660 8μόνον
394 585 449 644 τοῦ
467 583 661 663 Μονογενοῦς
676 573 855 661 γενιόσκεται,
899 579 960 642 Καὶ
979 575 1011 644 τό
1031 578 1083 660 μίν
1100 580 1193 644 αίτιον
1210 583 1262 660 τῆς
1279 579 1401 644 αίωνίου

257 684 399 762 διαμονῆς
414 688 476 756 τοῖς
490 685 606 764 λοιποῖς
618 675 651 744 τό
669 685 786 762 πρῶτον
803 676 1033 762 4άιιαταληπτόν
1046 675 1186 765 ὑπάρχειν
1201 685 1254 745 τοῦ
1272 677 1402 764 Πατρός,

255 788 310 865 τῆς
330 782 362 848 δὲ
379 781 514 867 γενέσεως
532 777 626 847 αότοῦ
647 783 698 846 ιιαλ
713 779 895 866 μορφάσειας
910 779 943 848 τό
960 780 1147 865 καταληπτόν
1163 778 1272 861 αότοῦ,
1304 779 1348 846 οδ
1366 776 1402 862 δῆ

255 882 321 959 υίός
339 885 406 949 ἔστι.
450 885 510 948 Kal
528 890 621 948 ταῦτα
640 883 693 965 μὲν
712 881 730 948 ό
747 881 812 970 άρτι
828 885 1010 968 προβληθεὶς
1028 882 1156 969 Χριστός
1171 886 1203 948 ἐν
1222 881 1322 958 αῦτοῖς
1336 883 1401 964 ἕδη-

255 983 421 1071 μιοάργησε.
470 982 509 1052 Τό
532 986 565 1051 ll
582 989 618 1051 δν
641 991 766 1069 Πνεῦμα
786 983 819 1052 τό
843 985 927 1072 άγιον
947 988 1140 1064 ίξισωθίντας
1160 983 1269 1062 αῦτοῦς
1288 983 1403 1060 πάντας

129 1124 181 1172 μς.
197 1110 241 1156 ill.
255 1087 431 1173 εὐχαριστεῖν
452 1090 580 1166 ἐδίδαξε,
611 1088 664 1152 ιιαλ
686 1085 739 1170 τῆν
763 1084 908 1172 άληθινῆν
928 1085 1096 1154 άνάπαυσιν
1114 1084 1252 1174 ἡγήσοιτο.
1299 1085 1403 1164 Οὕτως

253 1216 284 1257 τε
301 1197 403 1280 μορφῇ
419 1192 470 1256 ιιαλ
486 1187 588 1280 γνάμη
605 1193 689 1265 ἴσους
705 1197 924 1274 κατασταθῆναι
942 1190 1035 1268 ὓτοῦς
1047 1193 1168 1266 Αίῦνας
1180 1191 1306 1275 λίγουσι,
1328 1188 1401 1254 πάν-

255 1319 307 1369 τας
320 1294 498 1378 γενομένους
517 1291 619 1371 Νόας,
641 1293 693 1357 uui
711 1290 824 1370 πάντας
839 1291 976 1380 Λόγους,
998 1294 1050 1360 ιιαλ
1066 1292 1179 1368 πάντας
1194 1288 1401 1378 Ἀυθροάπους,

254 1397 304 1460 καί
323 1394 434 1472 πάντας
453 1391 617 1482 Χριστοῦς,
643 1395 695 1460 ιιαλ
711 1392 765 1470 τάς
781 1399 902 1478 θηλείας
915 1392 1025 1478 ὁμοίως
1041 1393 1138 1470 πάσας
1151 1389 1321 1476 Ἀληθείας,
1351 1395 1402 1460 ιιαλ

254 1496 351 1574 πάσας
373 1495 475 1575 Ζωάς,
505 1499 555 1562 καί
579 1494 753 1580 Πνεάματα,
784 1498 835 1562 ιιαλ
851 1493 1030 1582 Ἐκκλησίας.
1074 1497 1274 1580 Στηριχθίντα
1294 1497 1327 1561 li
1353 1497 1400 1562 inl

253 1598 347 1688 τοότρι
368 1596 405 1664 τά
426 1598 496 1678 ila,
525 1601 575 1666 καί
592 1595 820 1682 άναπανσάμενα
841 1601 942 1675 vilieu,-
962 1597 1033 1683 μετά
1053 1597 1179 1685 μεγάλης
1198 1605 1292 1684 χαρᾶς
1309 1619 1403 1681 φησιν

254 1699 381 1786 άμνῆσαι
395 1700 446 1767 τόν
462 1699 659 1788 Προπάτορα,
682 1707 791 1785 πολλῆς
805 1698 968 1788 εῦφρασίας
982 1700 1172 1786 μετασχόντα·
1194 1703 1245 1766 καί
1258 1695 1333 1784 άπίρ
1349 1707 1404 1783 τῆς

254 1803 387 1882 εάποιΐας
401 1803 508 1886 ταύτης
523 1807 617 1892 βουλῇ
634 1811 687 1891 μιᾷ
704 1805 754 1868 καί
773 1802 875 1894 γνάμη
893 1802 926 1870 τό
944 1811 1004 1870 πᾶν
1018 1803 1172 1890 Πλῆριομα
1187 1810 1247 1870 τεόν
1260 1800 1401 1882 Αίοόναιν,

254 1911 504 1982 συνευδοκοῦντος
520 1912 573 1971 τοῦ
590 1912 720 1992 Χριστοῦ
736 1907 787 1972 ταί
802 1912 855 1973 τοῦ
874 1905 1064 1990 Πνεόματος,
1094 1913 1148 1973 τοῦ
1162 1907 1194 1971 δὲ
1212 1901 1334 1989 Πατρός
1347 1901 1401 1970 αό-

253 2019 313 2076 τοῦν
331 2009 679 2094 συνεπισφραγιζομίνον,
712 2010 764 2074 ἕνα
786 2010 907 2074 ἕκαστον
927 2016 986 2076 τοῦν
1006 2005 1147 2092 Αίιόνων,
1177 2005 1250 2093 άπερ
1272 2003 1403 2091 είγευίν

253 2115 348 2202 ἓνυτρῑ
367 2109 518 2176 κάλλιστον
540 2111 591 2176 nal
615 2105 818 2196 άνθηρότατον
839 2112 1104 2197 συνενεγκαμένους
1126 2112 1177 2178 uui
1204 2109 1401 2195 7ίρανισαμί-

254 2240 341 2293 νονς,
369 2215 421 2278 ιιαλ
436 2219 527 2278 ταῦτα
547 2207 718 2296 οάρμοδίοις
733 2213 891 2290 πλίξαντας
905 2215 956 2280 καί
973 2214 1102 2297 ἐμμελῶς
1115 2212 1296 2292 ἕνάσαντας,
1326 2239 1401 2298 προ-

253 2319 397 2402 βαλέσθαι
414 2312 594 2400 οπρόβλημα
608 2316 650 2390 τίς
664 2312 749 2398 τιμῆν
762 2317 813 2380 ιιαλ
827 2313 917 2394 δόξαν
931 2321 985 2380 τοῦ
1000 2321 1117 2396 Βυθοῦ,
1138 2312 1316 2382 τελειότατον
1330 2312 1400 2382 κάλ-

253 2428 303 2496 λος
317 2443 347 2484 τε
363 2419 414 2484 ιιαλ
432 2415 539 2502 άσερον
555 2423 609 2482 τοῦ
629 2415 850 2502 Πληρεόματος,
880 2417 987 2484 τίλειον
1002 2418 1118 2504 καρπόν
1134 2415 1186 2484 τόν
1203 2413 1333 2500 Ἰησοῦν,
1364 2415 1402 2482 όν

253 2524 303 2588 ιιαλ
320 2526 447 2606 Σωτῆρα
464 2523 739 2606 προςαγορευθῆναι
755 2521 806 2584 ιιαί
824 2517 953 2605 Χριστόν
968 2522 1018 2587 ιταλ
1032 2519 1135 2608 Λόγον
1152 2526 1399 2605 πατρωννμειιοῦς,

257 2625 351 2690 ιοιιαί
367 2619 429 2689 εἶτα
445 2619 564 2701 Πάντα,
587 2618 635 2687 διά
653 2618 686 2687 τό
703 2617 763 2687 άπό
778 2617 897 2687 πάντων
913 2618 1002 2703 είναι,
1024 2620 1211 2709 δορυφόρους
1226 2645 1256 2688 τε
1273 2617 1401 2711 11αὐτῷ

254 2729 296 2804 είς
314 2722 398 2811 τιμῆν
424 2721 521 2807 1’τῆν
542 2719 639 2788 αῦτοῦν
660 2719 808 2810 όμογενεῖς
826 2721 978 2812 Ἀγγίλους
998 2728 1290 2812 συμπροβεβλῆσθαι.

179 3179 185 3196 .
218 3136 235 3193 ’.
336 3133 421 3216 Λῦτη
445 3133 496 3216 μίν
518 3123 573 3199 οὖν
597 3134 672 3198 ἐστιν
693 3129 714 3216 ῆ
735 3128 817 3208 ἐντός
839 3131 1042 3218 Πληροίματσς
1065 3129 1115 3198 ότό
1136 3130 1234 3199 αῦτῦν
1255 3132 1399 3216 λεγομένη

252 3239 446 3324 πραγματεία,
475 3236 527 3300 uui
542 3231 563 3316 ῆ
578 3240 632 3300 τοῦ
647 3233 838 3311 πεπονθότος
851 3238 983 3314 Αίαῦνος,
1012 3236 1064 3302 ιιαλ
1085 3233 1180 3319 ιμεταλ
1198 3231 1306 3320 μιαρόν
1322 3230 1398 3302 άπο·

251 3338 391 3418 λωλότος,
420 3334 460 3414 τίς
475 3340 507 3403 ἐν
522 3343 613 3426 πολλῆ
629 3335 684 3426 ῦλη
701 3334 750 3402 διά
763 3333 880 3420 ζήτησιν
896 3343 949 3404 τοῦ
968 3335 1103 3424 Πατρός,
1125 3333 1281 3420 συμφορά,
1310 3333 1399 3419 ιιαλῆ

251 3449 304 3510 τοῦ
311 3439 407 3526 ’Όρον
423 3441 473 3504 ιιαλ
488 3446 648 3522 ΞΣταυροῦ
663 3440 715 3504 ιιαλ
730 3446 894 3526 Λυτροιτοῦ
912 3441 963 3506 καί
981 3445 1152 3526 Καρπιστοῦ
1168 3440 1219 3506 καί
1232 3435 1398 3524 Ὁροθίτοα

250 3547 302 3612 παλ
315 3544 518 3628 Μεταγωγίοος
536 3540 708 3619 8ίξαιόνιος
721 3539 875 3625 σύμπηξις,
892 3543 942 3609 ιιαλ
956 3537 977 3625 ῆ
991 3550 1045 3609 τοῦ
1059 3539 1179 3628 πράτου
1195 3545 1327 3627 Χριστοῦ
1340 3537 1399 3606 σῦν

250 3654 293 3737 τῷ
313 3643 464 3728 Πνεόματι
482 3650 523 3732 τῷ
540 3640 613 3732 άγίρτ
629 3645 663 3710 ἐκ
680 3648 835 3727 μετανοίας
850 3640 910 3710 iul
927 3651 980 3710 τοῦ
999 3641 1119 3728 Πατρός
1134 3640 1232 3710 αάτοῦν
1246 3665 1396 3728 μεταγενε·

252 3751 338 3836 στίρα
355 3754 413 3814 τῶν
428 3743 575 3811 4Αίοόνων
587 3747 705 3832 γένεσις,
727 3747 778 3811 ιιαλ
793 3743 815 3829 ῆ
830 3753 883 3812 τοῦ
895 3747 1033 3831 δευτέρου
1050 3753 1191 3834 Χριστοῦ,
1212 3745 1249 3812 όν
1262 3745 1314 3810 ιιαλ
1329 3751 1397 3810 Σπ-

284 3939 309 3993 3.
326 3936 402 4006 μόνου
417 3939 506 3990 λιιιλιιολλ
521 3937 573 3987 cul.
589 3937 643 3988 λιιι.
871 3935 897 3990 6
913 3934 973 3998 τοῦς
989 3951 1034 3990 οτι.
1050 3939 1102 3990 cod.
1118 3938 1176 3990 λ’τιι.

285 4005 309 4060 l
326 3957 501 4072 ἀκατάληπτα
513 4007 596 4068 scripsi
608 4007 698 4056 λιιποιλ
710 4010 755 4056 vel
766 4007 805 4056 lu·
872 4003 896 4057 7.
914 4003 1146 4090 αανερανιοαμίιους
1163 4005 1216 4056 uod.
1233 4005 1286 4056 λέιι.

250 4081 321 4138 laur.
335 4082 355 4126 ελ
367 4077 532 4126 Tertullianum
545 4077 642 4124 νετιιλαι.
670 4073 735 4122 Libri
750 4075 806 4134 liui-
871 4068 944 4138 8.αρ
946 4073 1037 4139 μανίαις
1053 4074 1105 4124 eud.
1122 4075 1177 4124 λἀι.

249 4145 332 4206 plum:
339 4144 507 4194 οιιιαιιλαλτιιλ
516 4136 682 4206 καταληπτόν
700 4141 735 4202 Gs.
742 4141 807 4192 lluu-
871 4137 896 4191 9.
913 4089 978 4192 λλομῦ
965 4142 1016 4192 eud.
1034 4143 1088 4192 λιιι.
1122 4142 1196 4222 λυλςο
1216 4137 1396 4223 προβλήματα,

251 4217 308 4263 lull.
322 4213 355 4294 ριλ
373 4213 503 4262 irenaeum.
837 4203 1397 4278 ρυοσιαυλοαιλντιλνττρόβλημιίτιολλπται-

285 4269 338 4328 5.“
324 4297 337 4332 ο
353 4275 386 4342 δη
398 4273 452 4336 uiue
462 4277 619 4340 reponendum
629 4277 743 4326 ταοιλτλιολ
753 4290 804 4328 um
838 4290 939 4327 ευττοιιι.

251 4348 322 4397 τευτλία
338 4360 367 4396 τω
383 4348 472 4397 irenaei
486 4347 608 4407 λπλιηιτελτ
623 4347 669 4394 vul.
680 4348 703 4394 ιλ
717 4345 805 4394 Tenui-
873 4343 910 4394 10.
928 4345 963 4394 llu
977 4345 1086 4406 ττεοτλρτλ
1099 4345 1235 4396 Τττλυλλλοιιλ
1245 4347 1398 4407 puluinu-

251 4417 314 4465 λλατια
328 4419 418 4496 uuella.
448 4415 519 4475 λυλςο
534 4417 597 4464 uului
612 4427 633 4479 ῳ
624 4399 687 4477 δὴ
701 4411 764 4477 λσος,
780 4414 805 4463 in
836 4413 908 4464 υαλο
922 4417 1021 4476 νιονλιιι,
1036 4418 1113 4474 υιρολτ
1126 4415 1193 4491 quud
1207 4426 1275 4476 ηντιιε
1287 4414 1346 4464 llaec
1361 4415 1397 4463 lu-

251 4483 302 4534 eud
319 4471 405 4534 λαι“
390 4497 404 4534 ο
423 4475 459 4544 δελ
475 4479 537 4540 ἴσος.
835 4485 936 4544 ςιιτιλιαε
958 4447 1021 4531 λλυιά
1040 4479 1217 4547 cognominum
1230 4481 1347 4532 Solum
1368 4490 1398 4532 et
