3008 4996
272 263 331 326 194
692 267 812 320 εενσει
830 267 998 319 εειοεεεευι

272 397 376 474 γαμεῖν
394 387 547 464 θέλουσιν,
576 387 694 468 έχονσαι
717 388 823 469 κρίμα,
854 382 900 450 ότι
920 381 974 464 τήν
998 380 1119 467 προίτην
1140 387 1237 448 πίστιν
1255 379 1423 466 ἠθέτησαν·

275 489 345 555 τίλλό
360 492 550 576 γαμείτωσαν,
572 490 842 564 τεκνοποιείτωσαν,
864 487 1170 550 ολκοδεσποιείτωσαν.
1215 486 1258 550 El
1270 485 1303 551 δέ
1317 481 1335 550 ό
1350 481 1426 550 όπό·

275 598 375 666 στολος
394 591 469 675 λέγει
490 597 686 674 τεκνογονεῖν,
715 590 945 665 οἰκοδεσποτεῖν,
976 577 1060 652 οῦτοι
1083 587 1114 653 δέ
1136 592 1350 672 παραιτοῦνται
1371 583 1428 666 τήν

272 695 477 778 τεκνογονίαν,
497 688 596 770 όφειός
610 692 670 756 έστι
686 691 737 755 ιιαλ
748 697 842 771 κακῆς
857 692 1046 762 διδασκαλίας
1059 684 1092 752 τό
1111 689 1289 772 ἐπιχείρημα.
1317 683 1427 752 ‘Ham'-

274 818 357 877 μενοι
373 791 428 878 γάρ
444 799 480 881 νή
495 789 590 880 ήδονή
607 799 660 873 τῆς
675 794 816 876 πορνείας
830 792 1000 856 ἐπινοοῦσιν
1014 791 1129 864 ἑαυτοῖς
1144 787 1331 874 ἀκαθαρσίας
1353 814 1429 872 προ-

276 893 396 977 φάσεις,
424 892 507 968 ὅπως
531 891 637 970 δόξωσι
659 900 858 977 πληροφορείν
880 888 933 974 τήν
953 893 1066 956 ἓαυτοῦν
1080 887 1236 976 άσέλγειαν.
1281 893 1343 956 Καὶ
1364 894 1429 956 ἔδει

276 996 330 1079 μέν
348 992 470 1078 άληθῶς
487 1001 579 1060 ταῦτα
597 991 670 1076 μήτε
692 995 840 1078 λέγεσθαι,
870 990 942 1076 μήτε
960 994 992 1058 έν
1010 991 1190 1077 συντάγμασι
1211 995 1430 1069 καταξιοῦσθαι

276 1094 461 1183 γράφεσθαι,
482 1094 657 1161 θάπτεσθαι
676 1095 707 1161 δέ
731 1091 829 1178 όίςπερ
847 1091 954 1178 νεκρόν
976 1121 1042 1158 τινα
1061 1091 1197 1160 ὀδωδότα
1219 1094 1271 1160 καλ
1293 1092 1429 1176 λοιμώδη

276 1195 436 1283 άποφοράν
449 1199 591 1274 πνέοντα,
613 1199 663 1262 ’ίνα
678 1193 720 1278 μή
737 1197 789 1260 καλ
806 1192 843 1260 δι’
859 1192 953 1278 άκοῆς
972 1194 1135 1278 λυμήνηται
1150 1195 1220 1272 τοῦς
1234 1194 1429 1276 άνθροίπους.

164 1325 216 1370 με·
228 1313 261 1357 ⁸¹·
280 1301 339 1364 Καλ
359 1302 386 1364 εί
407 1299 459 1382 μὲν
478 1295 673 1383 παρεληλύθει
694 1292 715 1378 ή
728 1295 851 1377 τοιαύτη
867 1299 992 1381 αἵρεσις,
1014 1299 1065 1360 καλ
1082 1293 1180 1362 οόκέτι
1196 1291 1233 1380 ήν
1248 1300 1280 1363 έν
1293 1306 1334 1386 τῷ
1357 1302 1430 1386 βίῳ,

275 1398 392 1486 όγαθόν
408 1393 446 1482 ἦν
462 1397 571 1482 ταύτην
586 1397 705 1480 θάψαι,
726 1399 778 1462 καλ
794 1396 865 1480 μήτε
884 1395 959 1474 ὅλως
972 1399 1040 1480 περλ
1054 1395 1145 1480 αότῆς
1161 1402 1262 1464 εἰπεῖν.
1302 1396 1429 1482 Ἐπειδιὶ

276 1502 310 1570 δέ
323 1504 376 1568 καλ
391 1504 451 1567 έστε
466 1502 516 1566 καλ
535 1498 702 1585 πράττεται,
724 1497 948 1584 προετράπημεν
963 1499 996 1564 δὲ
1012 1496 1071 1565 όιιδ
1088 1507 1140 1582 τῆς
1156 1497 1242 1582 ῦμαῑν
1257 1499 1431 1584 τιμιότητος

277 1605 346 1688 περλ
363 1600 483 1668 πάντων
497 1603 605 1680 εἰπεῖν,
627 1602 701 1687 μέρη
713 1597 805 1682 αότῆς
821 1599 1005 1686 διηγησάμην
1021 1599 1237 1686 άναγκασθελς,
1259 1606 1309 1668 ίνα
1324 1601 1358 1668 τό
1377 1629 1431 1683 φι-

277 1703 404 1787 λόληθες
419 1701 460 1786 μή
477 1701 713 1786 παρασιωπήσω,
735 1698 806 1766 όλλά
820 1699 1029 1786 όφηγήσομαι,
1051 1706 1092 1778 είς
1107 1701 1283 1786 άποτροπήν
1297 1703 1351 1786 μέν
1365 1711 1431 1770 τῶν

278 1803 465 1883 άκονόντων,
495 1806 537 1880 είς
560 1802 700 1886 αίσχόνην
723 1803 756 1868 δέ
778 1811 838 1868 τῶν
859 1802 1054 1889 πραττόντων.
1099 1803 1205 1870 Πόθεν
1220 1803 1275 1890 γάρ
1293 1803 1351 1870 οῦκ
1365 1808 1432 1888 έχο-

279 1931 331 1990 μεν
348 1909 441 1983 δεῖξαι
463 1902 535 1980 τοῦς
556 1901 626 1989 παρ’
650 1901 750 1979 αότοῖς
773 1902 887 1984 φόνους
907 1907 957 1970 καλ
981 1903 1127 1990 τερατόδη
1149 1907 1221 1990 έργα
1242 1908 1294 1972 καλ
1313 1905 1433 1983 τελετάς

279 2005 421 2091 διαβόλου
441 2009 472 2084 ἐξ
493 2008 625 2082 ἐπινοίας
645 2012 699 2072 τοῦ
720 2002 813 2072 αότοῦ
835 2005 976 2089 διαβόλου
997 2015 1060 2084 τοῖς
1081 2009 1363 2093 έμβεβροντημένοις
1379 2013 1431 2074 δο·

279 2112 399 2186 δείσαςς

32 2499 67 2518 η’
152 2523 218 2594 Κεφ.
231 2525 270 2580 ιε’.
367 2515 428 2578 Καὶ
445 2510 539 2590 σόθάς
553 2514 607 2597 μέν
620 2506 675 2581 οῦν
688 2514 850 2600 ἐλέγχονται
866 2516 909 2592 είς
929 2515 1193 2596 δφαντοισιοῦνται
1213 2517 1265 2582 καλ
1279 2521 1434 2602 προφασί-

281 2621 377 2693 ζονται
394 2617 462 2700 περλ
479 2623 532 2680 τοῦ
548 2615 636 2692 ξόλον
652 2623 705 2682 τοῦ
720 2619 751 2682 έν
763 2624 805 2704 τῷ
820 2615 929 2705 πράτρι
949 2623 1059 2703 Ψαλμῷ
1075 2619 1229 2704 εἰρημένον
1245 2617 1307 2698 ότι,
1330 2616 1435 2686 Δεόσει

281 2716 333 2784 τόν
349 2715 465 2800 καρπόν
481 2714 574 2783 αότοῦ
592 2719 624 2783 έν
642 2725 736 2806 καιρςδ
758 2715 866 2798 αότοῦ,
896 2719 946 2784 καλ
963 2717 996 2784 τό
1012 2717 1123 2799 φύλλον
1144 2717 1237 2786 αότοῦ
1261 2717 1318 2786 οῦκ
1336 2717 1435 2804 άττορ·

269 2816 429 2902 ’ρυήσετακ
472 2815 620 2904 ’Λνωτέρω
643 2817 698 2904 γάρ
724 2827 818 2884 κεῖται
837 2819 899 2898 ότι,
929 2816 979 2884 Ἐν
1003 2827 1044 2907 τῷ
1066 2819 1147 2909 νόμρι
1170 2819 1262 2886 αότοῦ
1284 2821 1437 2906 μελετήσει

281 2916 392 3006 ἡμέρας
416 2921 468 2984 καλ
492 2917 608 2994 νυκτός.
652 2918 759 3002 Νόμου
777 2921 809 2986 δέ
829 2913 912 2986 οῦτοι
932 2923 983 2986 καλ
1003 2920 1159 3004 προφήτας
1179 2920 1345 3007 άρνοῦνται.
1395 2927 1440 2988 Εί

282 3021 314 3086 δέ
328 3019 422 3104 νόμον
442 3025 548 3106 κυρίου
568 3017 741 3104 άρνοῦνται,
771 3021 825 3087 σῦν
844 3029 886 3110 τῷ
907 3021 990 3112 νόμιμ
1010 3025 1061 3088 καί
1083 3021 1135 3089 τόν
1151 3023 1314 3105 λαλήσαντα
1336 3027 1371 3092 έν
1394 3033 1439 3115 τῷ

281 3121 363 3210 νόμην
380 3128 609 3200 συκοφαντοῦσι.
654 3129 831 3188 Πλανοῦνται
851 3125 884 3190 δὲ
898 3121 970 3189 καθ’
985 3122 1131 3190 όπόνοιαν
1151 3125 1203 3192 καί
1224 3125 1440 3192 έκπεπτοίκασι

280 3231 333 3306 τῆς
350 3220 505 3306 άληθείας,
526 3227 622 3308 κρίσιν
643 3249 675 3290 τε
691 3222 744 3306 οόγ
767 3222 922 3309 ήγοῦνται,
954 3224 1021 3292 οῦτε
1043 3223 1202 3292 άνάστασιν
1225 3223 1437 3312 ὁμολογοῦσιν,

270 3323 351 3388 ’Ὅσα
374 3325 407 3390 δὲ
429 3323 609 3409 πράττουσιν
632 3327 664 3391 έν
684 3332 726 3412 τῷ
747 3325 861 3409 σοι’ματι
881 3325 993 3412 ήδονῆς
1016 3330 1132 3410 ἔμπλεοι
1154 3330 1317 3414 γινόμενοι,
1340 3337 1441 3396 ταῦτα

280 3422 525 3510 άποκαρποῦνται
541 3425 783 3509 ίκβακχευόμενοι
799 3437 863 3504 ταῖς
881 3437 935 3495 τοῦ
949 3431 1090 3511 διαβόλου
1109 3426 1232 3512 ήδοναῖς
1248 3455 1280 3496 τε
1294 3432 1348 3494 καλ
1369 3433 1438 3498 km-

280 3531 424 3608 θυμίαις,
456 3524 497 3603 οίς
517 3525 614 3610 πάντη
629 3529 681 3594 καλ
699 3537 849 3611 πανταχοῦ
867 3532 1029 3616 ἐλέγχονται
1052 3528 1111 3598 άπό
1133 3539 1188 3596 τοῦ
1212 3538 1267 3615 τῆς
1286 3528 1441 3613 άληθείας

280 3625 378 3712 λόγου.
420 3625 564 3712 Ἰωάννης
587 3627 642 3715 γάρ
667 3631 757 3715 λέγει,
789 3633 834 3695 Et
849 3658 894 3708 τις
909 3635 1036 3718 ἔρχεται,
1058 3634 1148 3715 φησλ,
1171 3631 1247 3718 πρός
1261 3629 1359 3715 όμᾶς,
1384 3637 1441 3700 καί

281 3725 318 3794 οό
336 3729 420 3813 φέρει
436 3727 490 3812 τήν
513 3728 634 3812 διδαχήν
650 3729 761 3813 ταύτην
781 3771 824 3784 -
845 3735 895 3798 καλ
914 3739 1016 3812 ποίανς
1040 3736 1146 3818 φησίν·
1175 3731 1196 3816 οἳ
1220 3729 1274 3815 σόη
1295 3731 1444 3822 όμολογεί

282 3827 413 3915 Χριστόν
429 3831 460 3896 έν
475 3832 559 3916 σαρκί
576 3831 742 3912 ἐληλυθότα
762 3872 805 3884 -
825 3831 1017 3920 ’Λντίγριστός
1031 3839 1099 3902 έστι.
1144 3839 1206 3901 Καὶ
1224 3843 1281 3901 νῦν
1291 3831 1443 3924 ’Λντίχρι-

279 3952 343 3996 στοι
357 3933 458 3997 πολλοί
473 3929 640 4017 γεγόνασιν·
663 3930 704 4008 οός
715 3930 756 4016 μή
771 3943 829 4000 νῦν
846 3932 1068 4022 όμολογοόντων
1082 3935 1134 4004 τόν
1147 3936 1277 4022 Χριστόν
1290 3937 1323 4002 έν
1341 3943 1443 4026 σαρκὶ

280 4031 442 4114 έληλυθότα
462 4031 662 4118 Ἀντιχρίσιων
679 4031 880 4119 όπαργόντων.
915 4035 999 4104 Ἀλλά
1020 4040 1072 4104 καλ
1094 4036 1183 4114 αότός
1199 4035 1217 4104 ό
1232 4037 1328 4124 σωτήρ
1343 4043 1442 4126 λέγει,

281 4137 322 4198 Οί
332 4137 562 4212 καταξιωθέντες
577 4139 629 4217 τῆς
645 4139 792 4216 βασιλείας
807 4145 866 4203 νῦν
881 4137 1017 4224 οόρανῶν
1031 4138 1099 4206 οῦτε
1114 4148 1275 4225 γαμοῦσιν,
1296 4139 1369 4206 οῦτε
1385 4171 1443 4228 γα-

279 4237 421 4316 μίζονται,
443 4232 502 4302 αλλ’
520 4236 664 4321 ίσάγγελοί
678 4239 758 4302 είσιν.
805 4237 850 4304 Οό
866 4238 960 4323 μόνον
976 4242 1024 4320 δὲ,
1055 4239 1126 4308 άλλόι
1141 4243 1192 4308 καλ
1213 4246 1263 4308 ἵνα
1279 4245 1364 4332 δείξῃ
1385 4245 1444 4327 τήν

278 4341 359 4418 ταφή
375 4332 493 4422 άγνείαν
509 4339 560 4404 καλ
576 4335 631 4420 τήν
646 4335 696 4403 διό
712 4345 766 4405 τοῦ
781 4336 908 4428 άγιάζειν
923 4337 1105 4428 όγιασιείαν,
1128 4341 1235 4424 φάσκει
1255 4349 1292 4433 τῇ
1312 4349 1444 4434 Μαρίᾳ,
