3036 4998
378 295 513 348 raanan
530 293 770 347 motmunt.
787 291 885 344 uana
899 292 990 344 ΧΠ.
1191 277 1256 342 rto

105 417 251 478 Demidert'o
266 417 425 478 deam
436 417 489 476 don
502 417 609 494 panta
625 417 792 476 παιόνων
809 413 958 479 nobam·
998 407 1112 494 Quibus
1129 410 1253 494 iusuper

106 517 279 580 vmabnlunn
298 515 371 594 hoo,
403 519 537 589 Carnem,
561 515 748 592 addiderant,
771 534 861 596 aeque
877 513 958 598 ipsos
980 511 1143 585 miserrime
1165 512 1253 579 dener

105 629 223 702 perant,
246 639 311 684 eum
327 637 380 702 pan
393 637 535 680 summam
550 617 646 680 anetus
662 616 824 686 adulterata
838 614 983 699 seriptnna
998 614 1074 678 hano
1088 615 1118 678 in
1133 616 1247 678 modam

105 721 292 784 extulerunts
332 722 408 782 Nom
425 722 563 782 meduno
578 721 736 782 deraidernnr'
747 721 932 797 inuadendae,
957 738 1067 778 omem
1081 719 1249 784 meamne

70 847 71 852 ¹
105 823 268 885 abacos?
309 819 401 902 Atqui
421 820 513 904 palem
531 818 600 886 ittet
618 819 797 898 ostenditur,
822 815 970 885 Christum
990 817 1136 883 dominam
1152 828 1183 880 et
1198 839 1248 902 pe.

103 922 172 984 seha
196 921 365 984 aalehnanee
387 931 417 986 et
439 939 544 984 earnes
567 922 682 998 edisse,
711 919 949 1002 queamdmodum
969 918 1042 983 dixi.
1086 917 1248 985 Praeterea

102 1044 142 1086 ex
160 1043 197 1086 eo
214 1022 279 1086 viso
297 1034 417 1106 possunt
433 1021 570 1104 redargui
587 1022 662 1104 qnod
683 1021 767 1088 boeto
785 1017 875 1090 Petro
890 1030 1080 1090 monstratum
1096 1031 1157 1100 ost,
1182 1041 1246 1084 num

103 1123 226 1186 iintenm
241 1123 310 1186 ittet
327 1123 442 1208 aspexit
457 1122 487 1186 in
504 1145 561 1206 qna
578 1126 704 1186 fananum
721 1143 757 1186 an
775 1122 916 1206 penndnm
932 1132 963 1184 et
978 1121 1120 1206 reptilium
1141 1143 1175 1186 ao
1195 1144 1247 1188 vo

103 1225 216 1288 luorum
236 1243 346 1308 genera
364 1224 460 1288 omnia
480 1224 714 1288 anatinohantun.
760 1221 926 1288 Seonndum
947 1243 1023 1306 qnae
1045 1222 1091 1286 dei
1113 1223 1163 1293 iila
1184 1246 1246 1288 vox

103 1337 147 1390 eat
161 1324 280 1404 audita,
307 1329 418 1404 Surge,
441 1329 551 1400 υοοιιιε,
575 1339 604 1386 et
614 1329 760 1388 mandore.
805 1323 1014 1408 despondente
1029 1321 1138 1403 Petro,
1161 1327 1249 1396 Adsit
1261 1337 1308 1380 Aa*
1322 1335 1354 1392 ¹02
1368 1337 1400 1382 ¹²

103 1431 228 1502 mmm,
252 1430 326 1490 nittt
338 1431 410 1488 esaia
432 1449 573 1488 nommurre
595 1430 641 1488 ned
653 1431 820 1488 immundum
836 1429 955 1488 armeta
972 1430 1001 1490 ia
1019 1447 1051 1487 er
1066 1448 1171 1502 meam,
1195 1427 1247 1496 da-

103 1529 198 1592 minus
214 1527 349 1605 subieoit,
374 1531 454 1605 Quod
468 1532 536 1590 deas
547 1531 721 1607 putrefierent,
746 1539 776 1594 to
791 1547 933 1590 emmane
948 1549 984 1588 ee
998 1531 1116 1588 deheres.
1149 1525 1247 1610 Siqui-

103 1631 167 1694 dam
184 1641 309 1712 utroque
327 1632 412 1694 modo
430 1629 595 1694 onnia-mani
617 1629 726 1692 variae
744 1638 851 1712 potest.
885 1625 958 1693 Sive
975 1626 1050 1690 enim
1069 1629 1198 1696 dixerint
1211 1631 1246 1697 ad

102 1731 200 1796 omnia
220 1730 435 1796 esculentorum
451 1749 561 1812 genera
575 1726 656 1793 Petri
674 1728 780 1793 dietum
797 1729 865 1800 iilud
883 1729 1047 1809 pertinere,
1077 1751 1141 1793 etan
1164 1729 1245 1808 nteit,

101 1834 186 1893 Nihil
203 1853 323 1912 nonquam
340 1853 481 1894 mmmuae
494 1834 541 1892 vel
553 1835 736 1905 sammaa,
762 1841 793 1894 ut
806 1841 836 1898 et
852 1830 962 1907 boves,
985 1851 1100 1916 uepres,
1124 1851 1197 1897 ovas
1212 1851 1247 1894 ao

102 1931 240 1998 volueres
257 1953 427 2000 communes
443 1953 509 1997 ease
528 1932 671 2010 voluerit,
695 1933 791 2001 rtatim
808 1931 874 1994 idos
889 1931 969 2015 prior
986 1932 1049 1995 eins
1066 1931 1184 1996 vivendi
1200 1954 1247 1997 re-

103 2035 142 2098 tio
160 2033 284 2100 refellit.
328 2033 424 2103 Dneta
442 2035 545 2119 qnippe
561 2034 619 2099 iam
640 2053 734 2096 uxore
752 2053 816 2096 num
836 2042 865 2096 et
880 2031 989 2097 liberos
1009 2031 1130 2099 baberet
1147 2044 1178 2097 et
1199 2056 1247 2098 sa-

101 2155 184 2200 ornm
204 2157 221 2202 n
242 2133 410 2200 indaeonnnn
427 2134 601 2200 ceremoniis
617 2155 685 2198 sese
700 2134 736 2203 ed
749 2130 899 2200 Christum
918 2135 1099 2219 aggregavit.
1143 2135 1186 2199 Αι
1201 2133 1248 2200 in-

101 2236 168 2300 daei
185 2236 324 2300 oannihnr
341 2247 517 2314 vereantur,
548 2256 603 2300 nen
618 2256 718 2299 earnm
737 2257 806 2300 usus
823 2236 896 2320 apud
917 2237 983 2301 ilios
1006 2237 1248 2300 exennabtttson

102 2349 153 2404 aut
170 2336 345 2422 prohibitus.
391 2333 466 2402 Cum
490 2337 579 2420 igitar
596 2335 680 2402 initio
703 2337 840 2408 carnibus
857 2346 1005 2416 uteretur,
1036 2340 1139 2402 saitem
1160 2339 1196 2402 ad
1218 2339 1247 2403 id

102 2459 197 2522 usqae
218 2449 331 2523 tempus
353 2461 410 2522 qno
426 2438 456 2506 in
471 2436 619 2502 Christum
637 2439 783 2502 dominam
802 2438 919 2516 inuidit,
943 2439 1126 2502 manifestum
1143 2449 1189 2505 est
1204 2438 1248 2505 ni·

101 2540 142 2606 hii
158 2541 239 2606 ilium
254 2541 329 2625 qnod
347 2561 501 2604 oommnne
519 2562 577 2604 rnna
592 2550 673 2604 uarat
686 2559 738 2624 pra
755 2540 899 2605 communi
913 2539 1061 2604 habuisse.
1085 2538 1155 2604 Non
1169 2543 1246 2604 anim

101 2661 207 2708 omens
229 2641 311 2706 oibae
331 2642 492 2710 eommunis
515 2641 711 2724 immundiqne
731 2659 804 2704 vone
822 2640 992 2726 complexus
1007 2651 1071 2720 est,
1100 2643 1152 2704 sed
1174 2661 1248 2725 quos

100 2743 248 2810 eiusmodi
267 2762 335 2814 esso
351 2743 402 2806 lex
421 2743 482 2828 ipse
501 2743 663 2806 definierat.
708 2739 783 2814 Cum
799 2741 888 2825 igitar
904 2751 1018 2806 annotet
1038 2763 1096 2806 non
1112 2743 1149 2814 de
1169 2745 1248 2806 amnti

99 2843 236 2910 earnium
251 2863 360 2927 genere
378 2845 504 2908 loentum
519 2864 587 2920 eene
598 2841 736 2922 Petrum,
760 2854 791 2908 ut
810 2863 912 2908 omnes
934 2865 1000 2906 esse
1022 2864 1189 2908 communae
1205 2844 1247 2906 di·

99 2956 203 3022 aerot‚
234 2945 286 3010 sed
304 2945 340 3010 do
365 2945 402 3012 iis
420 2967 493 3028 qaas
512 2965 578 3008 ensa
601 2965 768 3010 communen
785 2944 1006 3029 immundasque
1030 2947 1080 3008 tex
1101 2947 1245 3024 edixerat,

100 3047 176 3112 dens
192 3056 311 3116 saantee
329 3043 440 3112 Christi
457 3047 602 3110 pendendae
621 3058 717 3119 notam
736 3048 914 3130 formamque
932 3046 1146 3132 praeteribant,
1170 3067 1248 3122 oopu-

100 3169 193 3215 muae
214 3148 367 3231 quinquen
387 3149 532 3232 appoiiare
554 3147 709 3232 prohibuit.
755 3143 862 3212 Omnia
884 3147 988 3233 quippo
1011 3169 1081 3232 pura
1104 3161 1191 3226 stant,
1222 3149 1247 3222 si

100 3271 169 3318 oum
193 3249 309 3314 natione
331 3250 489 3332 gratiarnm
508 3249 612 3332 deique
634 3249 836 3314 bonodintione
855 3262 1017 3317 sumantur.
1062 3248 1141 3333 Quin
1160 3251 1247 3323 atium

99 3349 288 3419 vocationem
308 3349 436 3432 gentium
454 3352 548 3414 visum
566 3351 634 3416 tttnt
651 3350 855 3429 adumbrabat,
880 3371 916 3414 na
934 3351 1083 3435 praeputia
1102 3352 1249 3436 praeditas

99 3471 274 3518 eommnaoe
289 3451 474 3536 impurosque
489 3462 637 3520 oeasaret.
682 3449 863 3536 Quamquam
881 3452 995 3516 obinata
1015 3453 1063 3526 itia
1080 3449 1169 3516 Patra
1182 3473 1249 3538 epe-

100 3553 165 3620 aies
180 3573 239 3620 nou
257 3552 293 3614 ad
309 3552 514 3635 significandos
535 3553 684 3631 borsines,
707 3556 758 3621 aad
779 3555 813 3616 ad
831 3574 867 3617 aa
883 3573 957 3637 quaa
973 3555 1037 3636 iege
1055 3565 1140 3618 erant
1160 3555 1250 3616 intrr-

100 3654 182 3720 tiata
197 3653 366 3736 speetabet3
390 3655 418 3718 it
437 3656 512 3737 qued
530 3665 667 3720 onustare
683 3654 802 3726 naiiibet
817 3665 923 3738 potest.
957 3652 1001 3720 lte
1018 3657 1142 3740 nadiqm
1160 3675 1250 3738 nagn-

102 3757 181 3822 toria
204 3775 240 3822 ao
262 3755 336 3821 teris
357 3755 472 3822 ittonam
495 3756 593 3841 opinio
616 3757 749 3820 ononidat
771 3776 893 3820 nonense
914 3767 973 3818 est.

188 3853 279 3924 iiten
302 3857 500 3941 apostoloram
521 3857 658 3936 aomina,
690 3879 746 3941 qno
766 3857 878 3922 ionibus
897 3868 1149 3922 secuturarum
1169 3857 1250 3943 polii·
1284 3875 1344 3943 cap.

98 3959 198 4035 dani,
229 3977 281 4042 pen
297 3958 510 4025 simulationem
527 3959 697 4036 admittunt,
720 3959 823 4043 quihus
842 3959 928 4022 etiam
948 3961 1092 4022 obstinatos
1109 3960 1249 4043 quasdam
1266 3945 1362 3997 xxttt.

100 4079 170 4124 aaa
187 4059 278 4126 titios
293 4059 473 4137 iasonihnnt,
503 4060 583 4126 velut
599 4081 616 4126 a
633 4057 757 4139 baraba,
780 4059 949 4138 Methora,
973 4081 1009 4124 ne
1026 4060 1145 4143 nabqais
1165 4061 1251 4126 disni-

97 4161 178 4245 pniis
199 4160 305 4230 editas.
349 4159 432 4228 inter
455 4181 528 4243 quaa
548 4159 774 4234 insanientium
801 4163 1053 4248 apostoli.namea
1078 4163 1250 4240 admistam,

98 4283 163 4346 qun
178 4283 280 4334 aarum
298 4263 435 4334 semonia
453 4264 545 4346 possit
561 4283 601 4331 nx
616 4263 695 4330 omui
712 4275 792 4348 pande
811 4265 998 4348 deprehendi.
1044 4261 1120 4328 Nam
1139 4285 1197 4330 noa
1215 4285 1252 4328 eo
