3010 5000
272 313 280 336 ι
316 311 559 364 rinnandins.
578 310 993 364 scutatrtatsttxxxvut.
1167 301 1228 364 509

82 428 123 492 tia
141 429 189 493 vel
201 429 236 492 ad
251 431 416 515 usurpanda
431 431 476 494 dei
491 431 631 517 mysteria
648 430 850 510 convenimus,
874 430 980 494 nullum
1000 429 1148 494 nobiscum
1163 451 1228 495 sce·

80 532 147 610 lus,
179 533 353 618 voluptatem
377 533 502 612 nullam,
534 533 628 597 nullas
652 555 715 596 oum
741 553 884 616 quoquam
906 532 1084 611 simultates,
1119 533 1226 597 nullum

81 633 208 718 denique
225 634 255 698 in
274 634 502 700 animisnostris
520 634 711 720 improbitatis
727 633 880 718 vestigium
898 634 1064 698 efferamus.
1110 635 1228 719 Alioqui

83 738 229 820 quomodo
243 736 403 800 columbam
417 737 605 816 imitabimur,
621 736 678 802 nisi
692 737 817 800 malitiae
830 735 920 800 simus
935 739 1092 822 expertes?
1120 734 1228 819 Quam·
1279 737 1293 761 ¹

83 859 169 922 quam
188 861 280 922 genus
297 838 365 903 illud
381 840 477 903 avium
496 861 554 902 nun
572 841 650 903 omni
669 861 706 903 es
724 850 807 924 parte
826 837 967 902 laudabile
983 840 1033 902 sit.
1078 837 1134 902 Eat
1151 841 1226 903 eninr

81 941 257 1026 propensius
273 942 302 1004 in
317 941 481 1020 libidinem,
505 963 540 1006 ac
554 941 630 1006 coitu
647 941 826 1025 frequentius
839 941 946 1020 utitur,
971 951 1068 1025 utpote
1084 942 1228 1006 salacissi-

79 1063 161 1106 mum
186 1054 214 1106 ct
240 1042 442 1128 voluptuosum
463 1043 585 1122 animal,
620 1044 693 1107 adde
714 1041 887 1108 imbecillum
914 1052 944 1106 et
969 1043 1118 1126 ignavom.
1169 1043 1228 1109 Sed

81 1145 160 1228 quud
174 1144 249 1208 idem
261 1145 377 1208 minime
393 1146 497 1209 malurn
513 1146 684 1230 patiensque
697 1147 746 1224 sit,
768 1165 822 1208 uec
836 1145 960 1208 iniuriae
975 1146 1149 1224 meminerit,
1169 1157 1227 1210 turri

80 1267 156 1311 vera
172 1247 247 1331 quod
264 1246 413 1311 culumbae
430 1247 528 1332 specie
542 1247 661 1332 spiritus
677 1259 794 1311 sanctus
808 1246 990 1331 apparuerit,
1013 1247 1135 1332 idipsum
1154 1251 1229 1332 quod

80 1348 197 1434 spiritui
215 1358 317 1413 sancto
333 1360 447 1432 gratum
463 1371 497 1413 ac
513 1349 667 1415 iucundum
685 1360 745 1426 ast,
775 1348 939 1412 innocentis
956 1349 1105 1413 columbae
1120 1351 1228 1434 simpli-

80 1452 199 1514 citatem
216 1449 322 1514 imitari
341 1473 395 1515 nos
413 1452 458 1515 dei
475 1449 603 1516 Verbum
621 1451 786 1532 admonuit3
817 1465 864 1528 nt,
896 1453 970 1534 quod
987 1452 1022 1515 ad
1039 1450 1143 1515 bonum
1162 1453 1228 1516 atti-

80 1564 149 1633 net,
183 1552 340 1638 prudeutes
361 1563 391 1615 et
409 1553 522 1632 callidi,
555 1554 590 1617 ad
609 1555 713 1618 malunt
732 1574 803 1618 vero
821 1553 965 1638 simplices
983 1573 1049 1618 csse
1067 1553 1227 1618 videamur.

81 1651 150 1736 Qua
168 1656 281 1718 ratione
296 1656 390 1719 omnis
406 1655 518 1720 illarum
534 1655 708 1720 machinatio
725 1655 903 1720 dissolvitur.
943 1652 1020 1718 Nam
1038 1667 1067 1719 ct
1082 1657 1228 1739 apostulus

78 1757 292 1820 veteratoriam
311 1756 495 1822 calliditatem
516 1767 546 1822 ct
563 1759 700 1823 malitiam
719 1758 957 1822 abundantiorem
978 1757 1046 1821 nulli
1066 1780 1150 1843 quam
1168 1758 1229 1822 dia·

79 1859 151 1922 bolo
170 1881 205 1923 ao
222 1860 350 1945 serpenti
368 1860 480 1925 tribuit.
529 1865 634 1935 Talnae,
660 1859 768 1943 inquit,
792 1881 827 1922 ne
842 1864 919 1922 rabat
933 1881 1046 1940 rupem
1059 1865 1162 1922 Herum
1181 1872 1378 1934 aeternius.

81 1966 287 2024 dambertum
302 1983 364 2035 ruo,
389 1967 429 2024 r'ta
444 1974 660 2044 campmana-
674 1985 772 2024 sensua
786 1967 882 2036 uestra',
906 1973 936 2023 et
947 1967 1079 2024 accedant
1092 1984 1109 2024 a
1123 1968 1230 2044 rainpla'·

81 2069 170 2125 oa'tute
190 2075 218 2125 et
238 2070 367 2126 ccrn'tate
382 2067 491 2126 canan·
508 2085 542 2128 ac
563 2069 681 2126 tuan'uta.
728 2061 803 2128 Vide
822 2074 943 2148 atquae
961 2077 1063 2128 contra
1081 2063 1194 2129 blevam
1212 2087 1229 2129 a

82 2177 223 2250 serpente
245 2177 354 2230 structa
378 2177 445 2228 sunt
466 2167 659 2252 corruptelam
683 2176 712 2230 et
728 2166 932 2250 nequissimam
948 2167 1082 2231 astutiam
1100 2189 1135 2231 ac
1152 2169 1230 2232 trau·

82 2269 149 2332 dem
166 2269 313 2352 apostolus
331 2289 398 2332 esse
413 2269 597 2352 pronuntiet,
622 2289 715 2354 oeque
733 2269 818 2332 laude
835 2269 951 2354 dignum
969 2269 1111 2354 quicpiam
1129 2271 1164 2334 ab
1180 2271 1229 2336 illo

82 2378 282 2456 perpetratum
305 2370 433 2434 deliniat.

182 2468 327 2554 Quocirca
353 2473 430 2536 omui
460 2494 500 2536 ex
526 2483 607 2558 parte
632 2473 746 2538 illorum
772 2472 981 2558 constringitur
1009 2495 1043 2537 ac
1069 2473 1233 2538 declaratur
1251 2481 1363 2550 Gap-tlt.

82 2571 232 2652 amentia,
255 2574 279 2636 si
297 2574 361 2658 quis
379 2576 511 2640 veritatis
528 2575 687 2640 doctrinam
704 2596 738 2639 ac
754 2576 873 2661 spiritus
887 2576 980 2640 sancti
995 2576 1146 2640 scientiam
1161 2576 1232 2640 velit

81 2676 250 2762 percipere.
295 2673 355 2740 Sed
375 2698 412 2740 nc
430 2687 542 2763 tempus
559 2678 634 2741 ultra
651 2689 820 2757 conteram,
843 2678 896 2741 hac
913 2677 992 2742 velut
1011 2678 1115 2741 difficili
1132 2699 1166 2741 ac
1182 2697 1232 2763 pe·

82 2778 215 2842 riculcsa
232 2779 325 2864 pelagi
341 2789 511 2864 tempestate
525 2781 706 2866 perfunctus,
727 2779 862 2864 scapham
878 2779 913 2843 ad
927 2780 1000 2844 alius
1016 2780 1231 2862 navigationum

82 2901 192 2946 cursus
214 2879 384 2965 expediam,
415 2882 488 2944 adeo
510 2893 541 2945 ut
561 2884 659 2946 lances
677 2883 755 2967 ipsas
773 2881 903 2946 studiose
922 2893 1053 2960 teneam,
1085 2881 1230 2945 divinavi
1337 2929 1343 2944 .

82 3003 120 3046 ac
137 2993 306 3048 sanctorum
324 2983 457 3068 precibus
474 2984 618 3062 conlisus,
642 2995 674 3047 ut
689 2994 720 3048 et
734 2984 922 3048 vehementes
940 2985 1006 3048 irati
1023 2985 1111 3047 uraris
1128 2983 1230 3047 ductus

82 3097 114 3150 et
133 3095 343 3150 venenatarum
360 3084 466 3148 ibidem
482 3085 639 3150 bestiarum
656 3087 769 3170 species
786 3087 996 3171 praetercundo
1010 3087 1171 3164 videamus,
1187 3086 1230 3148 ni-

82 3188 183 3272 hilque
205 3188 288 3250 uobis
311 3187 426 3251 interim
447 3209 649 3252 muraenarum
674 3199 725 3252 aut
742 3189 910 3273 pastinacae
931 3198 982 3252 aut
999 3188 1159 3253 dracaenae
1182 3198 1230 3250 aut

80 3289 228 3354 carcharii
248 3289 298 3352 vel
314 3310 493 3377 scorpaenae
515 3292 595 3354 virus
618 3291 700 3355 exitii
723 3291 843 3369 aderat,
874 3311 908 3354 ac
929 3293 1041 3354 tenum
1061 3291 1096 3354 ad
1116 3289 1227 3353 lelicem

81 3391 221 3457 veritatis
243 3401 356 3476 portum
378 3392 512 3474 precibus
534 3403 564 3456 et
586 3392 765 3456 orationibus
787 3394 850 3456 irati
874 3393 1019 3477 navigium
1042 3392 1228 3478 appellamus,

80 3507 114 3558 ut
140 3493 213 3558 baec
238 3493 266 3556 iu
291 3492 374 3557 nobis
396 3515 465 3558 vcra
487 3494 526 3558 sit
547 3495 708 3579 scripturae
730 3495 892 3559 sententia:
924 3499 981 3573 θιιι·
998 3499 1135 3575 aour'gont
1153 3515 1230 3556 mare
1242 3503 1330 3600 ¹{patg-

80 3603 204 3658 &tutes
225 3599 331 3658 domani
345 3608 475 3658 narrant.
521 3596 568 3660 Ad
585 3597 705 3660 alteram
725 3597 812 3682 igitur
829 3598 983 3681 deinceps,
1014 3608 1046 3661 ut
1062 3598 1090 3660 id
1108 3615 1227 3660 narrare
1280 3587 1286 3612 ’
1326 3586 1332 3600 ’

80 3699 248 3785 possimus,
270 3699 478 3784 protectionem
500 3699 690 3784 accingimur.

327 3937 666 4015 ADVERSUS
707 3937 993 4030 OAIANOS,

257 4081 337 4152 quac
364 4065 415 4133 est
440 4058 586 4184 haeresia
604 4059 754 4153 XVIII,
781 4060 850 4136 sire
869 4055 1065 4133 XXXVIII.

174 4204 231 4290 Qui
248 4205 351 4274 Caiaui
368 4209 455 4293 vulgo
472 4221 673 4298 nuncupantur
689 4212 823 4276 haeresin
839 4232 921 4276 suam
939 4232 956 4274 a
971 4206 1065 4274 Caico
1080 4204 1229 4290 cognomi·
1247 4215 1306 4284 cap.
1318 4216 1337 4265 ι.

83 4320 207 4376 narrant.
253 4310 338 4374 IIunc
354 4311 431 4375 euim
448 4315 632 4398 praedicant,
655 4325 685 4378 et
702 4323 852 4399 pareutum
870 4334 953 4377 sunm
971 4311 1124 4398 appellant.
1171 4305 1230 4391 Qui

85 4415 203 4499 quidem
221 4413 328 4493 variis,
360 4425 391 4479 ut
407 4415 448 4479 ito
465 4417 575 4497 dlcam,
607 4438 623 4484 e
639 4418 774 4482 ductuum
790 4415 991 4481 iactationibus
1006 4412 1113 4480 emersi
1128 4412 1230 4481 eodem
