3018 4994
122 1005 173 1050 ρις.
184 992 229 1037 219.

116 1283 183 1351 Κεφ.
200 1281 227 1338 ε’.

240 333 302 396 406
666 345 787 398 ειαοτι
805 345 974 398 mamm

241 481 288 526 σιν
304 466 363 524 τοῖν
379 461 585 547 πρεσβυτέρων
600 459 694 545 όμῦν.
743 471 836 528 Τοῦτο
854 465 887 528 δὲ
901 460 1021 539 Ἡσαΐας
1038 460 1220 546 ἐξεφώνησεν
1236 459 1343 540 είπαόν,
1362 458 1390 524 '0

243 560 314 636 λαός
331 554 419 640 οὗτος
434 571 496 638 τοις
510 568 611 645 χείλεσί
626 591 661 646 με
677 572 761 654 τιμᾷ,
783 563 803 648 ἦ
820 565 852 630 δέ
870 569 978 649 καρδία
994 561 1093 630 αότοῖν
1109 563 1212 650 πόρρω
1230 561 1329 646 άπίχιι
1345 559 1389 628 άτί

244 667 331 746 ἐμοῦ
363 663 458 747 μάτην
474 665 506 730 δέ
522 667 658 750 σέβονταί
673 694 722 750 με,
751 667 940 752 διδάσκοντες
959 671 1208 746 ιοδιδασκαλίας,
1237 663 1393 748 ἐντάλματα

244 764 424 852 άνθροίπων.
468 775 582 850 Σαφοῖς
604 761 659 836 οὖν
680 772 713 836 έκ
732 769 844 836 τούτων
865 773 907 847 είς
929 773 995 854 τρία
1017 768 1223 856 διαιρούμενος
1242 765 1261 834 ό
1280 767 1392 851 σόμπας

243 872 354 947 ἐκεῖνος
371 873 518 936 δείκνυται
532 869 630 954 νόμος.
675 874 832 948 Μοτϋσίοις
845 897 875 938 τε
892 870 950 958 γάρ
966 869 1076 952 αὐτοῦ,
1098 874 1149 936 καὶ
1165 877 1223 936 τῶν
1240 872 1393 954 πρεσβυτέ·

243 999 320 1057 ραν,
348 973 399 1038 καί
421 970 512 1038 αότοῦ
534 981 588 1038 τοῦ
610 981 687 1040 θεοῦ
708 971 831 1058 εὕρομεν
851 977 1032 1057 νομοθεσίαν
1054 977 1086 1039 έν
1103 970 1192 1062 αῦτρῖ.
1236 971 1324 1056 Αῦτη
1346 972 1394 1055 μὲν

244 1067 300 1141 οὖν
321 1073 341 1158 ἡ
361 1079 501 1158 διαίρεσις
521 1083 575 1142 τοῦ
597 1078 769 1158 σύμπαντος
790 1079 903 1143 έκείνον
923 1075 1020 1158 νόμον
1041 1067 1099 1141 τόδε
1119 1073 1191 1158 ἡμῖν
1213 1079 1394 1162 διαιρεθεῖσα

244 1175 277 1242 τό
301 1180 333 1244 ἐν
354 1174 432 1266 αότρῖ
453 1176 564 1259 άληθές
585 1176 800 1265 άναπέφαγκεν.

333 1278 428 1345 Πάλιν
442 1281 473 1345 δὲ
489 1280 527 1363 δη
541 1279 574 1346 τό
587 1285 621 1346 ἓν
635 1283 738 1367 μέρος,
761 1279 780 1346 ό
796 1278 890 1346 αδτοῦ
903 1287 957 1346 τοῦ
972 1286 1048 1346 θεοῦ
1064 1277 1165 1362 νόμος,
1188 1283 1344 1364 διαιρεῖται
1358 1281 1396 1355 είς

245 1385 311 1467 τρία
325 1379 406 1462 τινά,
429 1385 471 1458 είς
489 1408 519 1446 τε
535 1382 589 1465 τὴν
602 1382 743 1469 καθαράν
755 1388 950 1466 νομοθεσίαν,
972 1381 1026 1466 τὴν
1042 1379 1234 1466 άσιίμπλοιιον
1249 1389 1292 1470 τῷ
1305 1388 1395 1469 κακῷ,

244 1483 279 1560 δς
294 1485 344 1549 καῖ
360 1488 471 1567 κυρίοις
490 1485 595 1566 Νόμος
609 1487 735 1570 λέγεται,
762 1485 798 1552 δν
812 1484 869 1552 οόκ
884 1479 959 1568 ἦλθε
976 1491 1136 1551 καταλῦσαι
1152 1481 1169 1549 ό
1185 1482 1299 1567 σωτὴρ,
1328 1481 1395 1548 άλλά

244 1695 345 1767 λειον),
365 1691 416 1752 καλ
433 1691 474 1764 είς
487 1688 519 1754 τό
535 1692 791 1776 συμπεπλεγμένον
804 1698 845 1780 τῷ
857 1695 974 1774 χείρονι,
996 1692 1046 1755 ιιαῖ
1064 1697 1123 1780 Ιτῇ
1136 1687 1247 1777 άδικίρι,
1269 1687 1309 1770 ἣν
1324 1685 1395 1752 άνεῖ-

244 1798 292 1856 λεν
311 1787 329 1856 ό
346 1789 442 1874 σωτὴρ
460 1788 606 1857 α’νοίκειον
623 1790 692 1858 όντα
708 1800 745 1882 τῇ
761 1795 869 1858 ἑαυτοῦ
886 1790 988 1874 φύσει·
1019 1797 1172 1875 διαιρεῖται
1189 1792 1222 1856 δέ
1237 1792 1290 1855 καλ
1308 1792 1349 1866 είς
1363 1787 1393 1854 αδ

248 1891 369 1958 τνπικόν
385 1895 436 1957 καλ
450 1893 638 1976 συμβολικόν,
660 1892 693 1959 τό
710 1892 773 1959 κατ’
790 1893 890 1960 είκόνα
909 1901 993 1960 ατεόν
1007 1900 1214 1977 πνευματικῶν
1229 1895 1283 1958 καὶ
1297 1897 1394 1972 διαφε-

246 1993 359 2082 ρόντων
373 1997 594 2079 νομοθετηθὲν,
617 1995 635 2062 δ
654 1998 816 2080 μετέθηκεν
832 1993 851 2062 ό
867 1995 964 2080 σοιτήρ
982 1993 1042 2063 άπδ
1061 1999 1210 2079 αἰσθητοῦ
1225 1997 1278 2060 κοιλ
1294 2019 1393 2076 φαινο·
1492 2019 1493 2054 ι

247 2099 338 2180 μένον
354 2098 404 2162 έπλ
419 2096 451 2162 τό
468 2099 669 2182 πνευματικόν
682 2102 733 2166 καί
750 2097 888 2183 άόρατον.
933 2101 996 2163 Καὶ
1012 2100 1072 2164 ἔστι
1087 2099 1141 2181 μέν
1156 2095 1175 2164 ό
1188 2105 1242 2164 τοῦ
1255 2105 1334 2163 θεοῦ
1349 2096 1395 2163 νό-

248 2226 305 2283 μος
322 2197 340 2265 ό
355 2199 491 2284 καθαρός
504 2204 554 2267 καῖ
572 2199 760 2284 άσόμπλοκος
773 2209 815 2288 τρῖ
829 2206 937 2286 χείρονι
953 2199 1027 2283 αότὴ
1043 2197 1064 2283 ἦ
1078 2199 1260 2286 Δεκάλογος,
1285 2204 1318 2266 οἷ
1329 2201 1395 2265 δίκα

246 2299 328 2386 λόγοι
343 2304 450 2370 ἐκεῖνοι
465 2307 496 2368 οί
512 2306 544 2370 έν
559 2314 624 2380 ταῖς
637 2307 705 2370 δυσί
721 2305 808 2381 πλαξλ
823 2305 1037 2386 δεδιηασμένοι,
1068 2305 1111 2378 τίς
1125 2327 1156 2367 τε
1173 2297 1324 2386 άναίρεοιν
1340 2308 1396 2366 τόν

250 2403 426 2486 3άφεκτέιαν
441 2408 493 2470 καί
510 2409 551 2481 είς
566 2406 723 2492 πρόςιαξιν
738 2413 798 2472 τοῖν
813 2406 975 2486 ποιητέων,
998 2410 1029 2470 οῖ
1046 2409 1149 2490 καίπερ
1164 2402 1308 2489 καθαράν
1323 2406 1397 2486 έχον-

246 2532 293 2584 τες
309 2506 363 2590 τὴν
381 2511 575 2590 νομοθεσίαν,
607 2507 648 2591 μὴ
667 2511 778 2592 ἔχοντες
794 2510 826 2573 δέ
840 2506 873 2573 τό
890 2509 1015 2587 τέλειον,
1046 2509 1162 2573 ἐδέοντο
1180 2515 1234 2590 τῆς
1249 2503 1332 2591 παρά
1345 2511 1397 2571 τοῦ

248 2617 382 2696 σωτῆρος
397 2608 586 2695 πληρώσεως·
610 2608 628 2676 ό
640 2613 674 2676 δέ
688 2613 748 2677 έστι
762 2611 1016 2695 συμπεπλεγμένος
1029 2616 1065 2698 τῇ
1079 2607 1195 2698 άδικίρι,
1217 2600 1308 2685 οὗτος
1322 2605 1398 2674 δτια·

247 2710 283 2777 τά
294 2711 348 2796 τὴν
361 2710 475 2794 άμοναν
493 2714 543 2777 κοιλ
558 2709 757 2779 ἀνταπόδοσιν
768 2719 828 2778 ταῖν
840 2710 1102 2798 προαδιινησάντοιν
1114 2715 1262 2794 κείμενος,
1286 2709 1397 2791 όφθαλ

247 2812 305 2898 μόν
326 2811 390 2878 άντὶ
412 2811 590 2897 όφθαλμοῦ,
619 2817 671 2880 καλ
692 2813 801 2882 όδόντα
822 2813 887 2880 άντλ
908 2811 1031 2889 όδόντος
1050 2811 1249 2878 ίιικόπτεσθαι
1265 2811 1398 2892 κελεῦον,

246 2918 298 2982 παὶ
318 2915 414 2997 φόνον
435 2913 501 2981 άντλ
518 2914 616 2996 φόνου
635 2914 814 3000 άμόνασθαι.
861 2914 958 2981 Οόδὲν
975 2915 1030 3000 γάρ
1049 2908 1138 2998 ἦττον
1159 2911 1246 2980 καλό
1265 2914 1398 2999 δεύτερος

249 3017 360 3084 άδικοῖν
374 3016 479 3098 α’δικεῖ,
501 3026 538 3108 τῇ
551 3018 629 3096 τάξει
644 3018 737 3102 μόνον
751 3018 939 3098 διαλλάσσειν,
960 3017 995 3084 τό
1010 3015 1082 3084 αότό
1098 3015 1290 3103 ἐργαζόμενος
1306 3019 1399 3101 ἔργον.

254 3128 346 3186 Τοῦτο
362 3121 395 3186 δὲ
408 3119 605 3207 έπρόςταγμα
618 3125 734 3186 δίκαιον
746 3122 799 3204 μέν
812 3119 905 3197 άλλως
916 3122 968 3185 καλ
980 3113 1018 3204 ἦν
1032 3122 1083 3184 καὶ
1097 3123 1167 3198 ἔστι,
1182 3116 1232 3185 διά
1244 3117 1301 3201 τὴν
1315 3117 1399 3184 άσθέ-

248 3249 329 3289 νειαν
352 3229 412 3288 τοῖν
434 3225 699 3306 νομοθετηθέντων
719 3226 751 3289 έν
768 3221 948 3308 παρεκβάσει
966 3230 1020 3287 τοῦ
1037 3227 1176 3306 καθαροῦ
1194 3219 1292 3303 νόμον
1308 3221 1400 3299 τεθὲν,

248 3323 395 3392 είνοίκειον
413 3327 445 3391 δὲ
467 3333 528 3416 ὁτῇ
544 3333 599 3391 τοῦ
616 3324 728 3412 πατρός
743 3333 803 3390 τοῖν
816 3323 891 3391 όλων
907 3322 995 3405 φάσει
1009 3349 1039 3389 τε
1054 3325 1106 3389 καί
1121 3321 1301 3408 άγαθότητι·
1333 3327 1401 3399 ίσανς

248 3429 281 3494 δδ
295 3435 381 3494 τοῦτο
397 3427 583 3511 κατάλληλον,
607 3427 767 3513 ἐπάναγκες
781 3428 813 3492 δέ
826 3434 943 3509 μᾶλλον.
986 3423 1019 3491 ‘0
1033 3423 1088 3512 γάρ
1103 3423 1220 3491 παλτόν
1236 3427 1289 3491 ένα
1305 3424 1400 3506 φόνον

249 3528 286 3596 οῦ
308 3528 487 3613 βουλόμενος
507 3534 628 3596 ἔσεσθαι
650 3533 681 3596 έν
701 3537 742 3619 τῷ
763 3531 870 3614 λέγειν,
903 3526 948 3594 Οά
964 3527 1135 3610 φονεόσεις,
1166 3525 1337 3613 προςτάξας
1351 3524 1401 3592 τόν

249 3634 344 3714 φονέα
357 3631 614 3714 άντιφονεόεσθαι,
628 3633 764 3716 δεύτερον
776 3630 870 3713 νόμον
881 3638 1054 3714 νομοθετεῖν
1068 3632 1119 3696 καλ
1131 3632 1201 3696 δνσὶ
1211 3627 1322 3710 φόνοις
1334 3633 1403 3716 βρα-

251 3734 362 3818 βεόαν,
393 3733 410 3801 δ
426 3734 478 3802 τόν
494 3738 546 3801 ἕνα
562 3733 785 3821 άπαγορεόσας,
814 3737 919 3799 ἔλαθεν
935 3731 1042 3800 ἔαυτόν
1059 3729 1109 3798 όπ’
1126 3729 1258 3817 άνάγιιης
1275 3735 1403 3806 κλααιείς.

252 3836 308 3903 Διό
331 3836 370 3920 δὴ
392 3835 411 3903 ό
434 3835 484 3903 τίν’
505 3839 619 3904 ἐκείνου
637 3835 873 3924 παραγενόμενος
888 3835 955 3912 υἱός
970 3843 1059 3902 τοῦτο
1081 3833 1114 3900 τό
1132 3836 1221 3921 μέρος
1238 3841 1293 3899 τοῦ
1309 3832 1404 3917 νόμον

251 3937 413 4029 άνῄρηκεν,
443 3937 628 4026 όμολοηήσας
646 3941 697 4006 καί
719 3936 810 4016 αότός
831 3937 906 4004 είναι
926 3945 980 4004 τοῦ
1000 3943 1092 4016 θεοῦ,
1122 3939 1156 4002 ἔν
1176 3960 1206 4000 τε
1227 3945 1290 4012 τοῖς
1309 3935 1406 4011 ἄλλοις

286 4095 323 4146 15.
343 4098 400 4147 cod.
415 4101 490 4148 λἰπιί.
508 4095 689 4155 διδασκαλίαις.
843 4097 916 4157 λουῖο,
932 4108 944 4144 ι
959 4095 1055 4158 ριιιιελλο
1070 4095 1139 4144 λαίαν
1153 4095 1238 4155 οτφίλῖι
1252 4095 1310 4144 λοοο.
1341 4095 1405 4144 διατι·

285 4164 344 4214 διν.
358 4165 388 4213 V.
408 4191 438 4201 -
466 4167 487 4216 ί.
504 4167 540 4216 λιιι
558 4167 712 4215 emendarunt
729 4166 809 4215 Ριλου.
843 4177 921 4213 οιιιτιι
937 4163 1021 4213 habent
1035 4161 1085 4214 νῦν
1100 4155 1156 4214 κατ’
1172 4157 1259 4214 εἰκόνα
1273 4159 1406 4229 διαφαρίι·

252 4235 353 4282 crabim
377 4235 463 4294 αλλῖηυι
488 4247 531 4294 φτα
556 4229 602 4296 τήν
625 4226 725 4286 ἀδικίαν
750 4247 810 4295 ηοαι
843 4247 901 4284 τιον.
943 4233 1093 4292 Quamquam
1116 4231 1213 4280 Ριιιτοῖα
1235 4227 1406 4295 διαφερόντως

253 4302 351 4362 vulgata
374 4305 406 4348 ιιι
425 4303 548 4362 scriptura.
580 4302 642 4362 (ὶνῖδ
659 4293 687 4353 ὃν
702 4304 747 4350 sibi
760 4305 815 4351 νιλίί
843 4302 920 4362 παρῖι
940 4300 1038 4360 placuit.
1073 4299 1175 4348 σταδίοιο
1194 4299 1264 4359 plen
1283 4299 1407 4348 δτλαπδιιι

252 4368 381 4417 emendatio
396 4369 519 4418 σΡιλιιυία
532 4371 557 4419 in
567 4383 643 4432 παις.
654 4383 698 4430 pro
709 4360 742 4434 ἣν
753 4385 809 4431 pro·
843 4381 891 4420 ιιτε
906 4369 994 4418 mun
1010 4367 1108 4416 αλιι-ναι
1124 4366 1185 4414 ι’λλυδ
1206 4357 1261 4418 κατ’
1278 4361 1374 4418 εἰκότα.

251 4439 328 4498 posita
335 4437 440 4498 ιφιῖδιια
449 4439 552 4488 nondum
555 4439 626 4519 μοιυί
635 4441 734 4498 assequi.
753 4440 809 4488 σοσ.
876 4435 900 4486 3.
917 4429 1047 4501 ἀφεκτέον
1067 4435 1151 4494 scripsi
1172 4447 1224 4483 ευπ
1245 4435 1346 4484 Patauio
1365 4447 1406 4496 φτο

254 4504 351 4566 δλιδλς.
367 4503 435 4552 haba
450 4495 482 4568 ἣν
500 4497 528 4558 αίι
546 4507 649 4557 ανεῖλεν.
842 4499 993 4570 α’φθέκτοιν,
1011 4503 1082 4564 ηιιοδ.
1098 4502 1134 4551 τιλ
1150 4503 1227 4562 prm.
1243 4505 1263 4550 ιλ
1281 4502 1336 4551 md.
1349 4503 1407 4552 nh·

287 4571 311 4620 2.
328 4571 499 4636 πνευματικῶν
516 4573 560 4626 καὶ
576 4574 684 4634 rescripti
700 4586 753 4622 ονιπ
765 4575 809 4622 Pe·
842 4573 890 4635 δίς.
902 4573 1023 4634 ρταιδιτιί,
1040 4571 1077 4621 ντί
1090 4561 1252 4636 &Qum
1268 4571 1334 4632 ηιιεδ
1347 4583 1406 4620 τιοτ-
