3036 4998
260 273 321 336 284
683 283 804 336 σιειστι
821 283 987 336 εειειιιιυι

262 397 313 465 διά
335 397 388 464 τόν
406 396 568 481 ἐμπεσόντα
589 397 676 482 λόγον
693 402 850 481 διεξῆλθον
867 397 921 482 τήν
938 401 1006 484 περί
1026 396 1139 464 τούτων
1159 401 1304 482 ίστορίαν,
1334 398 1408 480 πλην

263 497 309 566 ὅτι
330 497 389 565 ἀπό
412 507 467 583 τῆς
485 497 679 583 μετοιτήσεως
700 501 798 566 πολλοί
817 498 905 575 όίλλας
922 499 1019 583 χώρας
1037 498 1207 582 οἰκήσαντες
1222 506 1276 566 τοῦ
1293 497 1408 585 Ἰσραὴλ

261 594 338 683 ἦσαν
352 604 518 685 σπέρματος
533 599 607 666 ιιατά
623 599 772 683 διαδοχήν.
801 598 957 686 Ἐλέγοντο
972 599 1028 685 μάρ
1041 603 1093 666 ναί
1108 599 1232 682 ένάστης
1245 599 1341 685 χοίρας
1355 627 1408 665 ιτα-

261 710 396 788 τριτῦιαι,
418 700 459 778 οῦς
473 705 524 767 καί
540 706 574 766 αί
584 703 745 788 θυγατέρες
757 708 812 767 τοῦ
822 699 927 786 Ἰοθόρ
941 700 995 784 τήν
1010 700 1168 784 ἀντίληψιν
1183 709 1237 766 τοῦ
1252 705 1409 777 Μαῦσέιας

261 812 302 892 τῷ
320 806 409 888 πατρί
425 801 611 889 ἀπήγγειλαν,
633 801 674 879 ἀς
688 800 856 885 ἀποστήσας
871 801 941 879 τοῦς
954 804 1096 884 ποιμένας
1110 802 1243 869 ἐπότισεν
1260 801 1359 868 αῦτῦν
1371 802 1409 867 τά

261 905 414 991 πρόβατα,
445 907 496 970 καὶ
518 915 709 988 πορευθεῖσαι
733 907 801 987 περὶ
823 901 932 970 τούτου
956 901 1128 989 ἀφηγοῦντο
1154 911 1196 991 τῷ
1218 907 1284 991 ίδίρα
1309 910 1407 988 πατρί.

267 1013 327 1072 Τοῦ
344 1008 376 1072 δέ
388 1008 541 1092 λέγοντος,
569 1011 629 1071 4Τί
646 1003 800 1089 ε’ταχύνοιτε
816 1005 944 1090 σήμερον
956 1012 1011 1070 τοῦ
1027 1008 1139 1083 έλθεῖνς
1170 1003 1216 1070 ἐπ’
1233 1003 1324 1071 αύτδν
1337 1009 1409 1084 έφα-

262 1129 316 1174 σαν
331 1107 387 1184 ότι,
408 1105 495 1193 Ἀνὴρ
510 1107 674 1194 Αἰγύπτιος
688 1106 809 1191 ἐρύσατο
824 1105 902 1190 ἡμᾶς
914 1105 973 1172 ἀπό
985 1114 1046 1172 τῶν
1059 1109 1219 1189 ποιμένων,
1239 1109 1291 1172 ιιαί
1306 1105 1406 1190 ἤντλη-

262 1230 309 1286 στ,
336 1211 388 1274 ναί
408 1208 540 1275 ἐπότισεν
556 1207 642 1292 ἡμῶν
660 1208 696 1274 τά
714 1211 876 1293 θρέμματα.
921 1211 982 1274 Καί
1001 1207 1094 1284 εύθύς
1111 1204 1129 1273 ό
1146 1206 1237 1284 αῦτός
1254 1211 1313 1290 ἔφη
1332 1206 1408 1294 πρός

262 1309 369 1390 αῦτάς,
396 1307 456 1375 Διά
471 1315 500 1376 τί
514 1307 570 1377 οόιι
586 1309 708 1395 ἠγάγετε
723 1308 814 1376 αῦτδν
832 1303 906 1391 όδε,
935 1313 986 1376 ἴνα
1001 1308 1083 1400 φάγη
1099 1309 1203 1394 ἀρτονς
1238 1315 1288 1387 Τίς
1303 1311 1335 1376 δέ
1351 1309 1407 1376 ούτι

262 1409 342 1478 οίδεν
363 1411 409 1478 ότι
431 1419 568 1495 Μινῦσῆς
588 1410 655 1486 υίός
678 1412 731 1494 μέν
753 1417 862 1497 γίνεται
881 1419 935 1477 τοῦ
959 1409 1096 1496 ὅ’νίμροίμ
1115 1413 1166 1477 ναί
1188 1418 1242 1494 τῆς
1260 1409 1408 1494 Ἰαχαβὲτ,

263 1512 401 1598 οἈμράμ
423 1514 456 1580 δέ
476 1521 531 1579 τοῦ
553 1510 661 1593 Καάθ,
694 1513 787 1577 Καάθ
810 1513 843 1578 δέ
863 1521 916 1580 τοῦ
937 1515 1030 1592 Λευί,
1059 1516 1137 1579 Λευὶ
1157 1513 1190 1578 δέ
1210 1520 1265 1578 τοῦ
1285 1511 1407 1596 Ἰαιιιίβ,

260 1612 371 1698 Ἰαιιτδβ
389 1616 446 1681 7δέ
462 1623 516 1681 τοῦ
530 1612 650 1694 Ἰσαάτι,
670 1612 774 1680 Ἰσαάιι
789 1616 821 1680 δέ
835 1621 889 1681 τοῦ
902 1612 1050 1699 Ἀβραόμς
1071 1617 1121 1679 καί
1137 1613 1193 1680 ούιι
1210 1611 1270 1680 ἀπό
1285 1622 1340 1680 τοῦ
1356 1641 1408 1680 τια-

260 1724 376 1782 λεῖσθαι
390 1715 442 1782 τόν
456 1718 592 1782 Μαῦσέα
607 1713 773 1802 Αίγύπτιον
787 1715 907 1794 πόντος
924 1715 944 1800 ἦ
959 1721 1011 1799 τῆς
1027 1713 1169 1802 εόγενείας
1184 1717 1236 1780 ιιαί
1251 1723 1305 1782 τοῦ
1320 1720 1408 1802 σπέρ-

261 1843 353 1900 ματος
372 1819 504 1884 διέπεσεν
521 1815 695 1883 ἀκολουθία.
742 1816 862 1884 Ούτιοῦν
879 1811 960 1885 οῦτοι
979 1822 1204 1900 παταλείψαντες
1217 1816 1272 1899 τήν
1291 1815 1364 1884 όδδν
1378 1822 1411 1883 οἱ

261 1917 321 1987 ἀπό
341 1926 396 1986 τοῦ
412 1916 559 2002 Ἐβίοινος
576 1921 791 2002 πεπλανημένοι
811 1921 861 1985 έπί
881 1917 989 1994 πολλός
1005 1919 1231 2005 διεστραμμένας
1248 1915 1341 1995 όδαύς
1357 1923 1408 1985 καί

262 2019 373 2104 ἀνόντη
394 2024 495 2106 τρίβον
515 2019 569 2085 τόν
589 2028 663 2086 ναῦν
684 2020 887 2086 έτδεδεόιτασιν.

122 2125 190 2194 Κεφ·
202 2122 249 2186 κε’·
347 2120 481 2205 Λόχοῦσι
495 2123 527 2188 δέ
539 2121 627 2188 πόλιν
640 2121 800 2206 περιτομὴν
811 2125 934 2207 ἔχοντες,
955 2124 1006 2186 ποιί
1022 2123 1213 2204 σεμνύνονται
1225 2125 1321 2204 δῆθεν
1334 2119 1410 2188 εἶναι

261 2223 371 2306 ταύτην
386 2227 537 2309 σφραγῖδα
551 2222 710 2309 ἡγούμενοι
728 2226 779 2288 ναί
795 2231 963 2310 χαρακτῆρα
979 2231 1038 2288 τῶν
1050 2249 1080 2288 τε
1095 2230 1282 2310 πατριαρχῦν
1296 2225 1347 2288 ναί
1366 2229 1409 2288 δι-

142 2352 193 2398 τις.
206 2341 251 2388 ιιι.
263 2330 357 2392 ιιαίοον
370 2331 430 2391 τόν
443 2323 517 2390 ιιατά
531 2323 583 2391 τόν
599 2323 691 2408 νόμον
705 2329 965 2408 πεπολιτευμένων,
986 2323 1024 2391 δι’
1038 2323 1092 2400 οῦς
1105 2327 1274 2402 ἐξισοῦσθαι
1287 2326 1411 2400 έιιείνοις

262 2431 426 2508 νομίζουσι,
447 2428 498 2492 καί
513 2431 587 2510 δῆτα
602 2425 653 2492 ἀπ’
669 2424 762 2492 αύτοῦ
777 2435 830 2492 τοῦ
848 2434 978 2513 Χριστοῦ
994 2426 1048 2509 τὴν
1062 2426 1201 2492 σύστασιν
1216 2424 1324 2510 ταύτης
1338 2426 1409 2509 βοό-

261 2536 361 2594 λανται
377 2528 492 2612 φέρειν,
524 2525 564 2604 οίς
580 2530 630 2593 καί
649 2532 682 2594 οί
696 2531 763 2613 περί
783 2527 947 2614 Κήρινθον.
993 2530 1072 2592 Φασί
1090 2526 1146 2614 γάρ
1165 2529 1217 2594 τιαί
1233 2520 1318 2593 οῦτοι
1335 2527 1411 2592 ιιατά

262 2627 314 2694 τόν
330 2632 448 2696 ἐκείνων
465 2629 581 2714 ληραόδη
598 2627 686 2714 λόγον
704 2627 826 2712 ἀρκετόν
840 2638 882 2718 τῷ
899 2637 1021 2719 μαθητῇ
1039 2625 1114 2694 είναι
1133 2627 1173 2705 οἱς
1190 2626 1208 2694 ό
1225 2627 1410 2705 διδόσιιαλος.

266 2732 455 2816 Περιετμήθη
473 2729 545 2816 γάρ,
572 2733 678 2813 φησίν,
704 2730 722 2796 ό
742 2731 885 2816 Χριστός,
912 2734 963 2796 ταί
981 2731 1020 2796 σῦ
1036 2731 1238 2815 περιτμὴθητι.
1283 2733 1345 2796 Καί
1361 2735 1412 2796 ἵνα

264 2829 339 2896 ιιατά
354 2830 449 2896 πόντα
463 2831 576 2915 τρόπον
593 2832 815 2916 καταισχύνηται
832 2841 886 2915 τῆς
900 2831 1013 2913 πλάνης
1029 2831 1066 2897 τά
1084 2834 1248 2918 σπέρματα,
1269 2830 1410 2916 καθάπερ

263 2931 381 3017 χαλινός
392 2941 428 3021 τῇ
439 2932 575 3023 θαλάσση
588 2936 620 3000 έιι
631 2941 706 3000 θεοῦ
718 2933 851 3016 όρισθείς
863 2942 988 3019 κλεῖθρα
999 2935 1048 2999 καί
1063 2933 1153 2999 πύλαι
1169 2943 1180 2980 ¹
1190 2931 1315 3016 ψόμμος
1327 2931 1414 3018 όριον

265 3037 316 3100 ιιαί
331 3033 503 3120 πρόςταγμα
518 3033 567 3114 τό,
589 3035 676 3111 Ἕας
691 3035 798 3102 τούτου
815 3035 932 3125 έλεῦση,
956 3037 1008 3101 καί
1024 3033 1077 3116 ούχ
1094 3031 1263 3124 ῦπερβήση,
1292 3032 1366 3098 ἀλλά
1380 3037 1414 3100 έν

264 3144 372 3224 σεαυτῇ
385 3135 626 3220 συντριβήσονταί
637 3159 692 3202 σον
705 3137 742 3202 τά
755 3136 886 3219 πόματα,
908 3139 1014 3220 φησίν,
1038 3135 1117 3201 οῦτοι
1132 3138 1184 3200 τιαί
1200 3127 1283 3200 οῦτοι
1298 3137 1329 3200 ίν
1341 3137 1412 3202 ἓαυ·

264 3246 328 3314 τοῖς
342 3237 687 3321 ιιαταδαπανηθήσονται.
730 3237 814 3304 Ἀλλά
832 3241 893 3304 ἐκεῖ
907 3240 960 3322 μέν
977 3239 1010 3305 έιι
1029 3241 1114 3304 θείου
1132 3235 1354 3322 πραςτόγματος
1372 3241 1414 3314 είς

265 3336 398 3417 εύταξίαν
413 3338 565 3421 θαλάσσης
579 3343 612 3406 έτι
628 3348 704 3406 θεοῦ
720 3344 831 3427 είρηται
848 3337 866 3406 ό
880 3347 935 3406 τοῦ
951 3339 1025 3425 ὅρου
1041 3337 1138 3424 λόγος,
1156 3340 1289 3404 ίνταῦθα
1304 3339 1338 3402 δέ
1358 3337 1412 3416 ἀφ’

265 3443 373 3523 έαυτῆς
394 3437 416 3523 ἦ
437 3445 525 3505 τιαιιία
539 3444 591 3506 ιιαί
606 3439 627 3524 ἡ
641 3441 737 3524 πλάνη
752 3441 960 3522 τυφλόπουσα
980 3439 1032 3505 τόν
1048 3447 1137 3518 νοῦν,
1164 3441 1217 3504 ταί
1237 3437 1288 3504 τόν
1304 3437 1413 3524 εύσερη·

265 3541 403 3628 λογισμόν
419 3538 675 3626 ἀποστρεφομένη,
702 3542 851 3626 προῦλαβε
869 3541 940 3607 καθ’
960 3543 1065 3624 έαυτῆς
1087 3540 1181 3624 όόςιτερ
1204 3537 1321 3622 πύματα
1336 3543 1412 3627 ἐγεί-

245 3665 360 3728 Ιρουσα
377 3641 413 3708 τά
430 3646 541 3726 σχέτλια
555 3651 615 3708 τῶν
630 3647 943 3732 προαπαγγελλομένων
957 3641 1059 3719 αῦτοῖς
1074 3640 1270 3724 ύπολήιμειον,
1301 3644 1415 3728 έτέροις
1502 3687 1503 3691 =

264 3743 393 3827 κύμασιν
414 3747 501 3834 ἑαυτῇ
523 3748 744 3831 συγκραύουσα,
774 3750 826 3811 καί
847 3749 878 3812 έν
899 3748 988 3835 έαυτῇ
1010 3742 1055 3810 ἀεί
1072 3745 1284 3826 συντριβομένη
1303 3744 1416 3828 ἑαυτήν

266 3845 406 3924 διαλύειν,
426 3844 595 3931 ι’ίτιαθάτιερ
610 3846 731 3927 έρπετδν
745 3847 843 3914 δεινόν
859 3850 953 3935 έαυτρῦ
967 3843 1187 3928 λυμαινόμενον
1200 3846 1251 3909 καί
1266 3842 1414 3932 ἀντιστρε·

267 3945 400 4030 φόμενον
414 3943 475 4013 ἀπό
491 3955 543 4030 τῆς
558 3950 666 4032 ιιέριιου
683 3950 734 4013 καί
747 3948 834 4014 ἕαντό
848 3953 1007 4015 αατεσθίον
1025 3945 1098 4013 αότό
1110 3949 1218 4012 ίαυτοῦ
1230 3944 1418 4014 ἀναλατιτιδν

299 4079 323 4136 4.
341 4087 549 4149 8ίσσοδ.ίίίιεδι’ρ.
564 4091 585 4135 εί
599 4089 728 4136 emulum.
755 4091 821 4139 mn
886 4085 911 4139 6.
929 4082 1206 4156 α’βρτιδμοοδ.ίίλτδι“ρ.
1236 4079 1346 4153 ἀμβράμ
1363 4089 1417 4137 eod.
1501 4052 1502 4099 ί

265 4155 317 4203 ενδ.
329 4157 400 4205 Vane.
412 4157 575 4215 τείαίρλιιιίιιτ
587 4152 611 4206 τί
624 4147 664 4206 δτι
676 4150 820 4222 ίτοχόιατι.
856 4158 929 4205 Velie.

267 4219 362 4283 Uterque
374 4227 440 4272 υελυτ
455 4224 528 4272 editor
545 4225 570 4270 ιἰι
586 4224 660 4270 νοτίδι
677 4239 701 4272 τι
717 4225 822 4272 uentibus
887 4221 911 4273 7.
926 4218 1052 4274 θέλουσιν
1064 4223 1114 4272 οοδ.
1125 4223 1220 4284 λλεδῐρ.
1234 4222 1314 4270 τιοοδ.
1327 4223 1419 4284 νοτία,

265 4291 387 4337 oscitanter
401 4290 508 4339 distinxit
521 4288 564 4341 τοῦ
580 4286 661 4341 έλῖλιῖν
675 4288 707 4343 έττ
729 4285 821 4351 (αἰτίοις
853 4303 883 4339 ετ
899 4303 944 4351 quo
960 4291 1062 4351 τεμοιυλι
1076 4293 1179 4351 primum
1197 4291 1314 4338 Ρείουλυι.
1352 4293 1417 4339 Nam

267 4351 363 4420 ίφασαν
379 4361 428 4405 τελλ.
854 4360 879 4406 λιι
895 4358 931 4405 εδ.
945 4361 1019 4418 pn'nc.
1034 4358 1195 4416 (insideretur,
1216 4357 1418 4419 manuductum
1500 4405 1501 4408 ,

300 4423 325 4472 δ.
342 4416 448 4489 α’βραδιμ
459 4426 617 4489 emmiu.
649 4419 756 4493 ἀμβράμ
770 4427 820 4476 cod.
853 4426 901 4488 [ττι
917 4425 1037 4474 literarum
1052 4439 1126 4474 vacuo
1141 4425 1226 4473 πίλοιο.
1500 4415 1501 4440 ¹

269 4491 343 4541 λ’σίίε.
359 4494 381 4539 τί
396 4491 450 4540 ιδίί.
464 4495 539 4554 prim.
890 4491 947 4543 Cn.
958 4491 1053 4542 xxvl.
1070 4517 1101 4530 —
1120 4495 1140 4542 1.
1155 4488 1261 4556 ψάμμος
1274 4491 1327 4542 eod.
1339 4495 1417 4544 Vane.
1500 4448 1501 4507 ί
