3090 5024
298 309 358 373 548
721 320 842 370 εκνοτι
861 320 1028 370 εειειικειιι

297 440 365 524 περί
380 435 437 519 τῆν
451 433 594 519 όλῆθειαν
609 433 798 518 ῆστοχηκέναι
816 437 904 520 λέγει,
928 439 1034 512 οἵτινες
1047 438 1096 501 καί
1111 434 1196 501 αύτολ
1212 444 1248 526 τῆ
1263 439 1373 524 αίρέσει
1388 441 1448 520 ἐξη-

176 573 226 618 pag.
238 559 284 604 κει.
298 539 504 621 κολοόθησαν,
528 537 613 602 ἄλλον
627 536 702 602 θεόν
718 540 970 623 καταγγέλλοντες,
992 540 1043 604 καί
1060 543 1243 624 γενεαλογίας
1256 537 1449 624 ἀπεράντους,

296 645 348 709 καί
368 641 483 724 πλάνην
501 643 718 725 ίπισπείροντες
738 649 801 716 τοῖς
819 638 1008 724 α’νθριόποις,
1040 642 1090 705 καί
1107 643 1241 726 λέγοντες
1262 641 1302 726 μῆ
1323 645 1357 708 ἐκ
1377 651 1450 709 θεοῦ

295 752 470 832 γεγενῆσθαι
486 741 538 808 τόν
552 741 680 823 κόσμον,
704 740 773 806 όλλιί
792 740 852 809 όπδ
869 741 979 828 Ἀρχῶυ
997 745 1047 808 καί
1065 741 1238 824 Ἑξουσιῶν,
1259 744 1313 827 τῆν
1333 747 1365 810 δὲ
1383 743 1451 810 τίνα’-

296 869 395 912 στασιν
415 845 473 929 ῆδη
489 853 679 932 γεγενῆσθαι,
710 843 760 909 διαί
780 853 840 910 τῶν
855 847 1019 931 γενομένων
1038 847 1147 911 τέκνων
1168 843 1227 913 ύτιδ
1246 848 1373 912 έκόστου
1393 855 1451 912 τῶν

295 948 476 1034 γεννώντων,
498 947 551 1030 τῆν
566 949 598 1012 δὲ
611 954 670 1011 τῶν
681 951 792 1032 νεκρῶν
806 945 843 1012 ού
855 949 988 1032 λέγουσιν
1002 951 1129 1014 ἔσεσθαι.
1171 951 1231 1013 Καί
1246 946 1347 1034 δρᾶτε,
1370 947 1450 1015 όδελ·

296 1053 366 1132 φοί,
388 1049 441 1117 τόν
456 1057 624 1136 χαρακτῆρα
642 1057 695 1132 τῆς
711 1046 867 1132 α’ληθείας,
889 1051 939 1115 καί
956 1049 1008 1116 τόν
1024 1054 1138 1137 ἐλεγχον
1156 1057 1208 1134 τῆς
1224 1051 1340 1117 τούτων
1358 1079 1448 1138 παρα-

295 1159 406 1236 νομέας.

377 1356 593 1441 Ὑπολαμβάνω
608 1359 704 1422 δὲκαὶ
719 1361 786 1444 περὶ
802 1356 916 1422 τούτων
929 1360 1038 1433 ίκανῶς
1052 1359 1198 1443 εἰρῆσθαι.
1233 1356 1332 1423 Ὅθεν
1345 1358 1453 1442 ταύτην

293 1459 469 1547 παραλιπιόν
490 1461 540 1526 ἐπὶ
562 1457 614 1535 τός
630 1462 696 1542 έξῆς
712 1459 766 1542 τῆν
782 1465 906 1546 πορείαν
920 1459 1096 1542 ποιῆσομαι,
1127 1463 1221 1526 ἐκεῖνο
1238 1459 1332 1542 μόνον
1349 1461 1452 1540 είπτδν,

295 1561 337 1638 ῶς
352 1562 432 1629 πόνυ
447 1567 580 1644 φαίνεται
597 1565 711 1628 ἐοικυῖα
729 1561 804 1645 αὕτη
822 1560 872 1627 διό
889 1570 941 1646 τῆς
958 1561 1158 1645 πολυωνύμου
1173 1561 1369 1646 Ἀρχοντιιιῆς
1385 1562 1452 1630 όνο-

293 1671 401 1747 μασίας
415 1671 451 1756 τῆ
466 1665 643 1752 πολυπλόκῳ
661 1665 810 1753 ἓριτετιόδη
826 1670 1000 1753 κακοηθείᾳ.
1049 1663 1167 1750 Τρόπον
1182 1665 1238 1750 γάρ
1253 1689 1319 1730 τινα
1333 1669 1367 1730 ἐκ
1381 1674 1451 1731 πολ-

291 1775 352 1834 λῶν
373 1769 502 1852 έρπετῶν
524 1765 630 1849 α’ναμλξ
651 1775 703 1849 τῆς
725 1769 837 1833 έαυτῶν
859 1767 972 1850 πλόνης
992 1769 1159 1852 συνηγμένη
1181 1769 1259 1832 ἐστίν
1278 1765 1299 1849 ῆ
1320 1771 1451 1850 ιὀβολία·

294 1867 359 1936 οίον
373 1869 406 1937 τό
421 1869 522 1956 θρασύ
539 1874 644 1952 έχουσα
659 1877 712 1936 τοῦ
728 1869 905 1954 δράκοντος,
934 1867 968 1935 τό
984 1867 1104 1954 δολερόν
1118 1873 1172 1934 τού
1189 1871 1368 1948 θφυσόλου,
1397 1869 1454 1954 τῆν

294 1969 472 2039 όνθέλκυσιν
491 1981 545 2055 τῆς
564 1981 659 2055 πνοῆς
680 1979 732 2038 τοῦ
758 1977 940 2055 8βαίτωνος,
972 1970 1004 2036 τό
1023 1977 1134 2057 γαῦρον
1155 1977 1209 2037 τοῦ
1226 1969 1384 2052 όκοντίου,
1418 1973 1451 2039 τό

293 2076 437 2161 προπετές
452 2082 505 2142 τοῦ
520 2073 702 2162 όστρακίτου.
746 2074 866 2141 Τούτων
880 2076 912 2140 δὲ
926 2076 1048 2140 πόντων
1062 2071 1117 2156 τῆν
1133 2072 1265 2157 κεφαλῆν
1278 2075 1450 2160 καταπατῆ-

293 2199 394 2254 σαυτες
410 2186 445 2268 τῆ
462 2186 516 2261 τῆς
530 2175 669 2261 όληθείας
682 2175 825 2242 όπο-θέσει
842 2180 892 2242 ἐπὶ
908 2175 960 2252 τός
977 2175 1083 2253 λοιπός
1098 2179 1275 2259 διέλθωμεν,
1299 2176 1450 2262 ἐπιπόθη-

292 2305 352 2360 τοι,
374 2279 428 2364 τῆν
450 2279 573 2363 ἑκάστης
593 2279 709 2363 πλόνην
730 2276 924 2360 ἀποκαλύψαι
945 2281 978 2344 έν
999 2284 1062 2369 θεῷ
1084 2277 1268 2364 παριέμενοι

540 2633 696 2702 ΚΑΤΑ
740 2631 1202 2716 ΚΕΡΔΩΝΙΑΝΩΝ,

444 2745 576 2842 εἰκοστὴ
602 2744 733 2844 πρώτη,
759 2743 782 2839 ἡ
808 2750 867 2820 καὶ
890 2743 1143 2844 τεσσαρακοστῆ
1172 2743 1293 2842 πρότη.

217 2947 222 2960 .
257 2905 274 2958 ’.
375 2895 498 2980 Κέρδων
513 2921 557 2970 τις
570 2893 695 2969 τούτους
711 2896 762 2959 καὶ
776 2893 829 2960 τόν
842 2891 1027 2978 Ἡρακλέωνα
1040 2894 1213 2976 διαδέχεται,
1231 2895 1263 2958 ἐκ
1279 2899 1334 2976 τῆς
1350 2893 1451 2961 αύτῶν

291 3003 397 3080 σχολῆς
420 2995 476 3077 ῶν,
508 2994 568 3062 dud
592 2994 729 3080 Σίμωνός
749 3021 779 3062 τε
800 2997 851 3062 καί
873 2999 1054 3080 Σατορνίλου
1074 2993 1174 3077 λαβοδν
1197 2993 1250 3070 τός
1274 2996 1448 3082 προφάσεις.

295 3091 390 3175 Οότος
406 3101 587 3182 μετανάστης
603 3104 710 3184 γίνεται
729 3096 788 3164 ότιό
806 3105 859 3180 τῆς
875 3104 998 3184 Συρίας,
1020 3100 1072 3162 καὶ
1087 3099 1134 3162 ἐπί
1153 3096 1207 3179 τῆν
1220 3095 1334 3180 Ῥῶμηυ
1351 3102 1450 3166 έλθιδν
1535 3183 1536 3198 ¹

290 3201 405 3286 λυμεῶν
425 3229 469 3279 τις
487 3203 616 3284 πέφηνεν
634 3203 727 3290 ἑαυτῷ
750 3225 779 3266 τε
800 3203 929 3274 καὶτοῖς
948 3197 1028 3288 αύτῷ
1046 3202 1236 3283 πειθομένοις
1258 3197 1450 3267 όέλεεινότα-

290 3331 348 3382 τος.
390 3302 516 3386 Ἐλεεινὴ
532 3301 587 3389 γύρ
604 3301 623 3386 ῆ
639 3302 729 3384 φύσις
744 3310 803 3368 τῶν
818 3299 1004 3388 όνθρῶπων,
1028 3301 1098 3366 όταν
1113 3308 1314 3384 καταλείψασα
1326 3301 1382 3386 τὴν
1395 3311 1450 3370 τοῦ

290 3415 366 3474 θεοῦ
388 3405 461 3474 όδόν
482 3414 642 3484 πλανᾶται,
674 3406 726 3470 καί
747 3401 806 3471 α’πό
828 3412 882 3487 τῆς
901 3411 955 3470 τοῦ
975 3411 1052 3470 θεοῦ
1070 3403 1198 3487 κλήσεως
1215 3403 1325 3487 ἕαντῆυ
1341 3403 1447 3490 όφορέ·

290 3531 373 3576 σασα.
419 3510 597 3591 Συμβέβηκε
617 3505 672 3594 γδρ
696 3516 758 3583 τοῖς
780 3507 928 3584 τοιούτοις
947 3503 969 3589 ῆ
990 3513 1042 3572 τοῦ
1062 3506 1155 3581 κυνός
1170 3512 1328 3592 παροιμία,
1357 3506 1394 3582 δς
1413 3515 1448 3596 τῆ

290 3619 358 3700 σκιᾷ
373 3612 522 3698 προςέχων
537 3603 574 3677 ού
590 3619 718 3693 κατεῖχεν
737 3612 768 3674 ἐν
784 3617 825 3697 τῷ
841 3608 977 3692 στόματι,
1008 3611 1161 3691 ἐμβλέπων
1175 3612 1217 3684 είς
1232 3609 1314 3694 ὕδωρ
1330 3611 1382 3675 καὶ
1397 3635 1445 3676 νο·
1535 3625 1536 3700 j

289 3719 375 3796 μέσας
396 3721 438 3802 τῷ
458 3712 544 3778 ὕδατι
565 3711 650 3778 σκιόν
669 3717 783 3794 μείζονα
800 3709 875 3776 είναι
893 3719 946 3794 τῆς
963 3714 994 3776 ἐν
1011 3718 1051 3798 τῷ
1071 3709 1192 3792 στόματι
1210 3708 1302 3777 αότοῦ
1319 3713 1447 3792 ἐδωδῆς,

288 3813 408 3893 όνοίξας
423 3815 456 3881 τό
473 3814 566 3897 στόμα
583 3815 633 3880 καί
648 3813 701 3896 τῆν
719 3807 811 3879 οὖσαν
826 3811 980 3880 όπιόλεσεν.
1028 3812 1115 3880 Οὕτω
1131 3815 1181 3878 καί
1199 3805 1284 3878 οὗτοι
1296 3810 1351 3896 τῆν
1369 3809 1444 3879 όδόν

288 3916 437 4004 εύρόντες,
460 3919 508 3984 καί
525 3914 701 3999 βουλόμενοι
716 3924 801 3993 σκιᾶς
815 3917 1021 4002 περιγενέσθαι
1035 3922 1088 3997 τῆς
1103 3917 1134 3980 έν
1147 3923 1184 4004 τῆ
1199 3912 1328 4003 όπονοίγι
1344 3913 1443 3980 αύιῶν

165 4063 216 4110 Μ,
230 4051 275 4094 τω,
289 4023 462 4107 γενομένης,
485 4018 538 4102 τῆν
555 4011 648 4086 οὖσαν
665 4022 696 4085 ἐν
712 4026 751 4108 τῷ
771 4018 893 4101 στόματι
909 4015 1022 4096 αὐτῶν,
1045 4013 1086 4093 ῶς
1102 4019 1211 4097 εἰπεῖν,
1234 4019 1266 4083 ἐκ
1280 4023 1359 4082 θεοῦ
1376 4043 1442 4102 τρο·

287 4120 349 4206 φῆν
364 4124 573 4210 κεχαρισμένην
589 4119 625 4188 ού
642 4118 734 4204 μόνον
750 4118 919 4199 οίποόλεσαν,
950 4117 1020 4184 όλλό
1037 4120 1088 4184 καί
1104 4117 1229 4205 όλεθρον
1245 4121 1363 4196 ἑαυτοῖς
1379 4122 1442 4185 ἐτιτ-

286 4223 446 4292 σπόσαντο.

375 4319 471 4404 Οὗτος
493 4331 593 4394 τοίνυν
615 4323 774 4414 όΚέρδων
794 4328 826 4394 ἐν
846 4323 965 4412 χρόνοις
985 4322 1103 4411 ’Τγίνσν
1127 4324 1245 4410 γέγονεν
1266 4321 1433 4390 ἐπισκόπου
1535 4369 1536 4410 γ

326 4553 349 4603 ’2.
367 4555 415 4603 Hoc
432 4557 543 4616 ιιτμιπίίι
557 4567 630 4616 uenus
646 4559 810 4604 σουιιιιειιιοταλ
825 4557 896 4604 etiam
912 4555 975 4604 ίιοιι.
989 4551 1038 4615 50,
1055 4548 1079 4605 3.
