3006 4990
345 291 480 342 rebatur
496 291 592 344 etat„
609 293 690 345 ΤΟΜ.
704 293 734 344 ll.
752 291 851 344 mett.
866 293 952 347 XXV.
1165 285 1225 348 167

78 410 191 492 angeles
210 420 242 474 et
257 410 433 488 daemones,
465 419 630 495 seraptem
649 409 768 496 spiritns
789 421 883 476 ortum
902 411 1050 478 babuisse.
1095 407 1157 478 Sed
1175 411 1219 477 lui·

78 511 209 576 striouiea
232 511 281 576 illa
305 511 441 594 figmenta
467 511 545 575 nullo
568 511 687 596 negotio
709 512 896 597 deteguntur.
939 512 1018 578 Nam
1040 535 1104 580 cum
1130 537 1218 580 unuru

76 610 150 676 initio
167 623 278 698 patrem
297 611 455 690 deliniant,
478 612 601 677 subinde
616 613 715 697 plures
733 613 804 677 deos
819 615 993 694 ostendunt,
1016 625 1049 680 ut
1063 616 1219 700 ipsummet

76 734 199 778 morem
215 735 268 778 sua
286 723 390 778 eontra
403 734 437 778 se
451 714 662 797 quodammodo
679 734 793 779 armare
810 716 959 780 mendacia
977 728 1218 795 commonstrent,

75 835 103 878 ae
122 815 253 900 seipsum
275 826 430 896 everterep
460 835 525 878 curn
545 815 661 880 iuterim
680 815 760 880 omui
777 837 816 880 ex
833 829 916 901 parte
934 818 1088 903 perspicua
1107 819 1218 884 veritas

76 927 217 1001 appareat.

149 1015 227 1101 Quid
245 1030 291 1082 est
307 1018 411 1102 igitur,
435 1015 578 1096 Nicolae,
607 1019 659 1082 tibi
677 1021 755 1104 quod
773 1022 935 1106 opponam?
963 1020 1099 1104 quidnam
1116 1023 1214 1108 dispu-
1230 1031 1290 1100 cap.
1305 1033 1348 1083 vr.

74 1119 153 1182 tabet
195 1116 281 1184 Unde
304 1120 388 1184 uobis
408 1129 519 1203 turpem
539 1119 619 1183 illum
641 1121 740 1186 nescio
760 1143 846 1206 quern
863 1121 999 1186 Aeonem
1018 1144 1052 1187 ac
1071 1124 1217 1208 nequitiae

75 1221 207 1300 radicem,
230 1233 259 1284 et
277 1221 428 1285 leocndam
443 1221 521 1284 illam
536 1217 693 1286 Matricem
708 1243 742 1286 ae
758 1223 882 1307 denique
898 1223 996 1309 plures
1011 1224 1082 1288 deos
1098 1245 1133 1288 co
1146 1226 1215 1290 dae-

76 1341 167 1386 mones
184 1322 320 1388 iuuebisi
361 1319 439 1386 Nunc
456 1322 531 1406 quod
550 1321 585 1386 ad
605 1324 768 1408 apostolum
784 1325 890 1390 attinet
908 1347 973 1390 eum
987 1326 1024 1392 iis
1040 1325 1141 1390 verbis
1159 1326 1215 1390 uti·

76 1432 130 1502 tur,
153 1428 191 1486 Sa·
204 1436 271 1486 sant
285 1429 337 1504 qui
349 1427 528 1504 appellantur
544 1428 600 1500 dri,
624 1445 677 1488 eoa
693 1445 834 1508 nusquam
853 1446 920 1490 essa
935 1426 1091 1510 signifieat.
1138 1422 1214 1492 Caum
1228 1443 1332 1500 nesea
1344 1446 1364 1490 e.

76 1524 159 1602 eninr,
193 1527 249 1604 Qui
262 1528 457 1606 appellantur,
487 1525 573 1603 dicit,
597 1526 659 1589 sola
676 1526 742 1590 illos
761 1526 954 1612 appellatione
972 1538 1125 1605 constare,
1149 1549 1214 1596 eum

75 1629 160 1711 reipsa
185 1627 302 1690 minime
321 1626 498 1705 subsistant,
530 1648 585 1690 nec
607 1627 692 1690 aliter
709 1647 793 1711 quern
814 1628 991 1711 quorundam
1011 1630 1145 1714 opinione
1164 1630 1215 1693 do·

11 1719 12 1788 Ῑ
76 1729 136 1792 cuit.
180 1731 270 1790 Nobis
287 1751 353 1790 uero
370 1733 453 1802 deus,
478 1727 588 1812 inquit,
612 1750 685 1789 unus
704 1741 761 1802 est,
787 1729 888 1808 uotis,
912 1731 1046 1814 inquam,
1070 1730 1118 1813 qui
1136 1731 1215 1793 veri·

76 1832 136 1894 tatis
151 1851 251 1894 sunaus
269 1829 437 1914 cognitione
456 1829 590 1916 praediti.
638 1827 706 1894 Neo
723 1829 771 1913 qui
789 1829 998 1916 appellaretur,
1030 1830 1082 1896 sed
1100 1830 1149 1915 qui
1169 1852 1215 1894 re-

75 1952 138 1994 vera
160 1942 240 1994 esset
261 1932 351 2011 deus,
382 1932 526 1995 adiunxit.
572 1927 658 2012 Quod
681 1930 707 1993 si
728 1951 802 1994 unus
825 1929 909 1995 nobis
931 1941 978 1995 eat
999 1930 1086 2012 deus,
1117 1932 1214 2018 plures

76 2033 183 2096 omniuo
204 2053 272 2096 esse
296 2054 354 2096 nou
378 2043 510 2118 possunt.
555 2032 680 2095 Accedit
701 2041 731 2094 et
749 2027 860 2096 Christi
883 2031 913 2095 iu
931 2032 1085 2116 evangelio
1107 2033 1213 2097 dietum

76 2133 152 2198 illud:
179 2139 216 2198 Ut
227 2146 400 2213 cognoscunt
412 2145 438 2196 te
453 2138 541 2197 solam
555 2155 649 2196 ware
664 2137 755 2196 deum.
793 2130 861 2215 Quo
875 2132 1039 2198 istiusmodi
1055 2134 1214 2214 homiuum,
1229 2153 1364 2210 tonnulae.

77 2235 117 2316 qui
135 2236 214 2300 lictae
235 2234 346 2300 tabulas
365 2257 401 2300 ae
419 2235 602 2320 multiplicem
619 2233 799 2298 diuinitatem
820 2235 1078 2313 commendarat,
1109 2256 1216 2302 sensus

77 2337 310 2422 recogitationes
327 2347 487 2404 everteret.
532 2333 615 2402 Unus
632 2335 709 2400 euim
726 2335 811 2400 nobis
827 2345 874 2400 est
889 2336 979 2416 deus,
1003 2347 1102 2421 pater,
1125 2337 1214 2414 lilius,

78 2448 103 2500 et
123 2439 238 2523 spiritus
260 2449 398 2518 sauctus,
429 2457 572 2522 personae
595 2447 674 2515 tres,
703 2457 762 2501 una
779 2436 954 2515 dominatio,
987 2436 1123 2502 divinitas
1145 2459 1214 2516 una,

79 2559 128 2602 uua
143 2541 234 2604 laudis
250 2539 385 2605 omatibus
405 2539 574 2624 gloriaeque
593 2538 786 2622 praedieatica
818 2538 939 2623 proinde
955 2558 1137 2622 nequaquam
1155 2540 1217 2624 plu·

77 2659 120 2704 rea
140 2641 176 2704 dii
196 2651 277 2706 suut.
322 2637 383 2704 lam
406 2639 492 2719 illud,
522 2639 598 2724 quod
621 2651 787 2723 usurpatum
807 2660 824 2702 a
842 2639 959 2703 dominc
978 2649 1039 2720 est,
1072 2642 1216 2724 quomodo

78 2751 119 2819 te,
140 2739 276 2820 Nicolae,
301 2743 413 2805 tandem
432 2753 553 2806 auctore
567 2740 738 2827 perlinitur?
780 2745 851 2804 Esse
866 2745 997 2826 quosdam
1012 2745 1154 2804 eunuedos
1168 2739 1313 2822 qar'ndcou.

78 2845 109 2902 ub
127 2846 279 2906 lumibibus
301 2847 422 2906 castrati
438 2855 521 2917 suot,
554 2854 584 2904 et
597 2846 669 2906 olibe
685 2865 744 2905 esse
760 2847 812 2924 qui
826 2845 896 2904 tolca
911 2864 930 2903 a
943 2848 1090 2905 nob'ua'tcte
1102 2846 1216 2922 prodie-
1235 2813 1267 2870 η’
1280 2815 1311 2858 ¹²

79 2949 143 3018 raet,
164 2949 237 3008 nlius
250 2949 369 3026 &napae
385 2949 436 3025 qui
447 2967 478 3006 se
494 2948 579 3024 regni
590 2947 718 3006 eoelestis
734 2965 834 3008 caussa
848 2948 1044 3006 coenaverint.
1091 2941 1218 3026 Quodsi

80 3046 199 3110 uouuulli
222 3045 361 3110 eoelestis
384 3046 467 3128 regni
488 3047 584 3128 gratia
605 3046 672 3108 laeti
694 3056 763 3110 suut
784 3044 926 3123 eunuchi,
961 3067 1014 3110 eur
1034 3045 1218 3128 temetipsum

81 3157 190 3230 tuosque
210 3147 368 3232 discipulos
385 3147 503 3211 libidine
523 3168 558 3210 ac
576 3147 743 3210 foedissima
760 3147 908 3231 voluptate
925 3146 1052 3231 decipis,
1083 3149 1218 3208 diuinum·
1231 3159 1325 3218 nonu,
1337 3158 1370 3205 re.

81 3269 125 3325 quc
142 3254 286 3312 cantorem
305 3270 511 3329 personatam
532 3252 697 3310 dacbctinbnr
717 3253 837 3321 rebbo,
867 3267 901 3310 ec
919 3267 1072 3332 perperam
1088 3247 1218 3310 docendo

80 3349 232 3433 depravas?
276 3347 356 3414 lstud
379 3370 539 3434 porroque
557 3349 672 3412 taudem
691 3359 772 3432 pacto
790 3348 866 3433 apud
882 3358 911 3410 te
928 3348 1058 3432 geritur?
1100 3353 1143 3412 Ite
1161 3351 1217 3410 urb·
1231 3359 1368 3416 uuonan.

78 3455 181 3528 gruibus
194 3465 374 3532 paeceptum
391 3455 568 3514 domininon
586 3453 691 3526 bobeop
722 3453 868 3512 consilinm
890 3462 981 3512 cutem
1003 3454 1054 3526 do,
1087 3463 1218 3532 tunqrcunr

79 3555 288 3616 minaeordainn
304 3565 485 3627 consecutus,
510 3558 549 3614 itu
569 3555 668 3616 bonurn
684 3573 761 3613 esse.-
785 3572 820 3614 ec
836 3571 969 3614 rursum:
996 3557 1082 3633 Virgo
1095 3555 1218 3614 sollicito

79 3665 116 3714 est
126 3658 158 3716 de
172 3660 208 3718 iis
224 3676 296 3736 quoe
308 3667 375 3718 niort
389 3658 502 3727 donrrbrr',
527 3658 660 3734 quomodo
671 3657 785 3734 plueret
800 3656 919 3726 domino,
944 3664 977 3714 at
989 3666 1088 3716 sanctu
1101 3659 1142 3715 sit
1156 3675 1219 3714 ocr-

76 3775 138 3830 pore
151 3778 186 3818 uc
198 3760 326 3837 spirita?
369 3753 463 3838 Quam
478 3755 567 3818 multa
581 3755 616 3816 de
633 3754 786 3832 castitate,
810 3752 989 3818 coutinentia
1002 3774 1036 3818 ae
1051 3754 1219 3838 virginitate

80 3854 129 3918 diei
146 3858 286 3942 possuntt
330 3854 409 3922 Naro
432 3856 506 3940 apud
529 3866 557 3919 te
574 3854 750 3941 impuritatis
768 3875 852 3918 omne
869 3875 991 3918 eoeuum
1008 3857 1073 3918 siue
1093 3855 1151 3918 ullo
1167 3877 1219 3938 pu-

80 3955 142 4022 dore
157 3959 343 4044 praefinitur.
384 3955 496 4022 Verum
510 3956 621 4022 duabus
637 3957 693 4020 illis
711 3956 841 4020 tribusve
859 3955 1025 4034 sententiis,
1049 3976 1134 4040 quem
1151 3955 1221 4018 mihi

77 4077 189 4144 scopum
206 4061 385 4126 evertendae
400 4057 538 4124 ridiculae
557 4059 641 4123 buius
660 4069 758 4122 souma
776 4057 990 4143 praeliatorem,
1021 4059 1161 4122 baeteuus
1179 4059 1221 4122 le·

80 4161 202 4226 uteribus
224 4161 400 4246 exposuisse
421 4161 556 4224 sufficiat.

155 4261 304 4348 Deinceps
321 4263 418 4346 itaque
435 4263 547 4324 alliuern
568 4261 633 4326 huie
654 4261 809 4338 haeresin,
841 4261 921 4325 velut
939 4260 1136 4324 luxuriantem
1156 4260 1221 4323 her·
1240 4267 1300 4335 Gap.
1318 4267 1373 4320 vlt.

79 4357 150 4442 bam,
172 4374 224 4428 aut
237 4364 384 4447 spinarum
399 4363 598 4427 densissimam
613 4362 725 4446 copiam
741 4363 866 4448 undique
883 4363 1047 4442 collectum,
1065 4371 1115 4424 aut
1129 4361 1222 4446 ligno·

77 4508 116 4553 pro
129 4497 311 4565 συνηνωμένην,
326 4502 466 4550 umanum
480 4503 578 4560 remur,
591 4501 632 4561 qut
662 4511 729 4550 rum
740 4497 916 4550 tausiniano
941 4499 1136 4562 raucosraucos
1149 4513 1223 4562 eoaq-

79 4567 140 4614 terttt
155 4565 297 4634 ,spinarum
310 4565 472 4634 undequaque
485 4569 631 4616 counito·
664 4567 780 4633 rupiaco.
