3090 5024
397 337 531 390 esuuuu
548 337 611 390 me.
623 337 642 391 1.
660 339 741 391 sou.
754 339 797 390 tu.
817 339 914 390 nuce.
927 339 1008 390 xcu
1217 327 1280 392 58⁷

128 459 411 542 censeamusque
428 458 463 521 ud
479 478 513 521 ee
533 459 639 524 verbe.
672 463 748 522 Haec
763 471 855 522 nutem
870 465 962 521 omnus
981 462 1121 540 infigura
1135 465 1280 540 contenge-

127 559 233 620 hant
218 563 287 640 spuis
309 571 362 620 etc.

214 658 256 724 Χ.
291 665 364 740 qu'd
384 685 453 744 ergo
474 668 560 725 dico?
603 669 683 744 Quod
703 667 787 726 idolis
808 667 975 724 themoiotum
997 666 1107 743 olspuid
1121 668 1182 724 sit?
1224 668 1313 731 Sedu.
1325 686 1378 730 css.

126 785 201 844 quae
222 767 367 826 immolant
384 768 552 840 daemoniis,
577 779 607 828 et
625 789 680 830 nou
702 771 762 828 deo.
1293 742 1327 794 κ’
1339 739 1370 784 ¹⁸

213 863 271 929 ΧΙ.
306 871 357 928 Vir
377 889 481 930 comam
502 889 557 930 reon
580 874 697 930 nutriat.
746 871 843 930 Glors'u
865 873 936 930 ens'm
958 880 989 928 et
1008 873 1101 947 imago
1122 872 1170 928 dei
1188 881 1239 929 est.
1294 891 1350 947 cap.
1358 893 1391 945 ιι,
1401 892 1436 936 ιι

212 965 286 1032 Xll.
319 973 378 1030 Sed
396 974 464 1031 deus
486 977 651 1051 temperavit
670 993 782 1051 corpus.
1295 993 1435 1050 captust

213 1067 301 1133 XIH.
335 1068 494 1161 Perpetem
509 1075 563 1135 istu
579 1073 730 1158 concepit:
747 1076 806 1135 Sed
816 1079 845 1134 in
859 1076 976 1134 ecclesia
990 1075 1052 1133 uoto
1064 1079 1185 1153 qumque
1197 1075 1280 1133 uerbo
1295 1095 1351 1150 cap.
1361 1096 1437 1147 suls.

124 1193 212 1234 sensu
233 1195 292 1234 meo
315 1177 398 1254 toqui.
446 1175 541 1238 Aliter
565 1177 641 1237 enim
665 1176 713 1238 itte
736 1175 921 1258 scripulu,
947 1176 987 1235 Oh
1009 1177 1113 1254 legem,
1139 1173 1256 1236 addidit.

213 1271 300 1338 XIV.
333 1281 367 1337 Iu
386 1279 448 1355 iege
463 1282 598 1358 scriptum
617 1290 676 1338 est:
700 1281 834 1356 Quoniam
849 1281 878 1337 iu
891 1279 956 1336 nisis
971 1280 1078 1355 lshgesus
1092 1289 1121 1336 et
1138 1277 1220 1338 dubiis
1239 1279 1280 1336 io·
1293 1297 1349 1343 usu,
1360 1301 1392 1344 tt.

126 1398 201 1458 quor
217 1381 323 1458 popula
345 1383 420 1438 hut'c.

211 1476 284 1543 XV.
321 1485 456 1542 Mulieres
472 1487 500 1542 in
518 1485 644 1543 ecclesiis
660 1493 779 1544 taceant.
827 1485 891 1544 Non
907 1487 978 1544 emin
994 1485 1169 1562 permittitur
1184 1486 1224 1542 eis
1239 1485 1280 1541 io·
1295 1503 1349 1547 tuit.
1362 1505 1393 1548 ss.

125 1587 193 1663 qui,
206 1579 268 1643 ¹ssd
287 1584 414 1644 subditas
435 1605 510 1656 esse,
535 1589 611 1644 secut
629 1596 658 1645 et
678 1588 726 1646 ies·
746 1589 825 1646 dehe't.

211 1681 286 1748 XVI
293 1731 299 1746 .
336 1682 380 1747 De
399 1685 616 1748 resurrectione
637 1698 827 1750 mortuorum.
876 1691 977 1748 Notum
991 1697 1082 1748 autem
1098 1688 1174 1747 uobis
1188 1687 1276 1768 sacch,
1294 1709 1421 1764 cautus.

116 1789 249 1869 sretres,
281 1791 470 1867 euangelium,
504 1792 579 1868 quod
591 1793 757 1868 praedicavi
771 1789 857 1850 rooth.
905 1785 995 1852 item:
1029 1793 1065 1850 Si
1080 1791 1210 1850 Christus
1225 1809 1280 1850 non

125 1895 301 1962 resurrem't,
327 1896 489 1952 cisanisetc.
537 1895 587 1952 Sic
598 1895 810 1972 praedicamus,
835 1903 864 1952 et
878 1896 921 1952 sic
935 1895 1120 1954 credidimus:
1145 1893 1280 1969 Quoniam

127 1993 259 2052 Chnttsss
276 2005 402 2054 mortuus
416 2005 459 2054 est
474 2008 502 2053 et
517 1997 658 2073 sepuitsss,
683 2005 711 2054 et
725 1999 887 2055 resurrexit
900 1997 984 2054 tatia
1002 1998 1056 2054 din.
1105 1997 1173 2054 Cum
1189 2004 1281 2053 autem

126 2098 247 2156 mortale
263 2099 316 2156 hoc
335 2101 462 2157 endrsers't
477 2099 728 2169 immortalitatem,
761 2107 827 2157 tunc
836 2099 895 2176 fiet
910 2118 1000 2156 sermo
1018 2099 1070 2176 qui
1082 2099 1205 2176 scriptus
1221 2106 1279 2156 est.-

125 2198 273 2278 Absorpta
294 2209 337 2258 est
357 2219 432 2260 mors
453 2205 483 2260 in
506 2203 633 2260 uectoria.

161 2401 208 2452 ex
228 2402 387 2455 seleucus
403 2405 431 2455 u.
451 2405 496 2454 so
515 2403 730 2466 consuentes,
749 2405 840 2466 ause
858 2403 931 2455 usu
949 2403 1017 2454 mu
1035 2401 1133 2465 Quum
1153 2400 1247 2452 uoets

644 2489 706 2540 usn
725 2490 767 2540 uu.

212 2607 236 2670 Ι.
271 2612 410 2690 Quotquot
430 2615 502 2670 euim
521 2615 719 2689 promissiones
740 2613 787 2670 dci
806 2621 887 2680 sunt,
919 2615 947 2669 iu
970 2611 1035 2680 iiio,
1071 2611 1137 2680 Est,
1170 2610 1231 2667 tideo
1251 2615 1435 2670 sitem-mt-

122 2734 178 2792 per
200 2715 289 2791 ipsum
311 2717 402 2772 Amen
424 2714 484 2772 deo.

214 2811 254 2874 H.
283 2816 348 2876 Non
366 2819 438 2875 enim
451 2821 632 2895 nosmetipsos
641 2818 853 2895 praedicamus,
877 2817 927 2874 sed
940 2817 1077 2874 dominum
1092 2817 1182 2873 Iesum
1197 2813 1278 2872 Chri·
1295 2822 1350 2878 cap.
1359 2822 1408 2876 ht

127 2928 218 2990 stum3
250 2939 301 2978 nos
323 2929 414 2978 nutem
432 2939 527 2978 seruos
546 2929 653 2978 uesmos
671 2939 725 2997 per
744 2921 835 2977 Iesum
857 2919 1009 2977 Chrestusn.
1057 2917 1193 2993 Quonim
1213 2918 1281 2974 deses

128 3023 180 3099 qui
197 3023 275 3080 dicit
293 3023 327 3080 de
348 3021 470 3080 tenebris
492 3023 580 3080 iucem
601 3023 803 3100 splendescere.

214 3117 268 3183 lli.
302 3121 439 3182 Habentes
457 3135 548 3183 anetem
565 3126 678 3183 eundem
697 3125 827 3203 spiritum
836 3124 913 3202 fidei
928 3133 957 3181 et
972 3141 1022 3182 nos
1038 3123 1176 3182 credimus
1194 3130 1223 3178 et
1238 3121 1279 3178 io·
1294 3127 1349 3172 tete.
1365 3129 1395 3172 ss.

129 3229 251 3305 quimus.
298 3220 355 3286 Ubi
379 3245 468 3286 uoces
492 3224 554 3286 ilias
577 3223 709 3300 sustulit,
734 3228 816 3286 Sicut
836 3229 970 3304 scriptum
994 3235 1045 3284 est.

215 3323 297 3388 hisco
311 3336 358 3388 est
371 3323 535 3388 Marcionis
551 3327 712 3394 adstiteriue
731 3326 779 3388 itta
797 3325 969 3388 lucubratio.
1017 3322 1100 3407 Quae
1118 3335 1174 3386 tum
1191 3343 1281 3385 cucut-

127 3427 196 3512 gelii
215 3427 373 3492 secundum
392 3425 502 3490 Lucem
521 3449 606 3512 quom
623 3429 810 3514 epistolarum
830 3426 912 3492 Puuhi
933 3428 1057 3512 apostoii
1076 3429 1197 3490 formem
1215 3445 1281 3509 spe·

128 3531 260 3614 ciemque
276 3540 490 3613 repraesentet,
515 3551 569 3592 neo
585 3551 682 3594 eurum
701 3539 796 3594 tumen
816 3530 955 3608 omnnium,
980 3531 1029 3592 sed
1047 3529 1123 3592 illius
1138 3529 1282 3590 duntaxat

129 3653 202 3717 qous
224 3633 260 3694 ed
279 3629 430 3695 Romanos
452 3643 496 3695 est
514 3633 640 3717 scripto,
674 3644 703 3695 et
722 3635 757 3694 ott
775 3631 938 3717 Ephesios,
972 3643 1001 3694 et
1020 3631 1053 3692 ed
1071 3627 1278 3702 Colossenses,

129 3755 259 3798 necnon
281 3735 315 3798 ed
336 3730 539 3812 Laodicenos,
572 3745 602 3798 et
620 3736 655 3797 ed
673 3733 808 3811 Gctstes,
840 3746 870 3797 ot
890 3736 924 3798 ed
945 3731 1116 3797 Corinthios
1136 3731 1225 3815 primo
1248 3751 1280 3793 ec

129 3838 268 3900 secundo.
315 3834 386 3899 item
404 3838 439 3900 ud
459 3836 743 3900 Thessalonicenses
761 3837 851 3921 prims
870 3847 900 3899 et
914 3836 1059 3911 secundo,
1084 3835 1118 3896 ad
1135 3831 1281 3896 Philemo·

129 3959 212 4016 uem,
236 3939 272 4000 od
289 3937 506 4021 Philippenses,
531 3940 565 4002 ed
583 3937 769 4003 Timotheum
789 3940 878 4025 primu
898 3949 928 4002 et
947 3938 1089 4014 secundo,
1114 3937 1149 3998 ud
1166 3933 1278 4009 Titum,

129 4051 159 4104 et
174 4041 209 4104 ed
225 4038 391 4103 Hebraeos.
438 4037 521 4122 Quos
537 4063 638 4104 omnes
653 4063 709 4105 tion
727 4043 869 4126 integrus,
894 4042 945 4103 sed
960 4041 1132 4124 depravatos
1147 4059 1180 4099 uc
1197 4036 1280 4101 muti·

129 4143 202 4206 letes
218 4143 388 4226 complexos
405 4153 466 4206 est:
492 4144 565 4207 odeo
582 4145 713 4228 quidem,
737 4155 827 4207 totum
847 4155 878 4207 ut
896 4143 963 4206 ittut
981 4163 1053 4225 opus
1071 4140 1144 4204 muto
1164 4141 1218 4202 tide
1237 4140 1280 4201 vi-

130 4331 214 4382 Sshotti
232 4334 398 4413 panotatum'
391 4333 495 4383 inuenio:
521 4331 587 4392 „Hic
610 4333 685 4383 hebet
753 4329 794 4384 44.
814 4329 1013 4402 ἐρρᾳδιούργηκε
1035 4347 1082 4395 την
1107 4330 1215 4390 rescripsi
1238 4343 1282 4390 pso

130 4409 184 4466 post
201 4396 375 4466 primumus'.
403 4409 461 4477 post
480 4397 674 4452 secundum'
635 4420 684 4463 u-,
718 4385 971 4469 ἐρρᾳδιουργημένην,
988 4413 1035 4462 quo
1050 4399 1180 4458 consputo
1196 4409 1282 4456 omnes,

130 4477 185 4534 post
200 4467 299 4518 tertium
315 4464 367 4530 κζ
387 4466 447 4518 nihil
465 4475 619 4536 praetereo-‘¹
717 4485 775 4532 quos
791 4472 857 4530 vidi,
874 4471 929 4518 iibri
946 4469 1060 4516 tabercut.
