2994 5024
291 310 352 372 566
714 315 835 369 merl
851 316 1021 369 nummu

291 441 395 519 τρίων,
418 432 488 500 ύλλό
505 431 558 515 τήν
572 430 721 498 ύπόθεσιν
737 430 811 518 ύπέρ
825 430 912 516 ήμοῐν
927 440 980 499 τοῦ
995 440 1124 518 σταυροῦ
1140 433 1361 517 οίναδεξόμενσς
1377 460 1441 520 προ·

293 541 415 625 αιρέσει,
438 534 538 602 καλοῦ
553 533 611 619 μετ’
625 533 763 620 οίνοίγκης.
798 535 897 601 Ὅθεν
910 535 1073 621 έλήλεγκται
1087 535 1163 602 κατδ
1175 535 1272 602 πόντα
1285 545 1347 604 τοῦ
1361 546 1440 620 Μερ-

262 668 263 674 ’
292 648 402 718 κίωνος
417 638 435 708 ό
449 638 549 724 λόγος·
581 639 632 702 καλ
648 637 739 703 πολλύ
757 640 817 703 ἔστι
832 638 868 703 τοί
883 637 959 724 πρός
975 637 1146 723 ἀνατροπὴν
1161 647 1214 721 τῆς
1228 638 1344 706 τούτου
1362 668 1441 724 μηχα-

292 753 346 827 νῆς
366 744 415 808 καί
431 744 595 830 τραγῳδίας
615 743 645 818 ἐξ
664 738 804 822 εὐσεβοῦς
817 748 958 827 λογισμοῦ
972 743 1025 807 καλ
1040 739 1162 829 εύλόγου
1178 739 1341 828 όρμόμενα
1357 743 1441 825 έμφό-

293 869 366 922 σεως
387 848 419 911 έν
440 851 475 934 τῇ
498 841 573 928 πρός
595 840 686 908 αύτδν
707 839 879 928 ιίντιρρήσει.

157 1065 222 1132 Κεφ.
241 1056 275 1116 θ’.
375 1047 546 1131 Ἐλεύσομαι
560 1048 593 1112 δέ
607 1050 648 1124 είς
661 1045 696 1111 τό
712 1044 762 1112 ὕπ’
778 1045 870 1114 αύτοῦ
885 1049 1080 1134 γεγραμμένα,
1102 1055 1211 1130 μᾶλλον
1225 1049 1258 1114 δὲ
1271 1051 1442 1138 έρρριδιοιρ

291 1155 410 1242 γημένα.
458 1143 554 1226 Οῦτος
568 1149 624 1237 γύρ
648 1151 704 1232 ίχει
721 1147 887 1235 εύαγγέλιον
905 1153 997 1233 μόνον
1016 1148 1050 1216 τό
1071 1148 1146 1216 κατύ
1159 1158 1302 1232 Λουκῦν,
1336 1177 1441 1236 περαιι

291 1257 438 1340 κομμένον
453 1251 512 1318 οίπό
528 1259 581 1335 τῆς
600 1250 691 1336 α’ρχῆς
706 1250 756 1316 διό
770 1250 824 1334 τήν
837 1260 890 1318 τοῦ
904 1261 1037 1336 σωτῆρος
1050 1251 1197 1336 σύλληψιν
1211 1255 1260 1319 καὶ
1275 1252 1335 1337 τήν
1350 1259 1441 1336 ἔνσορ-

292 1385 347 1425 κον
363 1356 455 1424 αὐτοῦ
472 1358 644 1440 παρουσίαν.
692 1351 738 1419 Ού
755 1353 847 1436 μόνον
864 1356 896 1420 δέ
913 1353 968 1438 τήν
984 1353 1076 1440 οίρχήν
1093 1353 1232 1439 α’πέτεμεν
1248 1352 1265 1420 ό
1281 1355 1442 1439 λυμηαόμι·

291 1487 342 1536 νος
364 1457 470 1525 έαυτόν
490 1457 565 1542 ήπερ
587 1454 619 1521 τό
643 1453 820 1542 εῦογγέλιον,
852 1455 922 1522 ιίλλδ
941 1460 994 1524 καί
1014 1464 1068 1524 τοῦ
1088 1459 1189 1534 τέλους
1203 1459 1255 1523 καλ
1271 1467 1337 1524 τιῦν
1355 1463 1444 1543 μέσον

292 1560 384 1628 πολλοί
405 1562 565 1645 περιέκοψε
587 1565 646 1624 τῶν
667 1565 720 1642 τῆς
741 1557 880 1641 ύληθείας
895 1559 1001 1646 λόγων·
1033 1559 1104 1626 όίλλα
1122 1562 1154 1626 δέ
1171 1559 1253 1645 παροδ
1270 1559 1308 1626 τοί
1325 1587 1443 1647 γεγραμ

263 1689 266 1696 ’
293 1667 365 1749 μένα
382 1664 578 1748 προςτέθειιιε.
624 1659 722 1750 Μόνρι
740 1661 772 1726 δέ
787 1663 923 1746 κέχρηται
938 1661 1032 1753 τούτῳ
1048 1671 1090 1753 τρί
1107 1671 1285 1748 χαρακτῆρι,
1316 1671 1360 1752 τῷ
1378 1663 1444 1728 md

292 1773 419 1832 Λουκῦν
438 1763 600 1853 εύαγγελίιμ.
636 1762 716 1846 Ἔχει
732 1764 765 1828 δέ
781 1766 832 1828 καὶ
849 1763 1002 1841 έπιστολύς
1019 1763 1088 1850 παρ’
1103 1763 1182 1852 αύτῷ
1200 1773 1255 1831 τοῦ
1270 1762 1362 1851 όγίου
1378 1763 1445 1830 οίπο·

293 1867 399 1934 στόλου
416 1869 504 1946 δέκα,
533 1862 581 1941 αἶς
597 1865 701 1949 μόναις
716 1867 866 1950 κέχρηται,
895 1864 931 1932 οῦ
945 1874 1018 1932 πᾶσι
1035 1869 1067 1934 δέ
1080 1877 1142 1944 τοῖς
1157 1871 1190 1934 έν
1205 1866 1311 1944 αύταῖς
1323 1895 1444 1955 γεγραμ-

292 1973 405 2054 μένοις,
438 1967 509 2034 οίλλό
528 1995 593 2034 τινα
616 1966 714 2032 αύτῶν
736 1969 930 2050 περιτέμνων,
962 1969 1027 2035 τινύ
1053 1971 1087 2035 δὲ
1110 1968 1271 2046 όλλοιύσας
1292 1974 1444 2053 κεφάλαια.

298 2072 425 2149 Ταύταις
452 2072 485 2138 δέ
513 2081 577 2146 ταῖς
605 2071 673 2136 δυσί
695 2075 808 2153 βίβλοις
829 2072 974 2156 κέχρητακ
1018 2069 1107 2137 ”Ana
1129 2074 1163 2139 δὲ
1185 2072 1378 2158 συντάγματα
1399 2071 1444 2152 (ἔφ’

170 2217 221 2264 γορ.
234 2203 280 2248 σεο.
294 2179 402 2242 ἑαυτοῦ
417 2175 552 2250 συνέταξε
566 2181 628 2248 τοῖς
642 2170 692 2237 ἀπ’
710 2171 802 2239 αύτοῦ
816 2176 1022 2256 πλανωμένοις.
1066 2177 1110 2238 Αἱ
1122 2175 1153 2239 δέ
1168 2177 1317 2242 έττιστολαλ
1334 2179 1370 2241 αί
1381 2172 1445 2260 παρ’

292 2275 372 2365 αῦτρῑ
386 2276 537 2362 λεγόμεναί
553 2276 624 2354 είσι,
654 2274 755 2360 προίτη
771 2275 824 2358 μέν
837 2273 913 2360 πρός
928 2275 1076 2356 Γαλάτας,
1106 2278 1230 2360 δευτέρα
1246 2279 1279 2343 δέ
1293 2278 1374 2362 πρός
1391 2285 1444 2342 Κο-

293 2384 443 2466 ρινθίους,
471 2383 552 2462 τρίτη
575 2375 651 2461 πρός
670 2381 855 2462 Κορινθίους
875 2380 1012 2464 δευτέρα,
1040 2375 1162 2464 τετάρτη
1183 2378 1260 2464 πρός
1273 2377 1444 2464 Ῥωμαίους,

293 2483 412 2565 πέμπτη
430 2478 506 2565 πρός
523 2483 756 2559 Θεσσαλονικεῖς,
785 2481 854 2561 έκτη
868 2477 944 2564 πρός
962 2484 1182 2557 Θεσσαλονικεῖς
1197 2483 1336 2566 δευτέρα,
1365 2481 1443 2566 ἕβδό-

294 2611 334 2668 μη
356 2580 431 2668 πρός
450 2581 618 2663 Ἐφεσίους,
649 2580 741 2666 όγδόη
763 2579 839 2664 πρός
855 2587 1037 2661 Κολωσσεῖς,
1066 2581 1169 2666 έννοίτη
1186 2582 1264 2668 πρός
1280 2584 1444 2668 Φιλήμονα,

293 2687 399 2768 δεκιίτη
422 2683 498 2768 πρός
518 2688 743 2766 Φιλιππησίους.
778 2682 858 2766 Ἔχει
878 2684 910 2764 δέ
928 2686 978 2750 καί
996 2691 1050 2766 τῆς
1066 2683 1141 2770 πρός
1164 2689 1354 2764 ΙΛαοδικείας
1371 2696 1443 2771 λεγο

294 2790 384 2872 μένης
400 2788 483 2872 μέρη.
527 2783 574 2862 Ἐξ
591 2778 683 2872 οὗπερ
703 2793 886 2872 χαρακτῆρος
903 2793 957 2851 τοῦ
972 2784 1039 2871 παρ’
1055 2785 1147 2852 αύτοῦ
1162 2791 1331 2872 σωζομένου
1350 2797 1404 2856 τοῦ
1418 2812 1444 2852 τε

294 2888 460 2976 εὐαγγελίου
478 2891 527 2953 καί
543 2896 601 2953 τῶν
615 2891 775 2954 έπιστολοῦν
791 2896 845 2954 τοῦ
862 2885 1029 2954 ύποστόλου
1046 2893 1138 2967 δεῖξαι
1152 2888 1244 2956 αῦτόν
1260 2893 1293 2956 έν
1307 2901 1376 2980 θεῷ
1389 2895 1444 2973 έχο-

294 3019 346 3077 μεν
363 2990 518 3057 όπατειῦνα
533 2992 584 3056 καὶ
599 2992 835 3073 πεπλανημένον,
863 2992 914 3055 καί
931 2988 1079 3075 σίκρότατα
1095 2995 1243 3078 διελέγξαι.
1286 2991 1336 3071 Ἐξ
1351 2991 1443 3058 αῦεῦν

293 3094 350 3183 γύρ
365 3091 576 3175 ἀναμφιβόλως
590 3101 649 3158 τοῦν
665 3090 733 3178 παρ’
747 3089 838 3158 αύτοῦ
853 3089 1095 3179 ὁμολογουμένων
1109 3091 1357 3178 α’νατραπήσεται.
1398 3093 1442 3158 Ἐν

296 3195 351 3284 γόρ
366 3203 426 3261 τοῖν
440 3192 538 3260 αύτοῦν
551 3197 593 3259 έτι
608 3191 676 3279 παρ’
691 3192 783 3260 αύτοῦ
795 3193 946 3276 λειψάνων
958 3202 1012 3262 τοῦ
1024 3221 1054 3260 τε
1069 3193 1235 3282 εύαγγελίον
1249 3200 1375 3264 καὶτῶν
1387 3201 1441 3263 έπι·

296 3305 408 3366 στολῶν
424 3295 639 3381 εὑρισκομένων
653 3295 837 3380 δειχθήσεται
850 3294 867 3362 ό
884 3295 1012 3382 Χριστός
1025 3307 1086 3374 τοῖς
1099 3308 1230 3375 συνετοῖς
1244 3297 1286 3382 μή
1297 3297 1444 3382 όλλότριος

295 3398 370 3467 εἶναι
384 3406 510 3474 παλαιᾶς
528 3396 691 3481 διαθήκης,
714 3401 764 3464 καί
782 3401 813 3464 οί
826 3406 978 3482 προφῆται
992 3393 1048 3465 οῦν
1064 3398 1120 3467 οῦκ
1136 3399 1281 3487 α’λλότριοι
1297 3400 1383 3478 ὄντες
1395 3407 1442 3482 τῆς

294 3511 348 3570 τοῦ
365 3507 470 3587 κυρίου
486 3503 642 3584 ένδημίας,
673 3502 725 3566 καί
740 3499 785 3566 ότι
802 3498 959 3568 α’νοίστασιν
976 3500 1085 3588 σαρκός
1100 3500 1118 3570 ό
1132 3500 1295 3580 ύπόσιολος
1310 3503 1441 3587 κηρύττει

295 3607 346 3672 καί
362 3609 495 3680 δικαίους
512 3601 581 3678 τούς
599 3600 756 3687 προφήτας
773 3599 923 3686 όνομύζει,
953 3607 1005 3670 καί
1025 3607 1057 3671 έν
1072 3607 1246 3688 σωζομένοις
1260 3603 1441 3690 ῦπόρηοντας

295 3706 365 3784 τούς
380 3708 447 3791 περί
461 3703 593 3790 Ἀβραδμ
608 3707 658 3770 καί
669 3703 767 3770 Ἰσαδκ
780 3708 831 3771 καί
843 3704 957 3789 Ἰακοίβ,
976 3710 1027 3772 καί
1040 3707 1136 3773 πάντα
1149 3707 1206 3773 όσα
1220 3709 1281 3774 έστλ
1294 3714 1349 3790 τῆς
1364 3706 1441 3792 οίγίας

295 3817 349 3877 τοῦ
369 3815 445 3875 θεοῦ
466 3812 619 3890 ἐκκλησίας
643 3807 797 3893 2σιοτήριοί
816 3835 847 3874 τε
865 3811 916 3874 καί
935 3807 1004 3895 ίίγια
1026 3812 1076 3875 καί
1095 3813 1128 3876 ἐκ
1144 3816 1223 3876 θεοῦ
1243 3811 1438 3896 έστηριγμίνα,

296 3915 328 3980 έν
347 3937 378 3978 τε
398 3919 434 4002 τῇ
456 3915 550 3978 πίστει
570 3911 621 3976 καί
643 3913 674 3976 έν
696 3918 731 4000 τή
752 3909 857 3997 γνοίσει
877 3914 929 3976 καί
950 3913 981 3977 έν
1003 3914 1097 3980 ἐλπίδι
1118 3914 1169 3978 καί
1190 3915 1373 4002 διδασκαλία.

178 4127 245 4195 Κεφ.
258 4124 283 4180 ι’.
384 4115 608 4202 Παραθήσομαι
620 4115 651 4180 δέ
665 4117 715 4182 καί
729 4115 768 4198 ἢν
781 4115 966 4200 έποιησύμην
978 4116 1042 4182 κατ’
1054 4114 1147 4183 αύτοῦ
1159 4123 1362 4203 πραγματείαν
1374 4117 1437 4198 πρίν

296 4227 349 4286 τοῦ
366 4217 475 4303 ταύτην
491 4245 550 4301 μου
568 4217 622 4300 τήν
639 4216 774 4295 σύνταξιν
791 4221 1008 4286 ἐσπουδακέναι
1024 4216 1075 4284 διδ
1090 4225 1143 4302 τῆς
1160 4217 1263 4302 ῦμοῦν,
1289 4227 1350 4288 νῦν
1363 4217 1434 4285 ύδελ·

298 4329 374 4404 φῦν,
389 4329 560 4408 προτροπῆς
573 4319 763 4404 ποιήσασθαι.
801 4318 874 4388 ’Ano‘
890 4324 962 4388 έτοῖν
981 4325 1114 4388 ιίιιανοῦν
1128 4317 1293 4408 οίνερεννοῦν
1307 4320 1362 4407 τήν
1375 4316 1432 4386 τοῦ

332 4479 389 4529 θεν.
402 4477 448 4529 ΙΧ.
463 4505 496 4518 -
519 4477 541 4529 1.
558 4479 630 4542 λἰιλρο
646 4475 805 4538 Λαοδικείας.

331 4545 356 4599 2.
373 4543 487 4614 σιοτήριιί
502 4561 531 4599 τε
547 4543 591 4598 καί
607 4549 658 4598 οοσ.
676 4550 748 4598 ναοῖο.
781 4562 810 4599 τι
827 4543 941 4616 σωτήρια
959 4546 1090 4611 καίνισον
1105 4551 1177 4598 επακ
