3018 4994
342 315 478 368 raanan
495 317 558 368 ure.
574 319 593 368 1.
610 317 691 370 ron.
704 317 734 368 n.
762 316 860 369 naun.
877 315 980 368 xxxa.
1173 303 1231 367 381

82 437 201 516 omnia,
233 457 307 522 quae
328 435 441 522 quidem
463 436 520 522 ipsi
541 435 672 500 subiecta
694 448 780 514 auat,
812 437 988 500 dominatum
1007 457 1042 500 ac
1061 445 1234 520 potestatem

83 539 229 604 tribuunt.
275 536 351 604 Cum
372 539 427 603 boc
454 551 485 603 et
506 539 592 604 alium
614 539 784 625 productum
808 557 874 602 csse
895 537 1044 602 sinistrum
1067 534 1234 621 Principem

73 641 244 730 arbitratos
266 651 328 722 est,
359 641 480 726 perinde
506 652 536 704 nt
559 639 693 706 Gnostici
715 641 774 719 illi,
807 641 878 704 lalso
897 639 938 704 ita
957 640 1044 718 dicti,
1077 638 1234 724 dequibus

83 755 189 830 pastea
209 745 349 809 dicemus.
395 741 492 808 lasum
514 763 603 828 porro
623 763 827 828 nonnunquam
850 764 866 806 a
886 739 1011 806 Thaleta
1033 741 1083 806 illo
1105 741 1234 826 genitum

84 848 224 926 affirmat,
258 847 306 931 qui
325 845 360 909 ab
377 845 506 932 ipsorum
526 843 625 909 Matre
642 854 810 910 contractus
830 865 944 928 unaque
961 865 1026 907 com
1045 843 1235 908 universitate

84 951 222 1034 profusus
240 959 302 1024 est,
327 949 469 1012 interdum
487 946 522 1011 ab
540 969 593 1025 eo,
617 947 665 1031 qui
683 967 715 1012 se
731 948 765 1012 ad
783 945 918 1012 Pleroma
936 947 1099 1032 receperit,
1122 945 1236 1010 scilicet
1371 943 1380 964 ⁶

84 1047 220 1116 Christo.
259 1051 374 1116 liliosa
390 1047 510 1115 Christo
527 1061 556 1114 et
571 1047 717 1114 Ecclesia.
753 1047 895 1136 Spiritum
910 1049 1034 1133 denique
1051 1060 1182 1112 sanctum
1198 1047 1235 1112 ab

82 1149 223 1217 Ecclesia
240 1153 382 1237 originem
401 1153 531 1218 traxisse
549 1162 647 1239 putat,
677 1163 708 1216 et
725 1152 761 1216 ad
778 1151 989 1217 examinandos
1005 1173 1041 1215 ac
1060 1149 1236 1240 fecunditate

82 1254 238 1320 donandos
256 1256 376 1320 Aeonas
396 1255 523 1336 editum,
552 1277 616 1320 eum
634 1254 665 1318 in
681 1254 748 1319 illos
765 1255 805 1319 ita
822 1254 977 1334 subiisset,
1002 1265 1033 1318 ut
1049 1253 1140 1338 aspici
1157 1253 1235 1316 nullo

82 1357 173 1422 modo
196 1368 311 1444 posset;
342 1359 425 1423 cuius
446 1358 520 1422 adeo
541 1357 596 1444 ipsi
617 1357 761 1422 beneficio
781 1357 915 1421 veritatis
937 1356 1043 1441 stirpes
1066 1355 1212 1420 emittunt.

254 1493 433 1548 HACTENUS
452 1493 619 1546 IRENAEUS
638 1493 771 1546 CONTRA
788 1491 1069 1546 vnturtrttttn’ttos.

171 1661 255 1728 llaec
270 1675 357 1750 atque
373 1665 418 1729 bis
433 1665 538 1730 similia
556 1666 679 1751 optimus
698 1663 746 1729 ille
763 1685 858 1729 senex
875 1663 1017 1728 irenaeus
1034 1664 1151 1728 totidem
1166 1683 1234 1727 ver·
1277 1676 1337 1744 cap.

81 1765 130 1829 aas
154 1765 191 1830 aa
208 1767 506 1832 vuantonettonem
526 1766 710 1854 aptannacus
728 1767 882 1844 nasoon,
914 1767 962 1830 vn
979 1766 1097 1830 omniuo
1114 1766 1234 1851 spamus
1250 1743 1360 1795 xxxv.

82 1867 181 1932 suncti
200 1869 285 1934 douis
302 1869 561 1949 instructissimus,
596 1890 631 1933 ao
653 1880 788 1955 tanquam
810 1869 895 1933 lortis
913 1869 1020 1933 athleta
1039 1869 1196 1955 productus
1218 1888 1236 1930 a

83 1969 224 2050 domino,
256 1982 286 2036 et
308 1973 483 2037 coelestibus
507 1973 703 2052 ornamentis,
736 1981 766 2036 ut
790 1973 829 2037 ita
853 1971 995 2056 dixerim,
1026 1971 1061 2035 ad
1087 1983 1235 2036 certamen

81 2083 263 2159 perunctus,
295 2075 343 2159 qui
366 2077 499 2140 sincerae
522 2075 588 2138 fidei
610 2095 645 2138 ac
666 2074 807 2138 scientiae
828 2073 981 2159 praesidiis
1004 2073 1099 2138 omnia
1120 2074 1235 2138 illorum

81 2175 247 2261 prostravit
263 2177 427 2262 evertitque
444 2176 606 2241 mendacia.
652 2174 738 2260 Quod
760 2175 939 2240 insecundo
961 2175 1035 2240 libro
1057 2195 1091 2238 ac
1110 2196 1235 2262 sequen·

80 2278 165 2340 tibus
188 2277 254 2341 aliis
275 2277 455 2364 potissimum
478 2279 617 2364 perfecit,
650 2277 698 2342 obi
720 2278 787 2342 illos
805 2277 942 2342 aberium
962 2278 1040 2364 stylo
1060 2279 1234 2358 confutavit,

81 2401 153 2443 cum
169 2379 251 2444 velut
264 2379 342 2444 bumi
357 2379 500 2445 abiectum
517 2401 552 2444 ao
566 2391 731 2466 superatum
746 2379 946 2445 adversarium
960 2381 1089 2460 trahere,
1114 2402 1149 2446 ac
1165 2403 1237 2467 quo·

81 2481 241 2546 dammodo
256 2482 432 2568 triumphare
446 2481 527 2546 visus
544 2491 590 2548 est
603 2483 696 2560 velle,
720 2493 751 2547 et
767 2482 908 2569 profligati
923 2481 1074 2567 nugatorie
1086 2482 1236 2569 impuden-

11 2663 13 2668 ,
82 2595 146 2649 tem
171 2584 265 2669 magis
291 2606 376 2668 quam
399 2587 501 2648 fortem
525 2585 560 2648 ad
583 2585 798 2670 provocandum
818 2585 967 2649 audaciam
990 2586 1083 2670 palam
1103 2585 1236 2650 omnibus

81 2687 239 2770 detegere.
282 2683 350 2751 Nos
368 2698 464 2751 autem
484 2686 587 2772 partim
602 2685 657 2766 iis,
681 2707 754 2770 quae
773 2707 790 2750 a
808 2685 892 2750 nobis
909 2685 1040 2751 breviter
1056 2698 1125 2752 sunt
1139 2688 1236 2772 dispu-

80 2798 163 2864 tata,
198 2787 300 2873 partim
324 2810 398 2874 quae
420 2789 456 2853 ab
479 2789 544 2853 aliis
561 2788 729 2852 sincerisid
748 2809 842 2873 genus
859 2787 1050 2873 scriptoribus
1068 2789 1236 2854 elucubrata

81 2899 173 2968 aunt,
206 2891 353 2970 conteuti,
387 2911 452 2955 eum
469 2890 755 2976 nonnullosquoque
772 2890 922 2954 videamus
939 2890 1046 2954 deboc
1063 2901 1236 2976 argumento
1358 2877 1360 2884 ¹

80 2989 256 3078 scripsisse,
270 2993 498 3078 praesertimque
513 2989 707 3073 Clementem,
723 2990 876 3056 irenaeum
890 3002 920 3056 et
934 2991 1134 3080 Hippolytum,
1148 2993 1237 3056 alios·

81 3113 142 3180 que
163 3095 344 3179 complures,
376 3095 424 3180 qui
442 3094 601 3158 admirabili
617 3095 739 3179 quadam
758 3096 894 3160 facultate
909 3094 1022 3159 illorum
1038 3097 1174 3179 dogmata
1189 3115 1236 3158 re-

82 3199 236 3275 futarunt,
268 3219 328 3262 non
350 3197 469 3261 multum
490 3197 521 3260 in
540 3217 593 3277 eo,
624 3208 657 3262 ut
673 3197 779 3262 dictum
797 3208 859 3276 est,
891 3196 1044 3262 elaborare
1060 3197 1234 3274 studuimus,

80 3297 160 3362 satis
178 3317 323 3384 superque
337 3299 451 3363 illorum
470 3319 559 3384 opera
578 3300 683 3364 lactum
702 3299 851 3380 arbitrati,
874 3298 961 3384 idque
978 3299 1072 3386 ipsum
1090 3300 1164 3384 apud
1181 3319 1236 3363 nos

81 3399 311 3480 existimantes,
336 3402 482 3466 neminem
500 3421 567 3465 esse
585 3402 730 3487 paululum
749 3401 959 3486 intelligentem
978 3401 1026 3467 cui
1043 3402 1091 3466 vel
1108 3423 1146 3468 ex
1165 3401 1236 3488 ipsis

81 3503 205 3567 illorum
221 3501 301 3567 libris
319 3523 354 3567 ac
368 3503 549 3587 dogmatibus
568 3525 625 3568 non
642 3524 678 3568 ea
693 3503 777 3568 lacile
794 3515 949 3568 occurrant
966 3525 1041 3589 quac
1057 3505 1092 3568 ad
1108 3505 1175 3568 illos
1190 3523 1237 3568 re·

81 3603 230 3668 fallendos
250 3604 357 3670 idonea
377 3606 448 3670 sint.

171 3701 317 3792 imprimis
343 3710 417 3793 quod
443 3711 608 3794 opinionum
637 3731 656 3774 a
676 3729 711 3774 se
734 3709 858 3774 invicem
882 3709 1026 3774 varietate
1050 3709 1234 3788 dissentiant,
1285 3719 1343 3788 cip.

84 3809 222 3892 alterque
238 3808 359 3874 alterius
374 3811 490 3876 decreta
505 3812 672 3877 convellere
687 3833 755 3877 sese
771 3813 957 3898 profiteatur:
980 3812 1083 3876 deiude
1100 3812 1175 3897 quod
1193 3822 1236 3876 ta·
1253 3787 1376 3840 xxm·

84 3911 130 3974 les
149 3910 211 3973 sint
227 3909 342 3974 illorum
359 3911 488 3990 tabulae,
520 3925 551 3978 ut
568 3915 728 3980 cohaerere
745 3914 824 3978 nullo
842 3915 928 3978 modo
944 3915 1072 4000 possint,
1103 3936 1168 3980 cum
1187 3935 1238 3979 oe·

83 4031 144 4096 que
162 4009 193 4074 iu
210 4012 302 4076 sacris
320 4013 428 4092 literis,
453 4035 507 4079 uec
522 4016 552 4080 in
567 4013 663 4081 Musis
679 4017 760 4103 lege,
785 4037 879 4100 neque
897 4016 972 4102 apud
988 4013 1075 4082 Mose
1091 4017 1235 4081 recentio-

85 4133 135 4177 res
155 4113 311 4198 propbetas
325 4115 438 4181 illarum
454 4127 539 4182 extet
552 4119 607 4182 ulla
626 4121 746 4199 mentio,
770 4139 866 4202 neque
879 4139 897 4183 a
911 4119 1059 4183 salvatore
1072 4118 1236 4204 quicquam,

84 4215 134 4280 vel
158 4214 222 4280 eius
243 4217 450 4302 evangelistis,
483 4230 534 4284 aut
553 4219 678 4306 danique
697 4221 837 4307 apostolis
865 4221 900 4285 da
923 4219 995 4286 iiace
1021 4219 1060 4284 sit
1079 4221 1235 4307 proditum.

119 4369 163 4422 10.
185 4367 358 4438 Πεπλήρωται
378 4370 411 4427 τὰ
432 4373 477 4427 τοῦ
499 4371 644 4440 Elpnvalcu.
713 4373 773 4426 Car.
780 4374 904 4426 XXXVI.
916 4403 949 4416 -
963 4377 984 4428 1.
995 4374 1039 4428 coti
1051 4377 1163 4428 Petavtua
1172 4375 1238 4426 adte-

85 4435 141 4490 tuat
158 4443 210 4489 cett
226 4440 278 4492 cod.
296 4440 350 4490 Van
679 4446 710 4495 ctt
726 4457 755 4495 aa
770 4445 822 4496 cod
839 4445 911 4495 Vnttc.
