3010 5000
344 309 478 364 censen
494 311 557 366 nro.
569 312 588 365 ι.
607 310 689 364 rost.
700 311 744 362 ιιι.
761 309 1005 362 nussxxxvu.
1184 299 1245 362 eut

103 429 173 496 Nec
193 442 237 495 est
260 431 333 515 quud
355 431 463 496 idcireo
486 431 620 495 eonditne
641 451 690 496 res
707 453 724 494 u
741 430 795 493 deo
812 428 1013 516 vituperentur
1026 429 1101 515 qnod
1117 429 1246 494 nonnulli

103 555 208 598 rursus
230 533 388 597 incredibili
411 554 513 597 errore
536 534 654 597 inciuut.
699 532 772 597 lllud
795 533 870 596 enim
894 534 1002 618 ligures
1021 534 1114 596 instar
1133 529 1247 594 inducis

104 637 136 700 in
153 635 306 700 solitudine
324 634 493 720 degentibus
510 647 660 700 ostensum
676 646 737 714 cstq
761 634 798 697 ob
815 655 877 698 eum
895 635 985 720 ipsam
1004 635 1145 698 rationem
1163 653 1248 718 quem

102 739 135 802 in
159 737 311 821 erningelio
334 737 466 801 dominus
488 738 646 822 expressit.
690 735 852 800 Nimirum:
883 741 966 800 Sient
982 741 1119 799 emnttuuit
1134 741 1247 816 Moyses
1258 748 1397 804 rosensis.

102 853 257 921 serpentem
275 844 304 902 in
319 843 443 914 deserto,
468 845 509 902 s'tn
524 843 651 901 emnltnri
665 842 878 920 oportetfils'um
892 843 1027 914 domimi,-
1051 839 1126 923 qnod
1145 849 1246 923 posten

103 941 238 1026 contigit.
283 940 360 1005 Nem
383 939 481 1004 ludnei
501 938 648 1006 Christum
671 941 815 1004 domiuum
837 941 918 1004 uelut
937 952 1102 1026 serpentem
1123 941 1247 1024 ignomi-

102 1045 189 1107 niose
207 1053 363 1108 tructuutes
377 1044 493 1128 ipsimet
507 1044 650 1126 serpentis
667 1043 796 1121 insidiis,
821 1043 875 1106 boc
891 1053 935 1106 est
950 1043 1067 1120 diaboli,
1092 1041 1248 1106 vehemen-

103 1157 153 1210 ter
169 1146 271 1210 odensi
294 1157 372 1210 suut.
419 1143 479 1209 Sed
495 1157 526 1208 nt
544 1155 642 1208 erecto
658 1156 794 1230 serpente
813 1146 831 1208 ii
850 1146 897 1228 qni
914 1166 1011 1209 morsu
1030 1154 1113 1208 erent
1129 1145 1247 1229 oppetiti

101 1258 226 1333 repente
244 1247 357 1312 liberuti
379 1259 463 1326 suist,
495 1247 534 1310 itu
553 1243 671 1311 Christo
690 1247 719 1310 in
737 1267 853 1311 crucem
868 1247 980 1311 subluto
998 1246 1112 1309 uuimne
1128 1257 1247 1308 nostroe

101 1373 119 1414 n
144 1351 254 1436 pcccati
277 1337 419 1414 morsibus
442 1359 507 1414 sunl
531 1359 696 1434 exemptae.
741 1348 838 1434 Atque
856 1350 930 1412 bunc
945 1348 1036 1434 ipsam
1055 1348 1161 1411 domini
1180 1367 1248 1410 sen·

102 1453 225 1517 lentium
242 1453 276 1516 ed
292 1452 401 1516 erroris
415 1453 460 1516 sui
476 1449 667 1537 patrocinium
681 1451 818 1515 efferunt.
863 1449 970 1515 Nonne
987 1449 1079 1528 vides,
1104 1449 1246 1533 inquiunt,

101 1555 146 1618 itu
171 1554 372 1637 pronuntiasse
398 1549 563 1618 Cbristum=
597 1557 735 1631 Quomodo
756 1557 893 1616 enultnur't
915 1559 1027 1633 Moyses
1045 1564 1196 1632 serpentem
1219 1556 1248 1612 in

102 1662 233 1730 deserto,
265 1661 305 1718 its
326 1658 453 1718 eeultum'
471 1667 578 1736 oportet
590 1657 687 1736 filiism
708 1659 846 1718 dominis?
888 1652 1048 1740 Propterea
1065 1665 1095 1716 et
1110 1653 1166 1717 ulio
1183 1654 1248 1716 loeo

101 1757 148 1822 sio
167 1755 322 1843 prneoipit:
354 1761 452 1820 Estote
463 1761 615 1838 prudentes
629 1769 661 1818 ut
674 1770 829 1838 serpentes,
860 1770 890 1820 et
902 1761 1041 1838 srinpls'ces
1054 1760 1130 1818 ιίιιιι
1142 1759 1246 1817 eolusn-
1259 1771 1343 1868 qquqq.

102 1863 166 1922 dne.
213 1856 264 1924 ste
282 1859 370 1942 igitur
386 1859 434 1923 isti
454 1879 524 1943 quus
541 1859 682 1943 imagines
704 1881 738 1922 uc
755 1860 838 1942 signe
855 1859 1011 1923 coelestem
1030 1860 1065 1922 sd
1085 1857 1245 1920 doctrinam
1290 1857 1297 1880 ’
1336 1853 1342 1865 '

102 1961 256 2047 praeclare
272 1961 343 2024 deus
360 1962 518 2039 transtulit,
536 1982 570 2026 ee
585 1961 620 2024 od
635 1963 799 2046 dogmatum
813 1981 929 2026 suorum
945 1961 1099 2026 iulsitntem
1113 1979 1249 2024 asseren-

102 2063 171 2128 dum
193 2063 375 2147 impudenter
395 2064 622 2127 accommodent.
719 2045 727 2058 ’

189 2161 338 2248 Siquidem
357 2162 440 2229 lesus
461 2161 597 2230 Christus
617 2165 749 2229 dominus
771 2176 888 2243 noster,
922 2157 1054 2250 idemque
1074 2166 1146 2228 deus
1171 2161 1246 2228 Ver·
1266 2177 1399 2246 nuptm.

102 2268 190 2344 bum,
215 2287 232 2330 n
248 2263 335 2330 Putre
351 2277 418 2330 unte
434 2267 532 2331 secula
548 2267 643 2330 omniu
656 2267 720 2331 sine
737 2267 877 2353 principio
895 2289 931 2332 no
947 2277 1076 2352 tempure
1093 2268 1151 2331 ullo
1168 2267 1249 2350 geui-

103 2380 171 2446 lus,
203 2388 380 2453 nequaquem
404 2384 449 2432 cst
470 2389 603 2455 serpens.
649 2367 756 2434 Procul
775 2370 952 2432 absitutitu
971 2369 1143 2433 sentiemus.
1190 2366 1248 2433 Sed

103 2480 208 2534 ooutrn
224 2480 388 2556 serpentem
402 2470 531 2534 adventu.
574 2467 631 2553 Qui
648 2473 672 2534 si
688 2473 859 2556 quandoque
874 2471 999 2535 dixerits
1018 2475 1115 2534 Estote
1125 2476 1249 2554 muden-

104 2587 148 2637 tes
166 2585 199 2635 ut
210 2585 366 2654 serpentes,
391 2585 419 2636 et
434 2577 573 2654 simplices
589 2579 665 2636 ιίιιιι
680 2575 837 2648 eolssmdsc,
862 2573 930 2637 illud
947 2573 1128 2658 interrogare
1147 2595 1201 2638 uos
1216 2595 1250 2637 uc

104 2695 285 2760 cognoscere
307 2695 358 2759 pur
376 2685 437 2753 est,
470 2697 523 2738 cur
541 2675 589 2739 illu
607 2677 680 2752 duo,
712 2675 872 2739 columbum
890 2674 1052 2740 scilicetne
1071 2688 1249 2762 serpentem,

105 2777 192 2842 nobis
209 2776 373 2840 erudiendis
387 2777 581 2862 proposuerit.
620 2775 739 2842 Nullum
757 2777 833 2840 enim
850 2779 879 2840 in
895 2789 1043 2864 scrpeqte,
1067 2789 1183 2864 praeter
1197 2779 1249 2841 du·

103 2882 176 2967 plex
198 2879 266 2942 illud
289 2879 457 2964 prudcntine
477 2879 622 2963 specimen
645 2890 781 2964 apparet,
813 2878 933 2964 primum
957 2881 1031 2963 qnod
1048 2880 1190 2965 appetitus
1212 2881 1248 2942 nb

104 2985 184 3068 aliqu
210 2972 221 3060 ¹,
246 3003 310 3045 oum
329 2981 358 3044 in
376 2981 469 3066 capite
483 2979 572 3044 vitum
589 3001 702 3044 omnem
719 3001 801 3045 susm
818 2981 948 3045 residere
964 2981 1087 3061 sentiet,
1111 2981 1191 3045 velut
1205 2982 1249 3044 iu·

104 3085 259 3148 terdrotum
278 3083 345 3147 illud
363 3083 474 3146 veritus
492 3083 566 3167 quod
584 3094 703 3168 propter
718 3082 862 3146 bominem
880 3084 950 3146 deus
969 3085 1036 3148 olim
1051 3085 1083 3147 in
1099 3105 1166 3148 seso
1183 3105 1250 3170 pro·

104 3184 267 3250 nuntiavits
292 3189 384 3265 Cupnt
395 3186 432 3246 od
448 3189 507 3265 spon
522 3189 674 3258 custodies,
699 3189 748 3247 ille
764 3207 782 3247 n
798 3197 825 3248 te
841 3189 1014 3260 sulcensem,
1040 3197 1102 3250 toto
1118 3188 1146 3250 iu
1163 3197 1389 3271 sepultionem

104 3287 278 3373 complicato
297 3306 435 3372 corpure,
466 3285 591 3370 illudque
608 3297 764 3372 protegens
780 3298 809 3350 et
825 3287 989 3366 occultans,
1014 3309 1125 3353 summu
1141 3289 1250 3352 eallidi-

105 3401 165 3454 tute
188 3390 328 3473 reliquum
351 3409 456 3473 corpus
478 3389 607 3473 opponit.
654 3386 706 3453 Sic
729 3409 782 3453 nos
804 3389 929 3473 unigena
947 3391 993 3453 dei
1010 3387 1103 3455 Filius
1126 3387 1249 3453 uPutre

104 3511 297 3578 progressus,
331 3491 394 3555 sive
417 3490 499 3554 buste
517 3501 726 3574 persequente,
759 3490 822 3554 sire
844 3493 945 3576 quevis
962 3492 1116 3576 ingruente
1134 3491 1248 3556 calumi-

106 3605 186 3672 tnte,
218 3592 297 3656 iubet
319 3604 419 3656 nostre
438 3593 533 3656 omnin
552 3594 630 3656 terro
648 3615 682 3657 eo
699 3593 820 3657 dammis
839 3613 1005 3679 exponere,
1038 3595 1188 3679 solumque
1205 3605 1250 3657 tu-

106 3695 162 3760 tari
183 3705 285 3780 ceput,
318 3694 372 3759 buc
395 3705 440 3760 est
456 3695 572 3758 minime
591 3694 738 3779 abnegare
756 3693 915 3759 Christum.
962 3694 1125 3779 Querulum,
1159 3701 1402 3779 Cuputt.cer.n‚s

105 3803 195 3860 omnis
211 3801 268 3858 osin'
278 3810 322 3859 ιιι
334 3801 472 3872 Christus,
493 3801 537 3859 uir
552 3809 644 3860 nutem
657 3801 781 3860 muls'em's
794 3810 881 3878 enpust
891 3810 943 3873 est,
967 3812 1051 3880 ceput
1065 3823 1129 3862 nero
1144 3804 1253 3862 Christi

104 3905 190 3974 deus,
216 3908 247 3962 ut
263 3900 411 3984 aposlolus
426 3899 562 3983 loquitur.
609 3896 690 3962 duest
706 3919 776 3962 vere
796 3912 826 3962 et
842 3900 963 3964 slterum
983 3901 1011 3964 in
1030 3913 1166 3986 serpente
1183 3923 1250 3987 pru-

106 4001 222 4066 dentiae
243 4023 353 4084 genus,
385 4013 416 4064 ut
438 4001 472 4064 dc
495 4022 530 4064 co
553 4001 715 4087 physiologi
733 4011 887 4066 testentur.
933 4000 1007 4066 Cum
1030 4003 1249 4067 enimecuvcu
1283 4042 1294 4059 ·

106 4103 209 4168 sitiens
224 4105 258 4167 ed
275 4124 375 4188 equom
391 4101 504 4166 bibendi
519 4105 612 4188 gratis
629 4103 767 4189 prorepit,
791 4103 872 4168 virus
887 4125 985 4168 secum
1003 4127 1059 4167 non
1077 4106 1172 4184 ellort,
1197 4107 1247 4170 scd

106 4207 135 4270 iu
153 4205 271 4270 lntibulo
286 4205 434 4290 relinquit,
453 4204 550 4289 itaquo
566 4208 599 4269 ed
616 4216 711 4290 potum
728 4205 888 4288 egreditur.
933 4203 1018 4288 Quod
1035 4206 1147 4291 quidem
1165 4208 1248 4273 nobis

105 4309 272 4373 imitandum
291 4309 476 4393 proponitur:
507 4319 539 4372 ut
553 4329 617 4372 enm
635 4309 671 4372 ud
686 4317 815 4371 sunctum
833 4308 879 4372 dei
896 4308 1048 4373 ecclesium
1064 4311 1165 4373 ornndi
1181 4332 1248 4395 gre-

139 4461 164 4511 2.
181 4457 195 4514 d
212 4476 257 4512 nm.
272 4463 322 4512 eod
338 4463 434 4525 llbedip.

139 4527 165 4582 3.
179 4528 322 4597 περιστεραί
336 4532 404 4582 ouda.
424 4532 495 4582 tutte.
513 4531 624 4596 medin,
638 4535 659 4582 st
675 4532 729 4582 ιιιιι.
745 4532 826 4584 Peteu.
860 4529 993 4599 ιιιριστιριὶ
1009 4534 1063 4585 edit.
1073 4535 1148 4598 pene.
