3018 4994
368 313 500 394 dannan
518 343 580 393 ure.
595 344 613 393 t.
631 344 711 396 uon.
728 344 759 394 n.
777 343 875 394 unsa.
889 345 991 396 xxxa.
1190 333 1248 396 ³71

108 469 223 544 temque
246 471 390 524 servaret.
436 460 493 526 Vel
518 462 542 526 si
565 462 742 546 reliquorum
754 461 905 545 coniuges
931 473 1132 542 enumeraret,
1165 465 1251 526 etiam

108 559 245 626 Hominis
260 562 418 646 attigisset,
442 583 535 647 neque
552 564 698 629 divinandi
715 565 793 630 illius
809 563 933 628 nominis
950 567 1152 630 necessitatem
1168 565 1251 629 nobis

108 665 265 728 attulisset.
298 663 356 728 Est
370 664 458 749 igitur
471 666 589 731 minime
604 667 727 732 obscura
742 667 819 732 illins
832 668 1081 754 interpretationis
1096 668 1249 732 calumnia.

109 762 185 829 Cum
202 766 277 830 enirn
297 765 442 831 lohannes
459 789 547 832 uuum
566 770 652 832 doum
668 769 911 854 omnipotentem,
943 791 1087 856 unumque
1104 767 1253 835 Christum

107 865 206 932 lesum
222 868 299 933 illius
315 869 492 954 unigenitum
508 873 672 957 praeditet,
697 892 847 958 perquem
862 873 937 935 lacta
954 893 1021 936 esse
1037 872 1133 937 omnnia
1150 872 1254 936 condr-

106 981 185 1050 mot‚
217 981 302 1056 atque
324 973 399 1036 bunc
419 993 486 1036 esse
506 975 673 1054 dm'fih'nm,
699 974 774 1038 huuc
796 978 965 1054 linigeram,
990 975 1065 1039 branc
1084 980 1252 1038 conditorem

106 1078 246 1148 carnium,
280 1073 355 1138 huuc
376 1095 468 1136 oerum
488 1078 592 1150 lucem,
626 1098 697 1157 quae
712 1080 855 1138 illuminat
870 1099 975 1139 omnem
994 1081 1143 1152 homoinem,
1178 1078 1253 1142 hunc

108 1180 209 1238 moade·
215 1178 437 1260 subnecterem,
471 1175 545 1241 hunc
565 1182 616 1260 qui
631 1182 660 1240 in
676 1184 795 1259 properie
816 1185 906 1252 uenit,
938 1185 990 1262 qui
1005 1202 1071 1242 coro
1081 1183 1182 1263 scaenas
1199 1192 1250 1256 est,

106 1287 138 1338 et
149 1280 288 1340 dode'tnm't
303 1285 331 1342 in
349 1283 444 1353 nodet,
470 1299 536 1343 esse
554 1290 694 1359 testetur,
717 1279 766 1344 isti
783 1281 886 1344 callida
904 1301 938 1346 ac
955 1281 1097 1346 malitiosa
1112 1281 1254 1366 iuterpre-

107 1379 220 1444 tatioue
243 1382 450 1466 detorquentes
471 1382 556 1446 alium
583 1381 773 1467 productione
794 1384 905 1467 lingunt
926 1381 1087 1468 Unigenam
1106 1385 1252 1463 extitisse,

105 1503 192 1566 quem
210 1494 240 1546 et
255 1481 432 1570 Principium
449 1495 572 1562 vocant,
603 1485 690 1548 aliurn
707 1483 910 1564 Salvatorem,
941 1485 1017 1550 aliud
1037 1484 1166 1550 Verbum
1183 1484 1254 1552 Uni·

104 1604 202 1668 genae
218 1585 322 1665 lilium,
347 1586 433 1650 alium
449 1583 599 1650 Christum
614 1586 779 1669 corrigendi
794 1607 898 1651 caussa
913 1584 1086 1651 Pleromatis
1105 1599 1252 1652 exortum.

105 1684 217 1772 Sioque
236 1708 336 1752 eornru
353 1709 427 1772 quae
443 1690 577 1752 dicuntur
592 1688 705 1771 siugula
724 1710 740 1752 a
758 1689 881 1753 veritate
899 1701 1064 1774 promentes
1079 1711 1114 1752 ac
1132 1688 1255 1752 nomini·

104 1790 161 1854 bns
177 1791 330 1854 abutentes
346 1791 380 1853 ad
397 1812 479 1854 usum
496 1811 578 1855 snum
596 1790 817 1875 opinionemque
832 1793 1023 1855 transierunt.
1058 1789 1109 1856 Ex
1122 1813 1178 1876 qua
1192 1791 1256 1854 illo-

104 1915 172 1955 rum
194 1894 340 1956 sententia
364 1893 511 1977 sequitur,
546 1903 589 1956 tot
616 1894 644 1956 in
669 1893 767 1956 verbis
790 1890 929 1956 loannem
949 1889 1018 1957 lesu
1043 1890 1154 1959 Christi
1174 1914 1255 1956 meu-

105 1994 217 2058 tiooem
233 1995 369 2059 melitera
385 1993 498 2079 quidem
516 1995 660 2078 attigisse.
706 1992 793 2058 Licet
807 1995 884 2058 enim
899 1993 1016 2060 Patrem
1035 1995 1202 2073 nominarit,
1227 2005 1258 2060 et

103 2095 259 2175 Gratiam,
287 2094 491 2181 Unigenitum,
522 2107 551 2160 et
568 2094 748 2175 Verrtatem
778 2117 811 2159 ac
829 2095 975 2174 Verbum,
1007 2095 1122 2176 Vitam,
1154 2095 1256 2162 llomi-

103 2219 192 2276 uem,
216 2209 247 2261 et
261 2197 443 2277 Ecclesiam,
469 2199 541 2262 haec
557 2197 597 2262 illi
617 2200 792 2262 censectde
776 2199 899 2283 raptrima
919 2195 1059 2282 Ogdoade
1079 2219 1146 2262 esse
1165 2198 1254 2278 dicta,

103 2301 134 2364 in
153 2321 209 2384 qua
228 2302 355 2364 noudum
371 2299 468 2379 lesus,
492 2302 618 2364 noudum
635 2297 680 2364 Ch
683 2301 772 2365 rietus
787 2297 906 2364 loannis
922 2301 1062 2384 magister
1077 2301 1253 2366 continetur.

105 2401 221 2466 Verum
238 2402 325 2486 longe
339 2403 442 2467 abesse
457 2413 489 2466 ot
504 2404 538 2466 dc
555 2398 709 2487 Coniugiis
722 2402 778 2466 illis
793 2401 941 2487 apostolus
955 2403 1032 2487 loqui
1050 2404 1186 2482 voluerit,
1206 2403 1256 2468 de·

103 2527 163 2591 quc
181 2501 301 2569 Christo
318 2501 386 2568 lesu
402 2504 518 2569 domino
534 2515 636 2568 nostro
652 2505 870 2588 intelligendnm
885 2523 964 2584 esse,
988 2506 1063 2588 quod
1080 2517 1109 2569 et
1124 2504 1254 2570 Verbum

102 2609 183 2674 solet
198 2607 343 2692 appellare
359 2606 416 2684 dei,
435 2627 493 2670 non
507 2605 631 2670 obscure
646 2607 708 2691 ipse
723 2606 861 2670 declarat.
890 2604 1007 2670 Etenim
1024 2628 1088 2670 cnm
1103 2607 1138 2672 de
1154 2605 1255 2672 Verbo

101 2711 173 2787 illo,
198 2710 273 2793 quod
288 2719 372 2772 antea
386 2709 415 2772 iu
433 2707 574 2794 principio
592 2707 682 2772 luisse
699 2707 832 2784 dixerat,
857 2709 1020 2772 summatim
1036 2709 1178 2793 disputata
1195 2710 1254 2772 col-

103 2813 227 2896 ligeret,
251 2811 290 2874 ita
309 2809 497 2895 pronunliare
517 2810 627 2896 pergit:
656 2815 697 2872 Et
713 2813 830 2872 Verbum
847 2831 914 2872 euro
923 2813 1036 2892 suctum
1052 2823 1108 2886 est,
1133 2823 1162 2872 et
1175 2813 1254 2873 dubi-

104 2919 178 2978 tam’t
193 2919 222 2976 in
239 2915 328 2976 nodas.
374 2912 417 2976 llt
433 2915 555 2976 istorum
575 2912 711 2997 opinione
725 2910 855 2976 Verbum
876 2933 970 2996 raeque
988 2932 1057 2976 caro
1074 2913 1179 2978 lactum
1196 2923 1252 2992 est,

103 3037 203 3101 neque
218 3037 341 3100 uuquam
358 3036 376 3078 a
390 3011 556 3078 Pleromate
573 3013 724 3091 discessit,
749 3015 801 3078 sed
818 3011 956 3078 Salvator
970 3013 1085 3098 quidam
1100 3014 1173 3080 alius
1189 3036 1254 3099 pro·

103 3119 254 3184 curandae
276 3137 379 3181 caussa
401 3116 504 3180 salutis
527 3117 639 3194 editus,
665 3113 822 3200 Verhoque
844 3116 1002 3180 recentior.

192 3216 388 3302 Quamobrem
407 3219 510 3283 discite
528 3219 643 3282 taudem
660 3217 830 3302 aliquando,
860 3219 956 3294 stulti,
987 3218 1089 3284 discite
1105 3216 1209 3283 lesum
1219 3220 1254 3282 il·
1271 3222 1354 3342 XCap·

102 3326 164 3389 lum
183 3323 230 3406 qui
248 3331 347 3385 nostra
364 3341 467 3384 caussa
485 3341 587 3406 passus
603 3331 660 3398 est,
685 3341 731 3403 qm
724 3319 910 3384 habitavit
904 3342 933 3383 ru
950 3321 1045 3399 nobis,
1069 3323 1191 3385 eundem
1208 3321 1254 3384 dei
1271 3291 1325 3342 xx
1353 3291 1372 3341 Ι·

101 3445 175 3490 esse
193 3422 334 3486 Verbum.
375 3421 452 3487 Nam
468 3445 493 3486 st
486 3423 583 3486 alius
598 3443 638 3486 ex
652 3422 789 3486 Aeonum
804 3443 925 3486 numero
939 3423 1042 3486 salutis
1057 3434 1174 3487 anostrae
1189 3443 1255 3508 gra-

101 3529 144 3592 tia
161 3545 280 3590 carnem
295 3523 449 3602 induisset,
474 3545 596 3608 aequum
613 3535 677 3588 erat
690 3526 726 3588 de
741 3523 799 3588 alio
815 3545 929 3609 quoquc
945 3526 1120 3590 mentionem
1136 3525 1171 3590 ab
1187 3545 1254 3610 apo-

101 3629 184 3694 stolo
205 3627 279 3690 lieri.
324 3623 379 3692 Siu
400 3625 477 3689 idem
494 3623 592 3690 Patris
611 3624 759 3704 Verbum,
792 3627 866 3710 quod
890 3648 906 3691 e
926 3628 1008 3692 coelo
1028 3627 1176 3714 delapsum
1196 3638 1253 3705 est,

101 3731 210 3796 eodem
227 3727 404 3814 postliminio
418 3727 522 3806 rediit,
545 3725 631 3791 uarius
646 3726 762 3812 inquam
779 3728 827 3792 ille
844 3729 888 3792 dei
906 3728 1007 3792 unicus
1024 3729 1097 3794 lilius
1112 3749 1152 3792 ex
1167 3729 1255 3793 bene·

100 3833 176 3897 volo
190 3828 289 3896 Patris
307 3831 411 3896 adactu
428 3830 574 3893 bominum
591 3850 695 3894 caussa
712 3849 800 3893 carue
817 3829 958 3910 vestitus,
983 3852 1039 3894 non
1058 3831 1093 3894 de
1109 3830 1166 3894 alio
1183 3850 1255 3915 quo·

101 3937 200 4020 piam,
224 3955 282 3998 uon
300 3933 335 3996 de
352 3932 402 3996 illa
420 3933 520 3996 nescio
535 3951 592 4016 qua
607 3927 766 4015 Ogdoada,
790 3933 842 3994 sed
859 3933 894 3995 de
910 3929 978 3996 lesu
992 3927 1112 3996 Christo
1128 3929 1255 3996 Domino

100 4047 210 4102 nostro
227 4055 392 4100 sermonem
410 4033 546 4098 instituit.
591 4030 697 4117 Neque
713 4035 788 4097 enim
807 4030 937 4098 Verbum
955 4033 1003 4098 isti
1019 4033 1172 4119 praecipue
1187 4053 1256 4098 ceu·

100 4149 174 4206 seut
190 4157 307 4202 carnem
325 4157 391 4201 csse
409 4137 527 4202 laetum.
574 4132 634 4200 Sed
653 4130 836 4200 Salvatorem
857 4137 954 4200 l'ernnt
971 4135 1095 4201 animale
1113 4136 1255 4221 quoddam

98 4239 238 4305 induisse
253 4260 374 4326 corpus,
399 4240 474 4324 quod
491 4238 689 4303 incarnatione
705 4237 767 4322 ipsa
781 4237 977 4323 inexplicabili
993 4238 1135 4326 sapientia
1147 4237 1256 4302 cousti-

139 4369 228 4430 tt.“
205 4392 272 4430 mors
289 4369 349 4429 oaldi
365 4377 415 4426 cod.
431 4378 486 4427 Vm.
699 4383 744 4424 est.
770 4375 930 4426 Undeltr‘tlt'ns
943 4377 1114 4427 maechandum
1127 4390 1173 4426 esse
1185 4379 1255 4438 pore·

138 4445 181 4496 15.
200 4441 230 4496 tx
244 4445 454 4507 proepostttonem,
470 4459 531 4506 quoe
547 4446 665 4494 desideru-
697 4447 731 4493 ott
747 4459 761 4493 o
755 4437 810 4495 dx
827 4439 924 4495 πάντων
941 4442 1051 4511 memo:
1070 4449 1122 4494 cett.

99 4521 142 4566 ner
156 4513 301 4574 tarettqntr,
313 4512 388 4561 caea
400 4525 429 4562 ea
442 4513 493 4564 cod.
513 4515 598 4562 Veneto.
618 4513 665 4560 l'et.
734 4461 987 4563 c....xxx1-²⁷.1
996 4510 1128 4577 πεποίηται
1140 4514 1191 4563 cod
1202 4513 1256 4564 Vm.

98 4586 221 4643 lamma
231 4581 299 4630 ltobet
312 4577 356 4628 sed
367 4577 408 4645 qui
418 4595 449 4630 ex
458 4579 572 4630 omuibus
584 4579 665 4630 lactus

971 4648 1041 4714 td*
