3010 5000
321 305 456 356 raanan
475 305 536 355 mo.
549 306 569 354 r.
585 305 667 357 rou.
681 305 723 356 nt.
740 305 837 356 naua.
853 305 963 357 xxxv.
1155 293 1213 357 481

69 428 292 510 dogmatumque
312 423 484 501 consensio,
516 437 548 487 ut
569 445 669 488 eorum
692 435 792 504 secta,
824 435 957 508 {anquam
980 424 1079 510 biceps
1101 425 1217 508 anguis,

68 527 202 614 bipartita
221 528 382 590 videretur.
426 523 536 590 Postea
553 526 633 590 velut
648 537 732 612 capnt
749 549 765 590 a
780 527 925 612 serpentis
938 545 1061 613 corpore
1076 525 1218 591 diuulsum

69 653 104 694 ac
121 631 236 716 spirans
252 629 343 692 adbuc
361 627 489 713 plurimis
511 627 603 692 exitio
621 630 690 710 init,
715 651 778 692 cum
797 630 889 692 maius
907 629 1040 712 quiddam
1059 650 1116 693 non
1134 630 1220 692 modo

69 732 240 818 aequalibus
265 732 343 808 suis,
376 732 428 794 sed
454 742 483 794 et
508 729 681 809 maioribus,
713 752 746 793 nc
771 730 885 794 doctius
908 731 1016 794 allcrre
1037 732 1217 796 crederetur.

71 833 243 919 Ogdoadem
257 833 333 897 onim
349 843 450 896 ccrtset
466 854 523 895 raon
539 833 681 916 gradatim
699 833 784 896 unius
798 831 911 896 Aeoliis
925 833 961 895 nb
975 833 1068 896 altero
1085 853 1222 918 procrea-

70 939 151 1002 tione
169 947 357 1022 propagatam
376 935 484 1012 luisse,
517 935 568 998 sed
587 955 643 998 sex
658 935 786 1020 reliquas
802 935 921 998 Aeonas
940 934 1048 1019 pariter
1061 936 1222 1020 eodemque

70 1051 219 1105 murnento
242 1061 257 1100 a
281 1057 417 1123 supremo
435 1034 564 1100 Parente
586 1048 616 1100 et
638 1038 701 1100 cius
719 1035 861 1115 Ennoea,
893 1037 947 1099 boe
969 1048 1015 1100 est
1037 1033 1223 1122 Cogitatione

70 1161 224 1219 manasse,
258 1141 334 1224 quod
356 1139 412 1202 iste
434 1139 477 1202 sic
499 1152 634 1223 tanquam
652 1138 818 1203 obstetricis
840 1150 938 1224 partes
960 1139 1071 1223 egisset
1088 1139 1220 1203 affirmat.

71 1243 177 1328 Quare
194 1264 251 1306 non
269 1254 301 1306 ut
317 1242 365 1304 alii
387 1263 404 1305 e
425 1240 524 1306 Verbo
542 1240 668 1326 Vitaque
686 1241 840 1306 Hominem
859 1252 889 1304 et
905 1239 1086 1324 Ecclesiam
1118 1251 1166 1305 aut
1184 1263 1222 1304 ex

71 1345 219 1424 Homine,
251 1355 283 1408 nt
304 1344 473 1428 quibusdam
496 1344 608 1428 placet,
640 1355 670 1407 et
688 1343 823 1408 Ecclesia
839 1341 971 1408 Verbum
990 1365 1024 1406 ao
1040 1342 1137 1408 Vitam
1157 1365 1225 1429 pro-

70 1449 164 1512 diisse
183 1469 246 1511 oum
266 1447 328 1510 suis
345 1445 393 1509 ille
412 1447 523 1509 statuit.
570 1443 629 1511 Sed
650 1448 677 1510 id
697 1447 754 1510 alia
772 1447 885 1510 ratione
902 1446 1057 1510 deliniunt:
1089 1446 1223 1510 nimirum

70 1550 151 1636 quud
166 1545 327 1634 Supremas
342 1547 392 1611 ille
409 1545 521 1612 Parens
539 1551 699 1634 producere
718 1549 874 1633 cogitavit,
900 1549 953 1612 buc
970 1547 1111 1613 vocabulo
1126 1545 1225 1612 Patris

71 1651 261 1738 appellatum.
308 1647 387 1714 ldem
403 1672 492 1736 porro
506 1649 626 1716 Veritas
640 1673 703 1714 eum
720 1661 811 1728 esset,
835 1649 976 1716 Veritatis
992 1650 1158 1734 insignitum
1174 1671 1226 1714 oo-

72 1755 166 1819 mioe.
212 1751 409 1836 Quamobrem
427 1775 492 1817 cum
511 1765 661 1818 ostentare
679 1775 711 1818 se
728 1754 834 1832 vellet,
858 1753 980 1839 idipsum
1000 1751 1154 1816 llominem
1174 1774 1226 1816 uo·

72 1857 228 1920 minatum.
275 1851 359 1938 Quos
379 1865 475 1919 antem
495 1877 559 1918 curn
579 1857 754 1940 produceret
773 1854 853 1940 prins
871 1857 967 1918 antimo
987 1867 1151 1942 reputaret,
1183 1855 1228 1918 bis

72 1958 231 2022 Ecclesiae
251 1978 358 2021 nomon
377 1957 558 2022 attributum.
605 1955 701 2022 Homo
719 1977 790 2022 vero
808 1953 937 2021 Verbum
955 1958 1109 2041 produxit3
1141 1967 1228 2042 atque

72 2063 122 2125 bie
139 2059 350 2145 primogenitus
367 2071 413 2123 cst
428 2057 535 2124 Filius.
582 2055 642 2124 Sed
659 2057 789 2124 Verbum
807 2057 877 2123 Vita
892 2061 1090 2144 consequitur.
1131 2065 1228 2143 Atque

72 2163 115 2226 ita
134 2157 256 2246 Ogdoas
274 2161 365 2246 prima
386 2163 548 2226 coniicitur.
594 2159 689 2226 Porro
706 2183 810 2246 magna
828 2173 873 2226 est
892 2163 1051 2226 interillos
1069 2162 1104 2226 de
1124 2158 1230 2226 Salva·

73 2277 142 2328 tore
162 2263 319 2326 dissensio.
365 2261 491 2346 Quidam
509 2263 586 2327 enirn
603 2285 641 2327 ex
658 2264 790 2328 omnibns
808 2263 961 2328 conflatum
979 2264 1164 2343 existimant,
1186 2273 1231 2328 at-

74 2388 134 2451 que
151 2365 219 2429 ideo
235 2361 435 2444 Eudocetum,
467 2365 521 2428 hoo
538 2376 584 2431 est
601 2363 862 2452 beneplacentem,
888 2376 1042 2446 vocatum,
1072 2367 1147 2451 quod
1164 2387 1230 2430 enm

73 2467 219 2533 Pleroma
233 2487 319 2531 omne
334 2469 479 2531 communi
496 2468 534 2532 sit
549 2469 657 2531 affectu
672 2489 707 2532 ac
720 2467 924 2532 benevolentia
939 2479 1137 2554 prosecutum.
1170 2467 1233 2532 Alii

74 2571 210 2635 solisex
227 2568 516 2648 Aeonibusdecem,
549 2567 749 2655 qniaVerbo
766 2568 893 2655 Vitaque
910 2569 1033 2635 derivati
1050 2581 1134 2650 sunt,
1166 2590 1233 2657 pru·

75 2677 188 2738 lectum
210 2671 290 2735 illum
314 2683 466 2752 asserunt,
499 2683 528 2736 et
547 2693 648 2736 corum
672 2692 687 2734 a
710 2673 812 2756 quibus
831 2684 925 2737 ortum
944 2671 1057 2759 accepit
1076 2674 1234 2737 retinuisse

75 2773 212 2840 numina.
260 2770 336 2838 Sunt
353 2775 400 2858 qui
418 2775 568 2839 duodecim
586 2795 625 2838 ex
642 2775 810 2852 aeonibus,
834 2797 908 2859 quos
928 2775 1024 2840 llomc
1043 2797 1078 2840 ac
1096 2773 1165 2839 Vita
1182 2795 1234 2859 ge·

76 2878 214 2954 uueriut,
239 2877 414 2961 produxisse
428 2878 567 2956 sentiant,
592 2877 629 2940 ob
646 2877 732 2961 idque
745 2873 851 2941 Filium
865 2875 1000 2942 llominis
1014 2877 1126 2957 vocari,
1151 2876 1235 2961 quasi

78 2977 220 3044 Hominis
244 2990 390 3064 nepotem.
436 2976 594 3044 Nonnullis
618 2981 712 3064 placet
737 2980 859 3043 eundem
884 3001 899 3042 a
925 2977 1045 3045 Christo
1068 2991 1099 3044 et
1122 2977 1235 3066 Spiritu

75 3081 197 3148 Sancto
212 3080 247 3144 ad
265 3083 485 3146 sustentandum
501 3077 639 3145 Pleroma
656 3085 803 3167 genitum,
833 3083 956 3166 ideoque
974 3079 1122 3147 Christum
1140 3084 1237 3169 appel·

78 3187 190 3263 latum,
214 3193 245 3247 ut
259 3183 323 3246 eius
338 3205 355 3246 a
373 3205 430 3268 quo
446 3193 541 3246 ortum
558 3193 712 3270 acceperat
726 3205 831 3248 nomen
849 3184 1005 3248 obtineret.
1042 3184 1102 3248 Atii
1118 3207 1157 3248 ex
1173 3186 1236 3248 illc-

77 3309 149 3352 rum
168 3307 310 3365 unerero,
343 3298 374 3350 nt
393 3286 559 3364 itadicam,
592 3285 887 3371 rbapsodisummum
906 3287 1108 3350 universorum
1123 3284 1237 3350 Paren-

77 3403 143 3453 tena
168 3408 205 3452 ac
226 3386 347 3472 primum
372 3388 543 3474 principium
566 3388 747 3472 primumque
769 3388 946 3469 cogitatione
968 3388 1060 3452 maius
1082 3388 1236 3453 Hominem

78 3490 189 3557 vocari
214 3489 372 3568 definiunt,
404 3491 488 3574 idque
511 3511 646 3574 magnum
669 3491 737 3553 illud
761 3502 791 3553 et
807 3511 944 3553 arcanum
967 3511 1034 3554 esse
1053 3489 1235 3576 mysterium,

79 3594 163 3680 quod
184 3591 234 3654 illa
253 3591 360 3656 ceteris
376 3592 509 3655 omnibns
524 3592 705 3656 antecellens
720 3593 873 3676 onnrriaqde
890 3591 1043 3655 continens
1059 3589 1160 3656 Virtus
1178 3591 1240 3656 llo·

79 3695 174 3759 minis
193 3694 387 3779 appellatione
404 3705 576 3775 censeatur,
601 3695 755 3759 etidcirco
774 3691 957 3760 Salvatnrem
974 3694 1161 3780 semetipsum
1177 3693 1238 3758 llo·

79 3797 175 3864 minis
200 3797 350 3860 nominare
372 3797 471 3860 lilium.

181 3896 335 3962 Eiusmodi
366 3911 412 3962 est
439 3900 536 3983 inepta
563 3899 611 3962 illa
639 3921 674 3962 ac
702 3899 887 3962 commentita
908 3896 1064 3964 Colorbasi
1091 3898 1235 3976 doctrina,
1263 3914 1370 3981 ecptt.

80 4025 174 4090 quem
200 4023 306 4084 magno
330 4001 485 4065 verborum
510 4001 633 4087 strepitu
660 4011 746 4085 atque
771 4021 874 4086 pompa
900 4001 930 4064 in
956 4002 1087 4066 homines
1111 4001 1237 4066 invexit.

81 4105 188 4190 Quam
208 4103 233 4167 si
251 4103 315 4187 quis
332 4103 487 4187 diligenter
501 4103 731 4182 animadvertat,
765 4103 847 4166 facile
865 4124 905 4166 ex
922 4104 1120 4187 superioribus
1138 4105 1241 4169 baara·

82 4209 156 4272 ticis
174 4203 316 4289 intelliget
331 4225 446 4268 omnem
461 4204 540 4268 illam
558 4203 725 4291 opinionum
744 4206 914 4269 varietatem
931 4205 966 4268 ab
984 4205 1141 4270 ambitione
1158 4227 1241 4273 arro·

83 4391 226 4450 ostendere
242 4389 322 4440 voluit
341 4391 390 4442 boc
408 4392 488 4460 ipsum
508 4393 590 4444 Homo
607 4393 648 4442 dt·
681 4394 742 4442 tttnd
758 4388 790 4444 τά
808 4407 837 4442 cc
854 4386 966 4458 ὀνόματα
982 4398 1108 4446 conamen
1124 4401 1196 4458 putet.

84 4477 160 4517 mam
174 4469 221 4510 cst.
246 4461 340 4510 Putavit
352 4463 423 4522 tpa'tur
435 4455 498 4515 odrd
512 4477 555 4522 pro
569 4455 655 4513 αι’τόι.
720 4465 745 4512 a.
763 4459 792 4513 da
808 4461 859 4512 coir
875 4461 920 4514 τοῦ
937 4463 972 4512 ed.
986 4465 1083 4525 Petam,
1100 4465 1214 4514 mendose.

120 4533 149 4586 7.
172 4524 205 4582 roi
229 4523 385 4588 διασώζονται
406 4531 489 4578 babent
511 4533 571 4579 tibrt.
606 4532 653 4580 Sed

142 4613 236 4668 corpur
250 4607 384 4654 tiaereaeab
396 4607 426 4652 ll.
1000 4617 1038 4682 31
