3036 4998
380 249 516 302 rnuann
533 251 597 302 nro.
612 253 631 302 ι.
646 250 728 304 τοιι.
743 252 775 302 ιι.
793 251 893 304 narn.
908 251 1009 304 xxxi.
1210 244 1268 308 311

106 371 201 450 latus,
226 369 303 454 quod
322 380 352 434 ct
371 370 467 434 lumen
485 368 601 448 dicitur,
624 367 793 434 Beatitndo.
842 361 1080 454 Ecclesiasticus,
1106 371 1266 460 Sapientia.

104 471 248 560 Bythius,
271 469 387 558 Mysis.
433 470 594 555 Ageratos,
619 468 707 536 Unio.
744 471 931 558 Autophyes,
954 472 1156 560 Temperatio.
1193 475 1266 542 Uni-

105 595 202 660 geuo,
227 571 345 638 Unitas.
391 569 569 654 immobilis,
595 571 748 658 Voluptas.

194 673 280 758 Quod
307 675 332 740 si
358 674 556 740 successionis
581 675 683 739 ordine
710 696 866 740 numerare
890 677 982 758 velis,
1015 700 1032 742 a
1057 701 1194 764 supremo
1215 683 1265 746 illo

106 798 162 842 nec
186 777 295 842 ellahili
311 775 420 858 Patre,
445 797 529 862 quem
547 775 664 864 Bython
683 778 852 858 nominant,
882 780 917 843 ad
937 779 1065 843 citimum
1083 803 1173 868 nsque
1196 805 1264 849 cce-

104 881 165 944 lnm
186 879 361 944 tricenarius
381 901 520 944 numerus
539 881 593 944 hoc
612 881 697 944 modo
715 880 876 964 colligitur:
910 878 1044 967 Bythos,
1069 881 1158 969 Sige,
1181 884 1260 964 Nus,

105 981 241 1063 Veritas,
265 979 379 1066 Logos,
398 980 479 1060 Vita,
504 981 612 1064 Homo,
637 980 802 1060 Ecclesiae,
827 979 1011 1064 Paracletus,
1034 983 1137 1064 Fides,
1161 985 1261 1052 Pater·

104 1107 174 1166 nus,
198 1082 289 1170 Spes,
313 1082 482 1164 Maternus,
508 1080 657 1162 Charitas,
674 1084 784 1164 Ainus,
809 1081 947 1170 Synesis,
967 1085 1109 1151 Theletus
1126 1087 1262 1153 siveLn-

104 1209 186 1266 meo,
213 1184 381 1266 Beatitorlo,
406 1185 652 1264 Ecclesiasticus,
675 1182 844 1271 Sapientia,
867 1183 1010 1274 Bythios,
1034 1185 1156 1268 Mistic,
1180 1191 1260 1276 Age-

104 1299 205 1368 ratus,
229 1285 326 1368 Unio,
350 1288 544 1374 Autophyes,
571 1287 780 1372 Tenuperatio,
805 1285 959 1372 Unigcna,
984 1288 1099 1370 Unitas,
1123 1287 1260 1358 immobi-

102 1391 159 1470 lis,
184 1388 340 1476 Voluptas.

190 1491 344 1557 Eiusmodi
366 1501 413 1556 est
435 1491 559 1556 celebris
578 1491 626 1554 illa
646 1490 763 1576 triginta
780 1491 914 1554 Aeonum
934 1492 1047 1574 lanula,
1071 1494 1257 1562 inanissima-
1276 1505 1337 1575 cap.
1348 1511 1392 1562 ιιι.

102 1616 161 1681 qne
179 1593 331 1680 spiritalis,
355 1604 388 1658 ιιι
401 1604 524 1672 vocant,
550 1593 752 1680 complectenti
769 1593 915 1678 conringia.
962 1592 1047 1678 Quae
1065 1598 1089 1662 si
1108 1599 1172 1682 quis
1192 1622 1255 1664 cum

103 1697 248 1775 Hesiodi,
272 1693 436 1762 Stesichori
453 1696 634 1781 aliorumque
650 1693 831 1762 Graecorum
857 1706 1006 1781 poetarum
1031 1700 1134 1765 fabulis
1157 1704 1256 1765 conle-

102 1811 168 1880 rat,
191 1799 292 1864 eadem
311 1820 377 1863 cnm
394 1797 451 1864 illis
467 1799 583 1884 penitus
601 1818 687 1877 esse,
712 1819 805 1884 neque
821 1798 879 1862 nlla
902 1799 932 1862 in
949 1821 982 1864 re
997 1801 1256 1888 discreparecom-

102 1901 218 1990 periet,
250 1901 433 1985 indidemque
453 1911 614 1986 cognoscet
636 1901 707 1964 nihil
729 1898 807 1964 alind
833 1922 900 1966 esse
922 1902 1114 1969 admiratione
1138 1905 1253 1990 dignum

100 2005 180 2090 qnod
200 2005 249 2069 isti
267 2004 452 2068 mirificarum
470 2003 634 2068 haereseon
653 2003 819 2068 conditores
838 2004 918 2068 velut
933 2025 1040 2070 aroana
1057 2009 1196 2091 quaedam
1220 2029 1254 2072 ac

99 2107 244 2193 mysteria
261 2125 352 2192 penes
370 2127 402 2170 se
417 2125 484 2170 esse
501 2095 684 2192 prolihntnr.
717 2103 801 2169 Nihil
816 2105 893 2168 enim
909 2106 986 2170 aliud
1003 2109 1058 2172 nisi
1071 2107 1252 2175 Graecorum
1287 2103 1293 2122 ⁸

98 2210 233 2296 poeticas
256 2229 350 2293 ungas
372 2229 406 2272 ec
431 2209 582 2294 gentilium
606 2206 707 2272 deliria
731 2218 761 2273 et
783 2207 898 2272 inanem
919 2209 1070 2274 scientiam
1098 2233 1252 2298 expresse-

99 2322 189 2392 runt,
213 2331 308 2396 neque
326 2313 477 2397 quicquam
495 2321 613 2396 praeter
628 2303 719 2374 uoces
741 2310 934 2390 innovarunt,
959 2332 1031 2396 quas
1056 2313 1096 2378 illi
1120 2315 1252 2380 barbaris

99 2413 343 2499 appellationibus
360 2434 512 2499 perperam
530 2413 727 2476 detorserunt.
774 2409 818 2476 lta
836 2412 912 2476 enim
927 2415 975 2476 vel
989 2412 1051 2500 ipsc
1068 2416 1252 2503 philosopha·

99 2527 148 2580 tur
166 2514 327 2579 Hesiodus.
373 2513 502 2583 Primum
523 2514 650 2580 omnium
670 2510 769 2578 Chaos
787 2505 941 2596 erititisse,
965 2536 1093 2601 proquo
1114 2518 1153 2583 illi
1177 2517 1250 2584 Pro-

98 2617 220 2682 fundum
234 2617 427 2684 substitunnt.
460 2614 570 2682 Secuta
587 2627 632 2680 est
646 2615 732 2696 Nox,
749 2614 877 2696 Erehus,
895 2615 1005 2698 Terra,
1023 2619 1145 2698 Aether,
1162 2621 1246 2703 Dios,
1329 2671 1333 2680 .

98 2721 213 2798 Amor,
237 2715 418 2799 Consilium,
448 2716 570 2796 Fatum,
594 2718 764 2799 Aerumna,
794 2715 908 2800 Casus,
938 2717 1093 2803 Nemesis,
1116 2721 1246 2804 Mcmus,

98 2821 259 2902 Amicitia,
289 2819 393 2901 lllors,
422 2819 574 2900 Licentia,
600 2817 763 2900 Senectus,
787 2819 864 2902 Ate,
890 2821 1090 2902 Desiderinm‚
1116 2822 1246 2908 Oblivio,

97 2920 242 3001 Somnus,
265 2921 379 3008 Pugna,
403 2920 582 3008 Lysimeles,
606 2920 808 3003 Contumelia,
833 2921 1030 3009 Euphronius,
1055 2925 1161 3011 Aegle,
1188 2925 1248 2992 Cu·

97 3047 197 3090 rarum
214 3025 362 3106 solatium,
385 3021 494 3102 Fraus,
519 3023 709 3110 Hedymeles,
734 3021 800 3088 Lis.
846 3024 901 3088 Hic
915 3026 963 3088 ille
981 3049 1118 3092 numerus
1137 3033 1245 3116 estqui

96 3127 220 3192 marium
235 3128 464 3212 leminammqne
483 3128 651 3192 continuata
668 3125 746 3190 serie
764 3126 951 3190 tricenarium
972 3129 1068 3194 efficit.
1115 3129 1200 3213 Quod
1221 3132 1246 3198 si

96 3231 162 3316 quis
179 3231 415 3296 animadvertere
431 3229 502 3295 velit
517 3230 756 3314 quemadmodum
770 3229 818 3294 isti
834 3229 1059 3316 urniusouiusquc
1076 3255 1139 3296 cum
1152 3236 1244 3298 altero

96 3332 312 3419 copulationem
336 3332 507 3409 instituant,
536 3331 577 3395 ita
599 3332 760 3416 composita
786 3343 1008 3418 comparataque
1038 3335 1115 3398 inter
1142 3357 1173 3402 se
1196 3339 1245 3402 illa

96 3445 258 3519 cognoscet
279 3435 518 3520 quomadmodum
536 3456 552 3498 a
573 3434 667 3520 poetis
684 3433 870 3498 constitutum
889 3435 1022 3520 legimus.
1068 3437 1158 3503 Velut
1179 3463 1243 3505 enm

95 3556 136 3600 ex
151 3533 241 3622 Bythi
259 3557 324 3600 oum
339 3534 437 3600 Nocte
460 3558 494 3602 ac
513 3533 638 3602 Silentio
656 3536 861 3602 coniunctione
879 3553 1060 3625 procreatam
1079 3563 1146 3608 csse
1166 3541 1244 3610 Ter·

94 3661 157 3702 ram
175 3640 335 3718 affirmant,
359 3639 425 3716 vel,
450 3650 481 3702 nt
496 3638 562 3716 alii,
585 3634 726 3716 Cnelnm,
751 3661 834 3725 quem
854 3653 884 3704 et
901 3641 1100 3729 Hyperionem
1123 3659 1241 3711 uncant.

94 3739 288 3826 Eundemquc
303 3762 369 3804 cum
392 3749 471 3804 terra
489 3741 652 3826 copulatum
672 3761 767 3804 mares
783 3743 962 3828 feminasque
979 3746 1134 3830 genuisse,
1156 3758 1242 3831 atque

92 3842 133 3906 ita
159 3863 213 3928 per
236 3852 325 3907 totam
352 3841 476 3906 lahnlam
500 3841 632 3906 omnihus
650 3842 943 3930 eccidissereliqnis3
974 3847 1134 3912 cuiusmodi
1157 3850 1242 3935 plane

92 3955 140 4009 est
158 3945 313 4030 nugatoria
336 3945 382 4008 illa
401 3942 487 4032 Bythi
507 3955 593 4030 atque
610 3944 820 4010 inextricabilis
842 3947 974 4013 historia.
1018 3948 1147 4015 Possunt
1170 3973 1241 4015 vero

92 4047 171 4110 hunc
192 4047 223 4109 in
247 4047 362 4112 modum
388 4049 450 4112 lere
475 4047 521 4112 illa
545 4047 622 4111 inter
644 4068 710 4111 sese
728 4069 780 4134 per
796 4050 929 4136 coniugia
949 4051 1094 4137 copulari:
1129 4051 1239 4132 Chaos,

91 4147 180 4228 Nox,
202 4145 332 4227 Erehus,
356 4147 464 4230 Terra,
488 4149 613 4229 Aether,
637 4147 723 4230 Dies,
745 4148 831 4230 Nox,
850 4149 1023 4231 Consilium,
1042 4151 1158 4235 Fatum,
1179 4156 1240 4220 Ae·

89 4271 214 4330 mmua,
246 4247 359 4331 Casus,
388 4247 544 4330 Nemesis,
576 4249 713 4331 Momus,
738 4249 935 4336 Concubitus,
958 4251 1061 4332 Mors,
1090 4255 1237 4334 Licentia,

89 4393 110 4437 et
126 4387 226 4450 Rhodia.
249 4385 295 4440 καὶ
310 4377 382 4447 οὗτος
398 4383 412 4440 ὅ
429 4385 474 4454 μὲι
488 4381 596 4454 ἀριθμός
612 4391 649 4438 ed.
717 4387 741 4440 'l-
766 4381 814 4455 ’δη
832 4393 883 4441 cod.
899 4393 952 4441 Ven.

85 4460 164 4574 suippe.
192 4452 236 4508 καὶ
250 4447 331 4515 οὕτως
346 4451 360 4510 o‘
377 4453 421 4522 plu
437 4451 546 4554 olprflpde
561 4459 650 4508 aare
685 4453 740 4576 ναξ
759 4406 812 4528 lysa
832 4455 866 4525 δή
890 4457 976 4526 οῖαπερ
1001 4455 1021 4527 η’
1038 4453 1174 4529 ἀπέραντος
1189 4465 1240 4515 cod.
