3006 4990
310 257 441 309 rnhsnn
461 253 536 308 nov.
555 250 721 310 assessus
736 255 817 314 som.
836 262 853 311 ι.
871 261 933 312 me.
947 263 967 312 r.
1170 251 1210 312 hh

80 394 124 439 uus
141 377 300 439 lestussum
323 386 352 439 et
369 375 527 439 obnoxium
551 377 656 440 henli.
697 373 798 441 Cnseo
818 379 896 442 enim
913 379 1042 464 nequitie
1062 380 1155 444 omuh
1180 393 1211 445 et

78 478 216 562 pmdentis
240 479 393 542 destitutus
415 494 502 541 error
524 489 580 542 est.
627 477 736 542 Verum
756 481 823 564 quid
842 483 949 545 attinet
966 481 996 545 in
1016 481 1100 546 buius
1116 481 1209 568 impo-

76 581 153 642 storis
171 579 258 643 rebus
276 581 483 665 persequendis
502 581 647 644 immorari
665 581 786 659 diutins,
818 593 867 644 ent
884 595 919 646 en
937 599 1060 647 uerrere
1076 585 1210 668 dogrnntn

76 701 138 764 queo
157 693 259 744 eontra
279 682 430 745 veritatem
449 683 594 746 usseruiti
635 677 763 745 Primum
783 685 859 766 qnod
876 699 985 769 urgere
1004 687 1087 748 deum
1107 707 1210 770 sequn-

76 803 117 846 oes
131 803 199 846 suos
213 785 341 860 edocuit,
364 799 428 847 oum
444 783 674 847 exeorundorum
691 783 870 848 idololatriae
889 799 1039 848 sacrorum
1056 805 1109 869 per
1123 789 1212 851 simu·

75 883 199 947 lotionem
223 883 379 970 participes
402 903 468 948 esse
489 884 592 948 sunsit.
639 883 716 948 Tem
743 886 916 950 luculentius
935 888 1036 950 iisdem
1053 887 1209 974 imposuit,

76 1006 129 1048 oum
144 1005 196 1048 ore
213 997 300 1049 tenus
318 985 425 1050 eiurari
445 1005 530 1072 posse
548 988 649 1064 hdem,
679 1004 735 1050 neo
751 989 780 1049 in
799 1005 836 1052 eo
854 992 963 1052 orimeh
980 990 1066 1052 ullum
1084 1003 1151 1054 esse
1169 991 1212 1054 di·

75 1087 121 1149 m.
163 1088 250 1150 Adeo
268 1099 299 1150 ιιι
315 1087 484 1152 insanabilis
501 1087 540 1152 sit
554 1088 667 1152 illorum
685 1087 819 1168 morbus,
845 1109 900 1153 neo
917 1091 1006 1154 ullum
1021 1093 1141 1155 remedii
1159 1109 1211 1176 ge·

76 1209 121 1250 ons
141 1185 284 1252 admittat.

148 1289 223 1354 Corn
247 1290 324 1354 enim
349 1311 382 1354 os
404 1291 515 1376 ipsum,
548 1311 605 1374 quo
629 1292 778 1356 eorrirssio
800 1291 933 1356 veritatis
954 1293 1143 1378 exprimitur,
1176 1296 1212 1358 nd
1232 1299 1346 1369 Contu.

78 1394 247 1456 mendsohun
267 1392 462 1471 subornetur,
496 1393 560 1476 quis
579 1391 643 1456 istis
661 1395 761 1455 medat
779 1407 836 1456 non
855 1394 1045 1457 uehementer
1064 1396 1142 1480 ipsos
1162 1397 1212 1460 de·

76 1496 139 1579 cipi,
170 1515 236 1559 oum
255 1496 406 1580 perspicue
425 1495 530 1557 divinis
549 1494 577 1556 in
595 1494 687 1557 literis
705 1513 746 1558 ex
765 1495 857 1558 sonori
878 1495 997 1580 spiritus
1015 1497 1110 1560 efflatu
1128 1511 1212 1582 pree·

76 1599 201 1680 seriptum
219 1597 273 1660 site
295 1601 385 1659 Corde
397 1601 436 1658 od
447 1601 581 1658 rusuhbm
593 1601 681 1671 merli,
696 1614 747 1657 ure
760 1617 825 1658 uero
839 1600 1002 1659 adsalutem
1014 1601 1211 1680 consensorem
1226 1619 1289 1665 eon.
1299 1622 1331 1681 ro,
1342 1625 1362 1668 ι.

68 1701 151 1776 fierit
192 1698 352 1763 Praetores
372 1695 520 1762 Christum
542 1697 612 1762 lioet
633 1697 751 1761 nomine
771 1699 835 1782 ipso
853 1700 995 1776 letentur,
1027 1715 1091 1764 unm
1112 1701 1152 1764 itu
1170 1703 1212 1766 lo-

76 1801 176 1882 quitur:
207 1799 337 1884 Magnus
357 1815 410 1862 ren
429 1809 475 1862 est
492 1795 646 1877 Christus,
678 1811 773 1863 ιιιιιιιιι
790 1798 818 1861 id
836 1809 932 1862 temen
952 1801 987 1864 de
1005 1797 1125 1865 Cbristo
1145 1800 1211 1867 lesu

75 1903 181 1966 domino
195 1913 297 1965 nostro
311 1900 559 1986 pronunciaverit,
577 1921 616 1964 ex
633 1901 815 1964 lrsuduleuto
827 1899 876 1964 illo
890 1901 1109 1988 adulterldoque
1121 1904 1208 1981 libro,

74 2023 147 2086 qoem
171 2005 207 2066 de
232 2005 317 2086 nugis
340 2004 400 2066 suis
428 2001 533 2080 edidit,
564 2002 691 2065 nondum
715 2002 948 2066 animadvertere
968 2002 1059 2088 potui.
1103 2001 1210 2090 Neque

74 2105 139 2168 enim
156 2105 233 2168 istud
252 2104 360 2168 diserte
378 2104 539 2186 significet,
568 2105 620 2166 sed
637 2095 747 2168 Christi
764 2119 868 2167 nomen
886 2103 1055 2189 simpliciter
1072 2106 1206 2191 appellet,

74 2208 144 2289 qussi
166 2207 308 2284 alterurn,
340 2215 475 2291 quantum
498 2205 702 2288 intelligimus,
734 2205 841 2269 indicet
861 2205 908 2269 rel
930 2215 1080 2292 expectet.
1129 2206 1207 2271 Nem
1261 2281 1265 2286 ¹

73 2319 95 2370 et
110 2312 141 2371 od
159 2313 304 2372 orientem
320 2323 465 2371 converso
482 2307 562 2370 'vultu
579 2305 691 2391 preonri
707 2306 850 2390 prohihet,
875 2317 1019 2392 negetque
1035 2308 1163 2373 intentos
1178 2309 1208 2373 in

74 2425 254 2496 rumpentem
274 2429 326 2473 nos
344 2429 412 2473 esse
429 2419 582 2491 oportere,
615 2409 666 2471 sed
687 2406 918 2494 Hierosolymam
940 2427 1043 2473 versus
1061 2411 1208 2494 undequa-

73 2531 119 2593 qne
141 2513 319 2597 prospicere.
364 2507 406 2574 Ut
428 2511 474 2592 qni
500 2511 534 2571 nd
555 2509 696 2572 orientem
716 2507 948 2595 lliorosolymnm
971 2509 1146 2594 respiolunt,
1177 2511 1206 2575 in

72 2631 127 2674 eam
142 2614 177 2675 ud
190 2631 325 2676 oooesum
341 2611 442 2674 isolem
456 2610 621 2674 obvenient.
655 2609 713 2694 Qui
729 2629 801 2673 voro
817 2613 852 2672 ed
868 2612 1046 2674 occidentem
1063 2613 1110 2675 siti
1124 2622 1204 2688 sunt,

71 2715 164 2777 eodem
180 2715 215 2776 ed
231 2715 373 2776 orientem
393 2721 532 2796 vergunt,
556 2712 599 2774 sio
615 2712 700 2774 etiem
717 2712 932 2797 septentriones
948 2722 1141 2776 contueantur
1156 2715 1205 2798 qui

70 2814 100 2876 sd
117 2828 244 2879 aristeum
265 2814 415 2892 obiacent,
447 2823 576 2876 anstrum
598 2834 671 2877 vero
688 2813 735 2896 qui
757 2834 844 2896 snpra
865 2812 942 2876 illem
961 2815 1206 2896 septentrionibus

68 2927 131 2980 suut
144 2915 378 3002 propinquiores,
401 2932 458 2999 quo
474 2913 598 2998 studique
614 2911 907 3000 Hierosolymitenurn
924 2915 953 2978 iu
971 2915 1071 2978 urbem
1088 2917 1206 2980 unirer·

68 3037 159 3080 sorum
181 3035 232 3080 ors
251 3017 383 3082 eonieoto
409 3017 479 3081 siut.
523 3013 583 3080 Sed
602 3014 783 3079 oiroulotoris
803 3016 957 3079 ensentium
977 3017 1106 3080 attende.
1151 3015 1205 3080 Et-

68 3119 138 3181 enim
155 3119 298 3184 seeriloiu
315 3117 429 3204 penitus
445 3117 635 3197 condemnet,
665 3127 694 3180 et
713 3139 730 3181 ιι
747 3117 802 3180 deo
821 3111 916 3182 eliens
934 3136 1000 3180 esso
1017 3118 1202 3203 prununoiut,

68 3221 146 3285 simul
168 3233 257 3305 negot
278 3220 326 3284 ille
346 3239 469 3303 unquam
487 3217 542 3280 deo
560 3219 590 3281 io
607 3217 671 3302 lege
688 3219 736 3282 rei
753 3219 882 3305 patribus
900 3219 1006 3282 obluta.
1051 3217 1090 3282 m
1107 3223 1203 3283 tumen

70 3319 295 3408 Hierosolymam
319 3331 437 3384 orentes
461 3319 566 3382 intueri
590 3320 744 3405 proecipit,
778 3321 823 3383 uhi
846 3331 877 3384 et
897 3321 990 3384 nitore
1008 3322 1150 3404 quondum
1174 3333 1205 3386 et

68 3423 203 3488 ssoriboie
227 3427 361 3502 luerunt3
392 3435 456 3484 oum
482 3419 588 3504 alioqui
611 3431 641 3484 et
662 3413 785 3486 ludaeos
806 3421 966 3507 improbet,
996 3421 1045 3506 pul
1067 3423 1203 3486 menibus

68 3537 263 3604 reserrentur,
288 3543 343 3587 neo
357 3542 414 3586 non
430 3533 459 3585 et
472 3523 562 3585 strare
578 3513 682 3606 ipsum,
706 3534 735 3586 et
749 3523 844 3607 ignem
862 3523 974 3608 quosiu
991 3525 1045 3586 deo
1062 3524 1200 3586 alienum.

66 3624 140 3690 Nam
157 3643 260 3712 equom
276 3623 352 3688 idem
367 3625 469 3688 soitem
488 3623 641 3687 sobonem
658 3641 724 3688 esse
740 3623 850 3702 delinit,
874 3624 969 3708 ignom
987 3645 1060 3689 vero
1077 3624 1202 3687 elieuum

67 3731 212 3812 quiddam,
238 3728 283 3792 his
301 3727 415 3790 serbisr
441 3723 524 3804 Filii,
550 3725 639 3789 nolite
655 3729 689 3789 ed
706 3725 782 3810 ignis
800 3725 926 3810 speciem
942 3727 1099 3804 uooedere,
1123 3747 1204 3789 erre·

66 3831 100 3894 tis
115 3829 203 3909 euim,
228 3839 260 3894 et
273 3830 349 3893 istud
365 3829 457 3913 ipsum
473 3847 557 3891 error
574 3835 630 3891 est.
674 3824 751 3890 Nem
766 3842 830 3890 oum
848 3827 968 3890 illumin
986 3827 1145 3912 propinquo
1162 3827 1204 3889 ri·

64 3933 150 4011 dees,
170 3932 256 3996 ebert
271 3941 367 3994 tumen
386 3929 511 4013 longius.
557 3925 670 3993 Coreto
687 3929 776 4012 igitur
796 3929 829 3990 sd
848 3929 911 3992 eius
927 3928 1052 4012 speeiem
1069 3945 1204 3990 socesso-

63 4033 139 4113 ritis,
160 4033 229 4119 quin
246 4031 342 4117 potins
356 4033 391 4095 ed
407 4051 498 4115 eques
511 4049 611 4095 rocem
625 4029 768 4093 secedite.¹
801 4027 952 4094 Eiusmodi
965 4028 1120 4114 pleraeque
1136 4037 1204 4092 sent

61 4134 138 4200 illius
159 4134 299 4220 ineptiae.

144 4234 256 4300 Deinde
277 4229 425 4299 Christum
443 4233 532 4298 veluti
550 4232 608 4298 vim
627 4234 769 4318 quendem
787 4232 942 4312 describit,
974 4232 1056 4296 ouius
1075 4239 1105 4294 et
1123 4251 1203 4295 men·
1223 4239 1281 4310 cop.
1294 4245 1336 4299 tv.

62 4355 145 4401 sures
158 4336 292 4423 exponit,
309 4334 496 4420 longitudinis
510 4335 653 4398 schoenos
669 4331 790 4414 xxiv,
812 4336 866 4398 hoo
879 4344 926 4398 est
939 4333 1071 4397 milliaria
1085 4328 1202 4411 xcvi,

62 4437 217 4504 latitudinis
235 4438 381 4502 schoenos
398 4433 460 4516 Vl,
484 4436 614 4500 milliario
636 4433 762 4516 xxtv;
794 4457 847 4501 neo
867 4436 961 4500 miuus
981 4444 1149 4519 portentoso
1168 4435 1203 4499 de

954 4535 1003 4601 7*
