2994 5024
374 345 507 396 ransart
526 345 589 397 uro.
603 347 623 396 r.
639 346 720 398 rom.
734 346 779 396 nr.
796 345 895 396 narn.
906 345 986 396 xtrr.
1196 334 1257 396 557

100 459 200 526 Nobis
216 461 329 528 iniussu
343 464 503 529 reuerendi
520 465 610 551 patris
627 466 666 530 tui
685 467 782 528 lacere
797 465 872 528 istud
890 486 947 528 non
964 464 1043 528 licet.
1087 461 1152 529 Una
1166 465 1256 548 siqui·

102 566 171 628 dem
187 566 257 630 bdes
274 577 336 644 est,
360 577 390 630 et
406 568 566 631 animorum
582 589 639 632 una
656 568 827 647 consensi03
853 588 945 651 neque
961 578 1061 630 contra
1075 566 1255 652 spectatissi-

101 689 182 732 mum
208 667 349 752 collegam
374 679 485 753 patrem
517 679 595 734 tuum
629 669 723 734 moliri
748 670 890 756 quippiam
920 691 1084 754 possumus.
1136 670 1178 733 Αι
1206 669 1253 732 ille

101 769 308 834 vehementius
331 773 553 835 excandescens
576 793 609 836 ac
632 772 769 858 superbia
791 772 958 856 invidiaque
980 772 1107 856 percitus
1129 773 1254 838 schisma

101 873 253 950 conllarit,
278 895 311 936 ac
326 874 467 958 privatam
485 867 619 940 haeresin
636 876 841 938 architectatus
855 885 912 954 est,
936 884 976 952 et,
1002 872 1177 954 Ecclesiam,
1202 877 1254 954 sit,

101 986 233 1040 vestram
255 997 310 1058 rgo
329 975 505 1055 dissociabo,
529 978 558 1040 in
577 997 699 1061 eamque
717 977 843 1040 schisma
861 977 1069 1061 sempiternum
1089 976 1253 1042 immittam.

100 1073 190 1159 Quod
208 1078 255 1141 ille
272 1099 378 1142 revera
395 1099 449 1143 nec
466 1079 612 1144 mediocre
630 1080 743 1164 quidem
759 1079 875 1156 iniecit,
908 1100 967 1142 uou
983 1077 1024 1142 ita
1044 1089 1140 1144 tamen
1159 1092 1191 1144 ut
1207 1101 1255 1144 cc·

99 1179 239 1258 clesiam,
264 1181 315 1244 sed
339 1192 371 1244 ut
392 1201 424 1245 se
449 1182 543 1268 potius
566 1203 601 1245 ac
622 1203 693 1245 suos
715 1182 903 1244 discinderet.

190 1278 283 1347 Cuius
305 1284 332 1346 ei
351 1284 516 1348 schismatis
535 1295 737 1368 argumentum
754 1283 860 1347 nebulo
883 1283 931 1346 ille
953 1295 984 1346 et
1000 1283 1142 1368 impostor
1156 1280 1254 1349 Cerdo
1275 1296 1333 1364 esp.
1350 1299 1391 1350 ιιι.

100 1383 247 1469 praebuit.
293 1385 371 1450 Nam
389 1397 419 1450 st
434 1388 491 1450 duo
506 1387 568 1472 ipse
583 1384 730 1471 Principia
749 1384 909 1449 constituit.
952 1386 994 1449 Αι
1008 1383 1122 1450 Marcio
1137 1387 1254 1451 tertium

99 1489 138 1550 ad
160 1487 236 1552 illius
264 1489 368 1572 dogma
390 1487 566 1574 Principium
590 1489 712 1567 adiecit,
746 1500 779 1551 ut
802 1489 919 1550 omnino
942 1488 997 1550 tria
1021 1489 1096 1550 sinte
1132 1510 1253 1572 quorum

99 1611 191 1653 unum
215 1591 254 1654 sit
274 1613 457 1676 supremum,
491 1592 566 1674 quod
589 1611 683 1674 neque
706 1589 825 1654 nominc
845 1590 1049 1674 comprehendi
1073 1611 1167 1674 neque
1188 1592 1254 1654 visu

100 1693 212 1776 percipi
230 1693 332 1778 possit,
358 1715 441 1778 quem
460 1704 489 1756 et
505 1691 618 1756 llouum
637 1689 729 1755 Deum
746 1693 882 1777 appellat,
906 1713 922 1754 a
942 1713 998 1776 quo
1015 1691 1084 1755 nibil
1100 1691 1253 1755 siccorum

100 1814 178 1877 quae
194 1795 223 1856 in
238 1797 345 1859 mundo
360 1807 427 1860 sunt
443 1797 601 1860 conditum.
648 1795 782 1858 Alterum
799 1815 872 1859 vero
889 1793 982 1858 lleuru
1000 1814 1068 1857 esse
1085 1794 1152 1856 dicit
1170 1815 1255 1879 aspe-

100 1896 237 1960 ctabilem
256 1918 290 1960 sc
308 1894 492 1962 Creatorem.
540 1897 676 1961 Tertium
693 1897 818 1981 denique
835 1895 990 1960 Diabolum
1006 1895 1083 1959 inter
1102 1896 1202 1959 ambos
1219 1896 1254 1960 il·

100 1999 167 2078 los,
191 1999 397 2084 aspectabilem
417 2001 529 2064 scilicet
546 2009 576 2063 et
593 2019 657 2062 eum
676 2000 723 2083 qui
741 1999 831 2084 aspici
849 1998 948 2082 nequit
965 1997 1159 2062 interiectum.
1204 1996 1255 2062 Ex

101 2100 142 2164 iis
170 2103 217 2184 qui
239 2098 366 2166 Creator
393 2111 439 2166 est
467 2114 496 2166 et
521 2101 638 2186 opifex,
673 2101 823 2185 riderique
846 2111 957 2186 potest,
994 2097 1167 2164 ludaeorum
1188 2121 1254 2164 esse

102 2202 202 2281 deum,
227 2204 407 2289 eundemque
427 2202 567 2267 ludicem.
614 2199 754 2268 Ceterum
771 2203 924 2288 virginitas
940 2225 954 2265 a
971 2199 1125 2266 Marcione
1141 2203 1253 2288 praedi·

101 2315 198 2368 catur.
245 2302 386 2370 leiunium
406 2317 436 2370 ct
452 2306 573 2370 sabbato
591 2305 741 2370 observari
761 2305 911 2390 praecipit.
956 2301 1100 2389 Mysteria
1118 2306 1253 2370 catecbu·

99 2405 198 2470 menis
217 2407 405 2472 cernentibus
428 2409 502 2494 apud
522 2409 600 2473 illum
622 2407 818 2472 celebrantur.
865 2407 911 2471 st
931 2406 1003 2470 baec
1021 2429 1094 2471 vero
1115 2409 1254 2492 mysteria

100 2529 206 2592 aquam
229 2510 357 2574 adhibet.
403 2507 533 2575 Sabbata
558 2510 594 2574 ob
619 2531 682 2572 eam
705 2528 838 2572 caussam
861 2509 998 2573 ieiunium
1021 2509 1133 2573 sanxit.
1179 2506 1253 2574 Cum

100 2611 255 2692 enimait,
289 2609 460 2676 ludaeorum
477 2613 542 2692 dei,
573 2612 621 2696 qui
638 2611 713 2674 huuc
731 2610 867 2674 mundum
885 2611 1055 2690 fabricavit,
1086 2611 1254 2676 illasitrc·

100 2712 205 2797 quies,
237 2735 301 2777 curo
324 2715 370 2778 die
389 2712 458 2778 Vll.
479 2713 675 2798 requieverit,
708 2713 808 2776 eadem
832 2735 886 2776 nos
909 2713 1040 2776 ieiunare
1062 2713 1251 2792 instituimus,

99 2835 140 2878 ne
164 2811 336 2880 ludaeorum
360 2817 406 2880 dei
430 2816 532 2880 ritibus
556 2817 596 2879 uti
618 2815 780 2878 videamur.
826 2812 954 2879 Carnem
978 2826 1066 2900 negat
1083 2836 1251 2900 resurgere,

99 2917 190 3001 idque
212 2917 299 2980 babet
320 2919 465 3003 plerisque
487 2941 551 2983 cum
571 2917 741 3001 haeresibus
759 2938 924 2981 commune.
969 2917 1094 2980 Animae
1112 2918 1255 2981 duntaxat

99 3021 350 3084 resurrectionem
365 3041 400 3084 ac
414 3021 502 3084 vitam
519 3020 603 3086 unius
620 3031 650 3084 et
663 3019 785 3082 salutem
802 3019 918 3082 asserit.
964 3017 1115 3104 baptismo
1132 3041 1190 3082 non
1207 3040 1254 3082 se·

100 3121 179 3199 mel,
209 3123 259 3186 sed
283 3123 370 3187 tertio
392 3125 465 3208 apud
490 3123 555 3187 illos
575 3123 735 3186 initiantur.
782 3119 867 3204 Quod
890 3121 951 3184 lieri
967 3120 1077 3186 idcirco
1094 3121 1252 3199 concessit,

100 3223 180 3308 quod
199 3244 214 3284 a
232 3225 381 3310 discipulis
398 3224 477 3302 suis,
510 3225 613 3310 quibus
633 3227 728 3288 luerat
745 3224 895 3306 cognitus,
927 3223 963 3285 ob
981 3222 1116 3287 delictum
1135 3223 1202 3286 illud
1221 3243 1255 3286 ac

101 3325 229 3408 virginis
250 3338 380 3411 stuprum
400 3327 523 3391 ludibrio
543 3339 623 3392 esset
641 3327 764 3389 latirus.
811 3323 887 3388 Nam
911 3345 974 3388 cunr
995 3325 1138 3408 virginem
1160 3326 1190 3387 in
1207 3346 1256 3409 pa·

99 3425 160 3492 tria
176 3439 410 3514 constuprasset,
443 3441 472 3494 et
490 3430 617 3514 ingentis
635 3428 734 3512 llagitii
753 3428 905 3490 convictus
921 3427 1100 3510 aufugisset,
1131 3423 1253 3490 alterum

99 3529 159 3594 sibi
184 3532 434 3596 circumforaneus
456 3535 512 3596 iste
535 3531 707 3617 baptismum
725 3529 864 3608 adscivit,
897 3529 984 3592 licere
1003 3529 1193 3614 pronuntians
1210 3540 1256 3592 ter

100 3632 222 3695 omuino
237 3633 320 3716 aquis
334 3634 392 3698 elui
408 3655 441 3697 ac
456 3635 599 3719 baptismo
616 3643 799 3716 peccatorum
815 3633 851 3694 ad
867 3632 1109 3696 condonationem
1126 3630 1252 3715 expiari,

99 3744 134 3797 ut
151 3733 177 3796 si
194 3735 257 3817 quis
274 3746 340 3819 post
354 3746 520 3820 usurpatum
538 3736 663 3820 priorem
679 3733 856 3819 peccaverit,
880 3734 915 3796 ad
932 3734 1088 3797 secundum
1106 3755 1170 3796 cum
1185 3753 1255 3817 poe·

100 3834 228 3899 nitentia
245 3837 411 3920 confugiat,
436 3838 627 3920 similiterque
646 3837 780 3913 tertium,
805 3835 829 3898 si
847 3846 912 3918 post
927 3835 1084 3899 secundum
1101 3835 1205 3898 iterum
1221 3856 1254 3900 se

100 3937 218 4002 delictis
237 3938 440 4002 obstrinxerit.
487 3935 572 4020 Quod
592 3939 626 4002 ad
644 3938 780 4001 infamiae
797 3957 866 4000 suae
885 3937 1043 4002 remedium
1061 3936 1252 4020 excogitavit,

100 4061 162 4124 quo
184 4061 217 4103 se
238 4060 352 4104 rursum
374 4052 440 4124 post
462 4041 574 4104 lacinus
591 4049 742 4125 purgatum
764 4051 794 4102 ct
815 4041 892 4102 inter
909 4041 1081 4103 innocentes
1098 4029 1258 4102 numeran-¹

100 4143 172 4206 dum
195 4163 261 4206 esse
283 4144 484 4228 persuaderet.
529 4143 575 4206 Ad
598 4141 783 4225 quodetiam
806 4141 879 4205 lalso
898 4141 1093 4206 testimonium
1111 4141 1254 4226 quoddam

100 4245 321 4324 accommodat,
352 4245 428 4328 quod
450 4245 548 4329 specie
567 4243 629 4329 ipsa
647 4243 794 4328 probabile
812 4243 904 4328 possit
922 4243 1031 4322 videri,
1064 4244 1119 4308 etsi
1137 4265 1196 4308 uon
1218 4263 1254 4309 eo

100 4375 193 4446 ripheis
209 4377 298 4446 bdpco
700 4381 820 4431 rattcano.

139 4449 198 4498 Cae.
213 4451 256 4499 tlt.
274 4477 308 4487 -
326 4446 348 4499 1.
365 4450 431 4499 trtrr
446 4446 549 4502 taetrae.
729 4445 754 4498 3.
767 4443 834 4500 κατὰ
844 4449 951 4498 emendat
960 4450 1104 4500 Petactusr'n
1114 4449 1255 4500 Antarados.

137 4523 163 4568 2.
184 4519 257 4567 Verba
271 4515 316 4568 xci
328 4515 440 4582 κτίστην,
455 4532 515 4579 quoe
528 4519 665 4566 desideran-
732 4511 756 4565 4.
773 4512 893 4581 nerbasis
909 4517 963 4566 edit.
977 4519 1052 4578 princ.

101 4593 142 4637 tur
156 4589 182 4636 tn
195 4587 250 4636 edit.
257 4586 342 4648 princ,
356 4587 467 4636 Petuctus
478 4587 563 4636 cdteeit
577 4599 606 4634 eu
614 4585 664 4635 eod.
