3018 4994
236 273 297 336 ³76
659 279 780 332 ειαστι
797 280 967 332 mama

87 405 154 474 Κεφ.
172 399 220 473 λγ’.
329 403 422 465 Τοῦτο
439 397 470 464 τό
486 397 623 485 κήρυγμα
638 403 847 482 παρειληφνῖα,
868 399 919 463 καί
932 395 1042 483 ταύτην
1054 400 1110 485 τήν
1126 407 1239 486 πίστιν,
1263 403 1304 482 τίς
1318 433 1385 490 προ-
1487 485 1488 496 ρ

237 503 366 584 ίφαμεν,
387 499 409 586 ἦ
425 505 577 584 ἐκκλησία,
598 504 702 586 καίπερ
720 502 751 565 ἐν
767 498 825 588 ίίλιγτ
841 506 882 588 τῷ
895 499 997 590 κόσμιγ
1014 507 1226 590 διεσπαρμένη,
1250 511 1386 592 ἐπιμελῶς

237 601 389 686 φυλάσσει,
413 601 454 680 ός
469 606 520 670 ἕνα
533 599 617 669 οἷκον
630 605 762 681 οἰκοῦσα,
785 604 835 667 καί
848 599 958 686 όμοίως
973 605 1101 671 πιστεύει
1114 607 1241 690 τούτοις,
1265 608 1307 688 τίς
1319 617 1386 694 μίαν

236 703 338 790 ψυχὴν
356 707 408 772 καί
424 703 478 790 τὴν
497 702 589 788 αύιιξν
604 706 709 788 ἐχουσα
723 708 864 790 καρδίαν,
894 706 945 770 καί
960 707 1130 790 συμφόνως
1144 715 1236 776 ταῦτα
1250 712 1387 798 κηρύσσει

236 810 287 874 καί
303 807 432 878 διδάσκει
448 809 497 873 καί
514 810 732 892 παραδίδωσιν,
760 803 801 883 τίς
813 811 848 870 ἐν
863 806 956 888 στόμα
973 813 1143 895 κεκτημένη.
1190 816 1272 880 ιΙίοιί
1286 813 1342 900 γάρ
1356 818 1388 880 αί

236 908 312 976 κατά
328 908 380 976 τόν
397 908 510 992 κόσμον
525 907 672 975 διάλεκτον
687 907 837 990 άνόμόιαι·
869 906 927 973 αλλ’
948 907 969 994 ἦ
985 910 1109 995 δύναμις
1129 919 1181 998 τῆς
1197 916 1387 1001 παραδόσεως

237 1017 289 1095 μία
305 1015 356 1078 καί
370 1009 391 1096 ἦ
406 1010 480 1095 αύτή
489 1063 498 1091 ,
526 1014 578 1078 καί
596 1009 663 1076 ούτε
680 1015 713 1076 αί
724 1014 756 1076 ἐν
771 1018 799 1075 Γ
796 1014 946 1096 ερμσνίαις
961 1016 1114 1099 ίδρυμέται
1130 1018 1281 1101 ἐκκλησίαι
1298 1017 1385 1096 άλλως

236 1115 477 1194 πεπιστεύκασιν,
507 1113 643 1197 ἢάλλως
664 1111 894 1199 παραδιδόασιν,
924 1112 992 1180 ούτε
1012 1119 1044 1182 ἐν
1065 1127 1129 1195 ταῖς
1144 1117 1294 1205 Ἷβερίαις,
1324 1121 1385 1187 οὔτε

237 1221 269 1284 ἐν
285 1223 414 1296 Κελτοῖς,
432 1214 500 1282 ούτε
514 1212 588 1282 κατά
603 1213 656 1291 τάς
670 1212 823 1294 άνατολάς,
842 1213 909 1280 ούτε
924 1218 956 1282 ἐν
968 1219 1122 1309 Αἰγύπτῳ,
1144 1219 1213 1286 ούτε
1227 1225 1261 1288 ἐν
1274 1223 1385 1314 Λιβύη,

237 1317 305 1387 ούτε
317 1323 351 1384 αί
361 1317 436 1384 κατά
450 1321 523 1402 μίσα
537 1327 591 1384 τοῦ
608 1317 723 1400 κόσμου
738 1319 903 1402 ἱδρυμένοι·
926 1315 985 1384 ἄλλ’
1000 1319 1096 1407 όίςπερ
1111 1320 1130 1388 ό
1143 1322 1224 1406 ἥλιος
1236 1323 1270 1390 τό
1286 1329 1386 1408 κτίσμα

236 1427 290 1489 τοῦ
309 1427 386 1487 θεοῦ
406 1424 438 1488 ἐν
458 1421 517 1511 όληο
534 1425 574 1510 τῷ
589 1418 691 1509 κόσμῳ
710 1416 752 1496 είς
767 1421 817 1484 καί
832 1416 851 1486 ό
868 1417 972 1499 αύτός,
1005 1421 1083 1488 ούτω
1100 1427 1150 1490 καί
1167 1425 1224 1491 ”td
1245 1432 1326 1507 φῶς,
1355 1425 1385 1492 τό

237 1524 374 1610 κήρυγμα
388 1528 444 1606 τῆς
460 1521 600 1605 άληθείας
612 1527 744 1612 πανταχῇ
759 1525 869 1603 φαίνει,
884 1524 934 1588 καί
948 1529 1066 1604 φωτίζει
1081 1525 1194 1604 πάντας
1208 1525 1387 1613 όνθριόπους

237 1625 308 1703 τούς
324 1627 523 1715 βουλομένους
540 1628 581 1701 είς
597 1627 754 1710 ἐπίγνωσιν
768 1621 910 1707 άληθείας
925 1627 1041 1707 ἐλθεῖν,
1063 1631 1114 1694 καί
1127 1627 1195 1694 ούτε
1210 1627 1228 1696 ό
1242 1628 1324 1695 πάνυ
1338 1633 1387 1695 δυ·

238 1727 326 1805 νατός
345 1731 377 1794 ἐν
396 1725 473 1816 λόγῳ
495 1735 554 1792 τοῖν
575 1730 605 1794 ἐν
627 1735 693 1802 ταῖς
711 1728 876 1809 ἐκκλησίαις
891 1727 1084 1814 προεστοίτων
1100 1733 1183 1816 ἕτερα
1199 1730 1315 1798 τούτων
1332 1733 1387 1816 ἐρεῖ

239 1829 348 1910 (ούδείς
361 1828 416 1916 γάρ
433 1827 508 1914 ύπέρ
524 1827 576 1894 τόν
589 1827 786 1908 διδάσκαλον),
809 1827 877 1894 ούτε
894 1826 1054 1915 όάσθενής
1070 1835 1159 1922 ἐντῷ
1173 1831 1252 1922 λόγῳ
1269 1831 1386 1900 ἐλαττό·

238 1956 281 1999 σει
298 1930 352 2015 τὴν
368 1929 539 2017 παράδοσιν.
583 1939 668 2007 Μιάς
685 1930 741 2017 γάρ
760 1932 812 1996 καί
829 1939 882 2014 τῆς
898 1929 989 2018 αύτῆς
1004 1938 1127 2011 πίστεως
1145 1933 1252 2018 ούσης,
1284 1931 1386 2001 ούτεό

239 2032 315 2101 πολύ
333 2037 399 2120 περί
417 2031 509 2116 αὐτῆς
526 2032 687 2116 δυνάμενος
702 2035 793 2098 εἰπεῖν
809 2033 997 2114 ἐπλεόνασεν,
1020 2034 1086 2102 οὔτε
1102 2034 1121 2102 ό
1137 2036 1170 2104 τό
1190 2034 1290 2123 ὀλίγον
1306 2035 1384 2120 ἠλατ·

238 2136 351 2222 τόνησε.
400 2132 439 2201 Τό
457 2137 489 2201 δέ
504 2145 604 2202 πλεῖον
619 2135 640 2219 ἢ
655 2137 772 2201 ἐλαττον
788 2134 861 2200 κατά
876 2134 992 2203 σύνεσιν
1008 2140 1118 2204 εἰδέναι
1131 2137 1214 2216 τινάς
1230 2137 1287 2205 ούκ
1304 2141 1336 2206 ἐν
1349 2146 1386 2227 τῷ

239 2239 294 2323 τὴν
305 2237 452 2305 ύπόθεσιν
464 2235 556 2324 αύτῆν
568 2236 717 2303 άλλάσσειν
729 2243 846 2324 γίνεται,
860 2241 911 2304 καί
923 2238 1009 2306 άλλον
1021 2239 1096 2305 θεόν
1107 2249 1299 2326 παρεπινοεῖν
1310 2240 1387 2326 παρά

239 2340 292 2408 τόν
313 2340 495 2426 δημιουργόν
515 2343 566 2406 καί
587 2338 711 2424 ποιητὴν
732 2343 780 2406 καί
804 2342 915 2426 τροφέα
934 2347 987 2406 τοῦ
1009 2343 1041 2407 δέ
1061 2347 1115 2407 τοῦ
1135 2341 1262 2422 παντός,
1291 2341 1334 2420 οἱς
1349 2339 1388 2425 μή

239 2441 441 2528 άρκοομένους
462 2442 595 2532 8τούτςο,
619 2442 640 2526 ἢ
658 2441 743 2509 άλλον
761 2441 905 2528 Χριστόν,
931 2441 1055 2526 ἢάλλον
1072 2451 1250 2530 Μονογενῆ,
1272 2443 1389 2510 άλλάίκ

241 2552 282 2636 τῷ
296 2543 333 2610 τά
349 2543 404 2609 ὅσα
420 2547 452 2610 ἐν
465 2549 647 2631 παραβολαῖς
662 2549 774 2630 είρηται
789 2544 1128 2632 4προςεπεξεργάζεσθαι
1142 2548 1194 2612 καί
1209 2551 1389 2614 συνοικειοῦν

241 2656 278 2738 τῇ
294 2656 346 2731 τῆς
360 2652 483 2724 πίστεως
495 2645 649 2726 όποθίσει,
668 2649 720 2713 καί
734 2649 766 2712 ἐν
779 2654 820 2736 τῷ
835 2646 889 2730 τήν
901 2673 931 2712 τε
945 2652 1143 2734 πραγματείαν
1155 2651 1206 2713 καί
1220 2651 1390 2731 οἰκονομίαν

121 2784 172 2832 τις.
184 2773 229 2819 τοι.
243 2757 297 2817 τοῦ
317 2757 394 2817 θεοῦ
415 2750 468 2833 τὴν
486 2751 535 2815 ἐπί
550 2758 587 2839 τῇ
604 2747 811 2835 άνθρωπότητι
835 2751 1015 2834 ἐγινομένην
1031 2753 1249 2837 ἐκδιηγεῖσθαι,
1281 2753 1333 2816 καλ
1347 2749 1389 2816 δτι

242 2851 489 2939 ἐμακροθύμησεν
512 2849 530 2918 ό
550 2850 624 2928 θεός
647 2853 696 2917 ἐπί
718 2875 748 2916 τε
768 2856 804 2940 τῇ
824 2859 884 2918 τοῖν
903 2851 1155 2938 παραβεβηκότων
1172 2848 1302 2938 άγγίλων
1320 2849 1388 2917 dm·

243 2960 345 3044 στασίφ
361 2957 412 3021 καί
430 2956 478 3020 ἐπί
495 2961 529 3044 τῇ
548 2961 685 3044 παρακογῖ
701 2961 759 3019 ταῖν
777 2951 948 3039 άνθροίπων
964 2959 1148 3038 σαφηνίζειν,
1177 2956 1228 3020 καί
1246 2953 1298 3020 διά
1314 2949 1390 3020 τίτί

244 3061 297 3144 μίν
311 3055 490 3144 πρόςκαιρα,
519 3054 554 3121 τά
572 3057 603 3122 δὲ
619 3054 738 3134 αίοόνια,
761 3058 811 3122 καί
829 3056 865 3121 τά
881 3058 935 3139 μίν
954 3055 1094 3142 ούροίνια,
1115 3057 1167 3122 καί
1181 3054 1217 3120 τά
1233 3057 1266 3120 δέ
1283 3059 1391 3142 ἐπίγεια

246 3157 288 3238 είς
307 3162 357 3227 καί
378 3157 396 3225 ό
418 3156 508 3234 αύτός
527 3157 601 3234 θεός
621 3163 779 3241 πεποίηκεν
796 3156 997 3245 άπαγγέλλειν,
1027 3162 1078 3224 καί
1096 3157 1146 3223 διά
1162 3162 1191 3224 τί
1208 3155 1337 3242 άόρατος
1353 3157 1391 3224 σίν

245 3261 341 3346 ίφάυη
360 3270 424 3338 τοῖς
444 3259 612 3348 προφήταις
632 3258 651 3326 ό
670 3259 757 3340 θεός,
787 3260 843 3328 ούκ
865 3263 898 3326 ἐν
919 3269 972 3350 μιᾷ
993 3263 1074 3350 ίδέηι,
1102 3258 1174 3326 άλλά
1191 3258 1285 3354 άλλως
1300 3259 1392 3336 ἄλλοις

246 3373 366 3444 συνιεῖν,
382 3365 433 3428 καί
447 3361 496 3429 διά
510 3369 538 3428 τί
551 3367 696 3446 διαθῆκαι
710 3367 827 3441 πλείους
837 3361 972 3450 γεγόνασι
986 3371 1023 3453 τῇ
1038 3360 1251 3448 άνθρωπότητι
1262 3361 1390 3446 μηνύειν,

246 3468 296 3535 καί
315 3471 360 3543 τίς
376 3464 498 3548 ἑκάστης
514 3472 573 3531 τῶν
590 3469 746 3549 διαθηκῶν
760 3463 777 3532 ό
792 3464 939 3552 χαρακτὴρ
957 3464 1122 3545 διδάσκειν,
1148 3467 1200 3531 καί
1215 3466 1267 3530 διά
1283 3470 1313 3532 τί
1330 3487 1390 3531 συιε

248 3571 353 3636 ἔκλεισε
370 3567 466 3634 πάντα
482 3571 523 3645 είς
539 3565 693 3634 άπείθειαν
708 3565 727 3634 ό
742 3566 830 3647 θεός,
856 3571 906 3634 ίνα
924 3566 995 3644 τούς
1009 3566 1123 3644 πάντας
1138 3564 1257 3657 ἐλεήσῃ,
1289 3571 1390 3654 ἐξεριν

249 3678 319 3752 νῖιν,
341 3673 392 3736 καί
407 3669 457 3736 διά
471 3673 499 3736 τί
513 3666 532 3736 ό
544 3668 629 3757 λόγος
644 3675 698 3738 τοῦ
711 3677 786 3737 θεοῦ
802 3668 875 3756 σάρξ
887 3671 999 3757 ἐγίνετο
1012 3672 1064 3736 καί
1080 3671 1194 3735 ἐπαθεν
1209 3666 1391 3756 εύγαριοτεῖν,

249 3776 300 3840 καί
321 3771 371 3840 διά
394 3777 422 3839 τί
442 3775 479 3839 ἐπ
506 3770 634 3855 ἐσχάτων
658 3779 741 3839 6τῶν
757 3778 867 3858 καιρόν
882 3770 903 3856 τί
920 3777 1066 3858 παρουσία
1083 3778 1138 3838 τοῦ
1154 3775 1223 3838 υίοῦ
1240 3779 1297 3838 τοῦ
1312 3775 1391 3848 θεοῦ,

249 3878 396 3944 τουτέστιν
412 3877 445 3940 ἐν
460 3882 502 3965 τρῖ
519 3877 590 3942 τέλει
605 3873 702 3960 ἐφάνη
719 3872 740 3959 ἦ
755 3872 839 3960 άρχή,
862 3873 1058 3962 ἐπαγγέλλειν,
1080 3875 1130 3940 καί
1145 3875 1214 3960 περὶ
1228 3881 1286 3940 τοῦ
1300 3875 1392 3948 τέλονς

249 3981 301 4046 καί
317 3985 376 4044 ταῖν
393 3975 568 4062 μελλόντων,
590 3976 647 4043 ὅσα
663 4003 693 4043 τε
707 3987 801 4044 κεῖται
816 3981 848 4044 ἐν
867 3986 931 4056 ταῖς
945 3986 1092 4063 γραφαῖς,
1114 3974 1327 4056 όναπτύσσειν,
1348 3976 1391 4041 καί

285 4119 345 4172 Cu.
358 4118 485 4168 xxxm.
503 4146 536 4156 -
563 4117 585 4169 1.
601 4121 637 4169 Ιλσ
652 4132 731 4168 οοιιιει
746 4120 806 4168 libri.
874 4116 898 4169 3.
915 4113 997 4184 τούτῳ
1008 4119 1098 4169 rmum·
1111 4131 1141 4166 ιτ
1153 4119 1203 4168 οοσ.
1215 4118 1305 4170 Υιτυοῖο.
1327 4117 1391 4176 vum

253 4189 312 4272 ομιιι
335 4189 421 4238 Grebia
444 4187 615 4238 rescribendum
637 4187 730 4237 videtur
751 4177 807 4239 Κίίκ
843 4191 907 4237 αιτιοι
922 4181 1033 4244 τούτους.
1085 4251 1093 4270 Ι
1368 4249 1378 4262 ι

251 4272 310 4374 γαί.
333 4319 362 4376 τί
389 4321 445 4390 φῶς
469 4318 498 4376 τί
523 4318 643 4390 κηρυγμα
665 4326 756 4374 πιστοί
779 4337 809 4374 ιτ
842 4249 1390 4388 οοιίίέίιοςείίβδέἐτγτόρζγειίἓέόδίίίὶκοάίᾜίίίίιν

252 4393 388 4443 auctoritate
404 4393 455 4441 οοδ.
471 4392 548 4442 Veneti
567 4397 589 4442 ιι
606 4392 653 4440 Vel.
670 4391 809 4454 ῖιιλπρτειῖι,
841 4391 924 4454 reliqui
938 4391 999 4440 λιστί

252 4463 294 4524 qui
307 4461 374 4510 λιοδιι
385 4456 421 4510 nic
433 4467 459 4508 ει
472 4457 564 4521 lumen,
577 4456 729 4526 praedicatio
742 4457 810 4510 τετί-
878 4460 903 4510 5.
916 4455 1059 4523 γενομένην,
1072 4460 1106 4508 καί
1116 4461 1216 4508 corruit
1226 4460 1308 4508 Βελίαν
1318 4467 1390 4507 τιτυσ-

254 4526 313 4580 ιιιῖι
329 4531 379 4579 uta.
843 4529 900 4578 σιαιι
916 4527 963 4580 λιι.
976 4527 1090 4590 ἐοντα,
1106 4527 1175 4576 met
1189 4529 1242 4578 οοιλ
1256 4527 1331 4578 Ρατῖτ.
