3010 5000
245 161 307 224 472
666 172 975 226 ειαστιεειεεειειιε

246 285 338 354 αύτδν
353 295 388 378 τῇ
400 285 586 374 Ἰερουσαλὴμ
602 287 748 376 δακρύσαι
766 285 810 355 ἐπ’
826 287 934 372 αὐτὴν,
955 291 1007 355 καί
1025 292 1132 370 εἰπεῖν,
1154 291 1197 355 Et
1209 291 1302 376 ίγνας
1319 290 1392 355 Ιταί

248 387 284 456 σύ
303 388 427 476 σήμερον
442 388 478 454 τά
494 388 571 476 πρός
587 391 721 478 εἰρήνην,
752 390 863 478 έκρύβη
882 393 913 458 δὲ
933 389 1015 458 οδιεδ
1032 400 1103 472 σοῦ,
1133 391 1184 458 διά
1198 399 1253 458 τοῦ
1265 389 1393 477 Ἐιρύβη

248 491 379 576 βήματος
393 490 426 557 τδ
444 489 622 578 ἀπόκρυφον
638 501 691 561 τοῦ
708 501 815 561 Βυθοῡ
833 495 1035 578 δεδηλωκέναι.
1080 497 1142 560 Καί
1158 493 1246 560 πάλιν
1262 492 1393 572 εἰπόντα,

248 602 341 660 Δεῦτε
362 594 438 680 πρός
458 622 494 680 με
515 595 621 674 πάντες
642 601 673 662 οί
685 604 860 677 κοπιῶντες,
888 599 938 662 καί
957 597 1211 683 πεφορτισμένοι,Ι
1227 594 1309 682 κύγιδ
1324 594 1393 661 σίνα-

248 695 353 762 παύσω
367 694 460 780 ύμάς,
483 701 533 764 καί
547 699 657 781 μάθετε
674 697 723 764 ἀπ’
737 701 819 783 ἐμοῦ.
869 697 927 766 Τδν
942 707 995 783 τῆς
1009 697 1151 782 άληθείας
1166 700 1279 786 πατίρα
1291 725 1396 784 κατηγ-

248 800 386 885 γελκέναι.
421 800 461 865 Ὃ
476 800 531 889 γάρ
549 799 604 867 ούκ
622 800 757 892 ᾔδεισαν,
786 803 918 882 10φασί,
939 809 1026 869 τοῦτο
1042 799 1143 878 αύτοῖς
1157 798 1296 884 ύπίσγετο
1312 799 1396 866 διδύ·

249 905 315 979 ξειν.
365 899 568 981 ιιἈπόδειξιν
589 905 621 969 δὲ
642 903 695 988 τήν
711 903 851 971 άνεοτάτω
873 905 924 970 καί
945 907 1036 970 οίονελ
1052 908 1200 989 κορωνίδα
1214 912 1270 987 τῆς
1285 901 1397 969 ύτιοθέ-

251 1024 322 1080 σειος
338 1001 437 1070 αύτοῖν
450 1007 573 1090 φέρουσι
589 1013 695 1072 ταῦτα·
721 1004 1031 1092 1λ’ίδξομολογύσομαί
1045 1028 1108 1087 σοι,
1128 1005 1220 1092 πάτερ
1239 1005 1324 1092 κύριε
1339 1012 1398 1070 τοῖν

250 1103 384 1192 ούρανιόν
398 1109 448 1172 καί
467 1114 563 1191 ι’δτῆς
575 1115 639 1194 γῆς,
661 1108 705 1176 ὅτι
722 1107 899 1196 άπέκρυψας
913 1106 988 1174 αύτδ
1001 1106 1060 1175 ύπδ
1075 1115 1178 1189 σοφῶν
1191 1111 1242 1174 καί
1257 1115 1397 1186 miv,

249 1211 298 1274 καί
322 1207 515 1291 άπεκάλνψας
537 1208 613 1276 αύτά
634 1216 760 1294 νηπίοις.
807 1209 873 1278 0ύοὶ
896 1209 915 1277 ό
935 1210 1031 1296 πατήρ
1054 1237 1129 1294 μου,
1160 1212 1205 1277 δτι
1226 1211 1398 1296 ἔμπροσθέν

250 1333 305 1376 σον
328 1305 449 1378 εύδοκία
471 1339 521 1395 μοι
544 1314 655 1399 ἐγένετο
677 1313 782 1379 Πάντα
801 1341 852 1399 μοι
869 1312 1023 1399 παρεδόθη
1043 1310 1105 1380 ύπό
1125 1321 1179 1380 τού
1199 1311 1313 1399 πατρός
1329 1338 1399 1395 μου,

249 1415 300 1478 καλ
316 1411 415 1490 ούδείς
431 1419 505 1502 ἔγνω
520 1413 572 1480 τόν
587 1417 712 1500 πατέρα,
735 1419 762 1481 εί
778 1415 819 1500 μή
837 1413 854 1482 δ
870 1414 950 1494 υίδς,
974 1417 1024 1481 καί
1039 1413 1091 1481 τόν
1105 1413 1188 1494 υίδν,
1212 1418 1239 1480 εί
1253 1413 1294 1498 μὴ
1310 1411 1399 1480 διτα-

250 1515 320 1598 τήρ,
343 1519 394 1581 καί
410 1510 435 1605 ᾦ
449 1515 485 1582 δν
501 1515 596 1593 ύαίδς
616 1515 847 1608 Ηάποκαλύψη.
889 1516 939 1582 Ἐν
953 1515 1068 1594 τούτοις
1084 1516 1249 1604 διαρρήδην
1265 1519 1340 1597 φασί
1354 1521 1401 1582 δε-

251 1619 373 1702 δειχέναι
388 1617 494 1699 αύτὸν,
517 1618 556 1696 ὥς
570 1618 623 1686 τόν
636 1617 687 1686 ὕπ’
708 1619 851 1688 1ίαύτοῖν
863 1622 1117 1706 παρεξενρημένον
1132 1622 1244 1704 πατέρα
1259 1617 1400 1703 ύληθείας

251 1719 307 1805 πρό
324 1729 376 1803 τῆς
390 1729 553 1808 παρουσίας
569 1720 662 1790 αύτοῦ
676 1723 803 1807 μηδενός
818 1722 939 1790 πιύπυτε
956 1721 1131 1808 ἐγνωκότος,
1153 1724 1203 1788 καί
1219 1719 1399 1788 κατασκευά-

250 1829 307 1902 ζειν
323 1825 478 1905 θέλουσιν,
509 1821 550 1900 οδς
564 1833 617 1890 τοῦ
632 1833 758 1909 ποιητοῦ
776 1829 826 1892 καί
842 1832 959 1892 κτιστοῦ
975 1823 1021 1890 άελ
1037 1822 1097 1891 ύπδ
1116 1823 1237 1890 πάντων
1255 1825 1399 1911 ίγνωσμί·

251 1953 316 2005 νου,
338 1929 389 1992 καί
402 1935 495 1992 ταῦτα
508 1926 560 1993 τόν
574 1925 679 2014 κύριον
695 1930 838 2014 είρηκέναι
852 1929 920 2016 περί
935 1935 989 1994 τοῦ
1004 1925 1156 2013 α’γνοόστου
1170 1935 1233 2004 τοῖς
1246 1932 1319 1993 πᾶσι
1335 1933 1399 1991 Πα-

251 2025 335 2114 τρός,
359 2028 394 2095 δν
415 2027 500 2095 αύτοί
521 2033 751 2116 καταγγέλλουσα.

216 2139 233 2195 '.
339 2129 400 2215 Τὴν
417 2133 448 2198 δὲ
463 2139 516 2214 τῆς
530 2129 761 2218 άπολυτριόσεως
776 2131 877 2210 αὐτοῖς
893 2131 1059 2218 παράδοσιν
1074 2132 1260 2214 συμβέβηκεν
1274 2129 1402 2215 άόριιτοτ

253 2230 327 2298 είναι
341 2237 392 2299 καί
406 2233 620 2318 άκατάληπτον,
643 2234 693 2300 άτε
706 2241 766 2300 τοῖν
780 2233 953 2320 άκρατήτων
966 2235 1015 2300 καλ
1030 2231 1165 2320 άοράτοον
1179 2235 1291 2319 μητέρα
1305 2230 1398 2319 ύτιάρ·

251 2358 377 2420 χοασαν,
408 2339 460 2403 καί
482 2335 530 2404 διδ
550 2345 636 2403 τοῦτο
659 2335 782 2403 άστατυν
803 2330 895 2404 οὖσαν
914 2335 968 2420 ούγ
990 2333 1103 2416 δειλοῖς,
1139 2333 1229 2402 ὀύδὲ
1250 2337 1295 2401 ένί
1313 2334 1401 2424 λόγῳ,

253 2435 424 2525 ἀπαγγεῖλαι
437 2441 510 2504 ἔστι·
533 2438 583 2504 διά
597 2438 630 2504 τό
650 2442 725 2506 ’ἕνα
739 2442 860 2506 ἕκαστον
875 2437 988 2519 αύτοῖν,
1010 2437 1116 2516 καθοδς
1131 2435 1218 2504 αύτοί
1233 2435 1401 2520 βούλονται,

131 2569 182 2616 τις.
196 2558 240 2607 λοι.
254 2539 448 2626 παραδιδόναι
472 2541 573 2624 αύτήν.
607 2540 694 2608 Ὅσοι
716 2541 771 2627 γάρ
793 2545 848 2608 είσι
869 2540 977 2624 ταύτης
996 2549 1049 2626 τῆς
1067 2540 1187 2627 γνοίμης
1204 2541 1402 2626 μυσταγωγοί,

251 2650 389 2709 τοσαῦται
405 2646 452 2708 καί
473 2643 697 2730 άπολυτρόσεις.
742 2646 803 2709 Καί
817 2643 862 2710 ότι
877 2645 929 2726 μὲν
944 2646 986 2721 είς
1002 2643 1156 2730 ἒξάρνησιν
1172 2650 1226 2709 τοῦ
1240 2647 1402 2726 βαπτίσμα-

252 2772 303 2823 τος
316 2752 368 2828 τῆς
383 2748 425 2822 είς
435 2745 506 2812 θεόν
521 2743 748 2832 άναγεννήσεως,
766 2749 817 2811 καί
832 2746 930 2828 πάσης
944 2754 996 2830 τῆς
1009 2750 1133 2822 πίστεως
1147 2743 1306 2823 άπόθεσιν,
1327 2741 1402 2810 ύπο·

253 2850 390 2932 βέβληται
405 2846 437 2915 τό
454 2846 531 2926 είδος
550 2856 658 2916 8τοῦτο
672 2847 733 2913 ύπδ
749 2853 803 2916 τού
818 2857 954 2928 Σατανᾶ,
976 2850 1139 2934 ίλίγχοντες
1152 2845 1263 2924 αύτούς
1278 2845 1404 2933 ἀπαγγε-

253 2959 360 3034 λοῦμεν
382 2955 413 3017 ἐν
434 2959 474 3039 τῷ
495 2949 672 3038 προςήκοντι
694 2951 784 3042 τόπῳ.
828 2954 958 3038 Λέγουσι
980 2951 1011 3016 δὲ
1033 2948 1125 3033 αύτήν
1143 2948 1309 3036 άναγνιαίαν
1328 2946 1404 3016 είνιιι

253 3063 315 3128 τοῖς
335 3052 389 3136 τήν
409 3057 516 3119 τελείαν
537 3061 644 3139 γνῶσιν
664 3052 829 3138 εἰληφόσιν,
858 3057 909 3120 ’ίνα
929 3057 971 3131 είς
990 3052 1045 3136 τήν
1065 3049 1138 3138 ύπίρ
1161 3049 1258 3117 πάντα
1276 3049 1404 3133 δύναμιν

254 3148 325 3222 ὦσιν
347 3153 611 3240 ἀναγεγεννημένοι.
645 3156 758 3234 Ἀλλως
777 3156 833 3242 γάρ
853 3155 1000 3222 άδύνατου
1021 3154 1104 3232 ἐντός
1123 3151 1331 3240 Πληρύματος
1349 3156 1402 3229 είς-

254 3265 365 3340 ελθεῖν,
396 3256 497 3341 ἐπειδὴ
518 3257 592 3344 αὕτη
615 3260 692 3325 ἐστίν
714 3255 734 3341 ἦ
755 3262 795 3334 είς
817 3255 874 3325 *w*
896 3257 996 3342 βάθος
1012 3255 1180 3344 κατάγουσα
1197 3253 1315 3332 αύτούς.
1365 3253 1402 3320 Τό

256 3360 309 3442 μὲν
329 3358 384 3446 γάρ
408 3359 556 3446 βάπτισμα
577 3368 630 3428 τοῦ
647 3363 828 3444 φαινομένου
843 3358 938 3445 Ἰησοῦ
954 3358 1088 3442 άφέσεως
1105 3355 1268 3444 άμαρτιῶν,
1299 3355 1353 3441 τὴν
1373 3359 1405 3422 δὲ

257 3460 457 3547 άπολύτρωσιν
473 3471 526 3529 τοῦ
545 3465 577 3528 έν
592 3461 672 3554 αύτῷ
689 3470 839 3549 λΧριστοῦ
854 3462 1046 3552 κατελθόντος
1061 3466 1103 3540 είς
1115 3465 1276 3540 τελείωσιν,
1303 3462 1354 3526 καί
1370 3457 1402 3524 τό

257 3565 310 3648 μλν
323 3565 467 3649 ψυχικόν,
489 3565 543 3650 τήν
556 3568 588 3633 δέ
601 3565 802 3650 πνευματικὴν
817 3563 892 3633 είναι
907 3563 1096 3648 ύφίσταυται,
1119 3565 1171 3631 καί
1184 3561 1218 3629 τό
1233 3563 1286 3646 μέν
1300 3561 1403 3647 βάπτι-

256 3689 315 3754 ημα
329 3665 388 3734 ύπδ
404 3666 541 3735 ’ίεοάυνοα
554 3670 752 3756 κατηγγίλθαι
767 3671 808 3746 είς
821 3669 985 3754 μετάνοιαν,
1007 3666 1062 3750 τήν
1078 3667 1110 3733 δέ
1125 3663 1329 3751 ἀπολύτρωσιν
1344 3660 1404 3730 ύπδ

290 3925 377 3996 8.Ῐκαλ
393 3943 438 3978 σοι.
454 3930 504 3978 cod.
520 3929 616 3990 λλεδλη.
845 3932 882 3980 λεί
897 3927 1071 3978 ostensionem
1087 3922 1356 3992 autem-summm,
1380 3933 1405 3972 et

289 3995 314 4046 9.
330 3991 380 4048 άτιδ
402 4011 454 4046 σανα
476 3999 544 4046 mmo
561 3999 727 4048 restituendum
747 3999 813 4048 δυτλ.
847 3997 915 4046 velut
932 3995 1005 4047 finem
1022 4001 1087 4059 τελλ,
1108 3995 1244 4058 videturque
1259 3995 1342 4056 λεςίιεε
1357 3994 1403 4046 τῦι

257 4065 333 4122 Abest?
341 4067 403 4114 τοῖοι
419 4067 449 4112 σὺ
466 4067 571 4114 omnibus
588 4067 660 4116 λε’δτίε.
848 4059 979 4119 ἀνωτάτω.
1220 4123 1223 4128 Α

293 4131 331 4182 10.
349 4133 477 4194 Εμίμλισπλί
492 4135 546 4181 libri
562 4133 645 4183 λαδτιιλ
661 4131 734 4200 φησί.
883 4133 921 4182 1‘2.
944 4131 1071 4182 Confiteor
1089 4131 1157 4181 λσλιελ
1174 4131 1221 4181 m
1235 4131 1357 4192 λιιίειρεει

294 4197 332 4249 11.
351 4200 401 4249 λὀα
413 4193 553 4261 ’λπδδειξιι
567 4198 624 4266 (ντί,
641 4204 758 4263 simonis,
772 4199 815 4253 Δί·
883 4198 921 4250 13.
937 4199 986 4265 τῆς
1002 4215 1047 4249 οτι.
1066 4200 1117 4250 eod.
1136 4200 1190 4249 λέπ

258 4263 355 4332 δαξιι),
373 4281 432 4329 quae
448 4271 541 4318 incuria
554 4270 704 4318 librariorum
719 4283 816 4331 ηεωενε
883 4263 922 4318 14.
939 4261 1099 4330 ἀποκαλύψει
1115 4267 1167 4317 eod.
1182 4268 1257 4317 λέπελ.

258 4337 392 4396 interierat,
407 4338 531 4398 τεμτίεοδσ
545 4341 594 4386 καί
610 4351 639 4385 εκ
651 4339 762 4387 vocabulo
778 4339 815 4390 δι·
885 4335 921 4384 15.
939 4331 1022 4387 αύτοῑν
1038 4335 1106 4386 codd.
1120 4335 1196 4385 λἀεελ.
1214 4335 1311 4399 Mo.
1344 4337 1403 4386 nai·

260 4396 351 4467 δύξιιν,
367 4405 428 4464 quod
440 4405 561 4454 antecedit.
587 4406 633 4454 λέί.
646 4405 759 4468 [mermes
772 4406 816 4455 λα·
848 4405 888 4468 φα·
905 4404 959 4453 libri
978 4397 1063 4456 αύτδν.
