2994 5024
342 313 745 368 russurrensnnornur.
762 314 955 368 ueremur.
1161 305 1222 368 599

162 431 360 500 dccccxv.
394 431 428 500 si
449 434 480 498 in
499 433 611 499 coelum
630 433 779 519 suspexit,
803 453 838 497 ec
857 434 1007 500 benedixit
1022 435 1098 516 illis,
1123 437 1221 501 oculo-

75 557 142 600 rum
158 537 410 622 membrorumque
425 536 602 622 reliquorum
618 537 725 600 formas
741 557 797 600 non
815 536 913 617 specie
928 547 1012 602 tenus
1026 539 1221 622 praeferebat.

164 636 266 704 Schol.
284 637 373 705 XVl.
408 644 525 713 Dicens,
558 643 674 720 Oportet
683 643 776 720 filium
792 643 910 702 homenis
926 643 1013 702 multa
1025 646 1103 721 pati,
1134 654 1359 710 stoc-uocare.

75 745 152 816 cidi,
176 754 290 823 etpost
308 754 366 804 tres
386 745 446 804 dies
466 763 625 821 resurgere.

165 842 265 908 llelnt.
281 841 371 908 XVI.
406 839 481 908 Cum
501 842 625 907 bominis
642 843 748 922 lilium,
772 843 825 907 hoc
843 853 889 907 est
905 845 1050 930 seipsum,
1074 856 1104 910 et
1120 844 1179 930 pati
1194 855 1226 910 et
1306 895 1309 906 .

74 945 204 1009 interfici
220 945 384 1031 unigenitus
402 947 448 1009 d'ci
464 945 539 1020 filins
553 946 692 1025 affirmet,
716 946 787 1010 haee
805 945 937 1010 nimirum
955 947 1003 1010 illa
1018 957 1119 1010 contra
1134 957 1162 1012 te
1178 967 1226 1012 se·

76 1047 158 1112 curis
177 1059 239 1128 est,
263 1069 338 1132 qnae
353 1048 468 1112 redires
485 1059 549 1112 tone
565 1069 666 1112 omues
683 1059 825 1134 amputet,
849 1069 867 1110 c
881 1045 995 1112 Marcio
1013 1049 1047 1112 de
1064 1048 1155 1134 spinis
1171 1069 1225 1114 ex-

76 1163 163 1228 orte,
194 1153 290 1214 Nubes
310 1156 371 1214 st'ne
387 1173 476 1233 apuu,
508 1151 595 1214 ardor
609 1152 799 1234 infructuoso,
832 1155 1053 1214 elautumnulr's.
1099 1149 1177 1214 Narn
1195 1161 1349 1215 struerent

77 1253 178 1317 stetim
194 1252 321 1332 subiicit,
344 1257 384 1315 Et
391 1266 460 1334 post
472 1265 530 1316 tres
544 1257 604 1314 dies
615 1275 776 1334 resurgere.
822 1251 899 1336 Quid
915 1264 961 1318 est
974 1263 1069 1317 autem
1085 1254 1160 1338 quud
1177 1273 1226 1317 re·

77 1376 205 1440 surgere
223 1355 345 1432 dicitur,
369 1356 425 1419 nisi
444 1375 549 1440 corpus
565 1355 634 1418 illud
653 1356 727 1438 quod
747 1375 860 1440 pessum
879 1366 942 1434 est,
974 1366 1058 1440 atque
1075 1355 1105 1418 in
1122 1375 1225 1420 mouu-

77 1469 180 1522 mento
196 1458 359 1543 sepultum?
401 1454 511 1522 Umbra
527 1457 616 1536 enim,
640 1467 819 1536 eutrandus,
842 1469 893 1520 out
908 1457 1042 1543 spiritus,
1066 1467 1115 1520 aut
1129 1457 1223 1536 lurra,

76 1581 176 1645 neque
200 1562 285 1624 lucus
306 1579 340 1622 ac
361 1560 556 1644 sepulturam,
580 1579 635 1622 nec
656 1561 900 1624 resurrectionem
923 1580 1027 1645 capere
1051 1558 1204 1644 potuisset.

167 1660 267 1728 Schcl.
284 1659 388 1724 XVll.
422 1666 463 1724 m
475 1683 539 1725 ecce
556 1666 614 1723 oiri
632 1683 693 1724 cum
708 1665 757 1724 illo
774 1664 972 1744 loquebantur,
1002 1665 1084 1724 Elim
1099 1673 1128 1724 et
1141 1666 1224 1744 Mop-
1236 1679 1319 1732 unce,
1331 1679 1363 1724 tu

76 1789 123 1828 ees
145 1771 175 1828 ia
194 1769 301 1845 gloria.

164 1865 267 1930 Relut.
286 1863 390 1929 XVll.
424 1863 573 1948 Quantum
590 1865 721 1950 equidem
743 1865 846 1950 opinor
866 1864 947 1930 luisse
966 1866 1064 1930 vertis
1083 1867 1145 1930 lalus
1163 1865 1225 1947 illa,
1238 1883 1306 1929 zuen.
1319 1885 1366 1928 es.

78 1991 166 2055 quom
190 1967 349 2032 Zacharias
372 1979 597 2046 commemoret,
629 1969 783 2032 adversum
807 1979 834 2030 te
856 1968 1051 2052 significatur,
1082 1991 1155 2054 quae
1177 1935 1369 2044 tuailllrpilux

77 2069 177 2136 omnia
197 2082 300 2136 contra
317 2071 411 2155 legem
433 2091 469 2134 ao
488 2071 644 2156 prophetes
663 2071 811 2136 mendacia
831 2069 972 2134 succidat.
1018 2069 1137 2135 Etenim
1155 2091 1226 2156 quc·
1278 2045 1320 2084 ‘⁶⁸'

78 2175 157 2238 niem
174 2193 342 2237 emersums
356 2193 423 2237 eras
438 2173 608 2257 aliquando,
639 2173 686 2257 qui
703 2173 767 2256 lege
785 2171 988 2258 prophetisque
1004 2173 1178 2258 repudietis,
1210 2195 1227 2238 a

77 2277 227 2341 salvatore
244 2275 364 2360 eiusque
381 2275 475 2359 gloria
491 2295 526 2338 nc
542 2275 664 2340 coelesti
680 2274 811 2340 doctrine
827 2273 939 2340 nliercos
955 2295 1007 2339 eos
1021 2296 1088 2340 esse
1105 2287 1225 2340 conten-

77 2381 178 2458 deres,
201 2387 355 2462 utrumqne
372 2377 407 2442 ad
424 2376 493 2442 illud
505 2377 617 2461 gloriae
630 2397 701 2442 suae
716 2397 750 2442 ac
766 2376 924 2441 maiestatis
941 2378 1067 2463 speeiem
1084 2379 1225 2456 adhibuit,

77 2504 114 2546 ac
131 2479 282 2566 discipulis
296 2479 358 2544 suis
375 2479 519 2557 ostendit,
542 2479 674 2568 discipuli
690 2501 776 2565 porro
793 2479 894 2559 nobis,
917 2500 952 2542 uc
966 2481 1018 2544 toti
1032 2481 1105 2544 adeo
1120 2482 1226 2546 muodo

78 2582 298 2668 significarunt,
333 2582 387 2645 hnc
409 2593 455 2646 est
476 2580 595 2646 cuilibet
611 2582 720 2646 homini
741 2582 789 2666 qui
811 2582 888 2646 ritae
906 2603 940 2646 ac
960 2583 1063 2648 salutis
1081 2582 1226 2648 desiderio

78 2695 229 2750 teneatur.
273 2682 419 2748 Nimirum
435 2695 466 2748 ut
483 2679 530 2768 uui
548 2685 640 2770 primo
657 2684 722 2748 loeo
740 2695 916 2750 memoratus
931 2696 992 2763 est,
1015 2685 1113 2750 asciae
1129 2686 1167 2750 sit
1182 2685 1228 2749 in·

79 2801 161 2867 ster,
185 2807 260 2871 quae
278 2787 392 2850 radices
411 2785 475 2850 luas
493 2787 626 2864 excidat,
650 2786 724 2849 elter
742 2787 784 2848 sic
800 2797 933 2871 tanquam
950 2787 1083 2851 veritatis
1102 2787 1164 2852 lalx
1179 2809 1226 2852 re·

77 2911 144 2954 mos
170 2901 235 2952 tuos
259 2899 404 2974 amputet,
438 2909 476 2952 ex
500 2888 603 2972 quidus
624 2887 738 2952 cicutae
758 2887 861 2952 siusilis
882 2909 916 2952 ac
937 2889 1033 2954 letifer
1053 2889 1102 2954 illc
1121 2911 1227 2954 succus

77 2993 213 3076 risuique
228 3012 309 3054 more
325 2991 551 3075 sequacissimus
566 2990 750 3074 exprimitur.
790 2988 868 3054 Neon
881 2991 906 3054 si
921 2991 1032 3055 alienus
1045 3001 1126 3056 esset
1138 2989 1228 3078 Moy·

77 3115 129 3160 ses
142 3094 204 3175 ille,
228 3093 273 3157 cui
291 3093 364 3176 legis
380 3103 425 3156 est
440 3114 457 3157 a
472 3089 591 3156 Christo
604 3091 747 3176 quondam
763 3093 896 3156 mandata
913 3092 1074 3178 provincie,
1097 3093 1122 3156 si
1139 3093 1227 3158 alieni

78 3199 202 3281 insuper
219 3195 394 3281 prophetoe,
420 3215 565 3278 uunquam
583 3216 635 3259 eos
652 3215 751 3258 secun
767 3213 819 3258 sua
836 3193 885 3258 illa
900 3195 928 3258 iu
944 3195 1036 3278 gloria
1054 3215 1225 3280 repraesen-

79 3309 169 3363 taret.
215 3295 250 3361 ln
272 3319 329 3382 quo
351 3298 418 3381 quid
439 3297 571 3362 mirabile
592 3297 747 3380 contigerit
766 3296 976 3360 animadverte.
1020 3294 1126 3382 Neque
1146 3298 1225 3364 enirn

78 3421 133 3466 eos
154 3401 184 3464 io
206 3399 377 3484 sepulchro,
410 3409 462 3464 aut
481 3399 516 3462 ad
534 3419 649 3464 crucem
669 3419 810 3485 apparere
826 3399 934 3477 voluit,
967 3399 1017 3462 sed
1034 3410 1102 3464 tunc
1118 3401 1224 3481 solum,

78 3525 146 3568 cum
171 3501 334 3588 splendoris
363 3502 408 3564 sui
431 3501 601 3587 particulam
628 3502 712 3566 nobis
738 3502 819 3566 uelut
840 3501 1032 3566 arrhabonem
1060 3521 1094 3566 uc
1122 3503 1226 3588 pigrius

79 3615 262 3691 aspergeret.
307 3603 385 3668 Turn
405 3603 482 3668 enim
498 3613 618 3668 sanctos
633 3603 700 3668 illos
714 3623 813 3668 eccum
831 3601 957 3690 Moysen
979 3613 1008 3668 et
1027 3601 1120 3668 Elian
1137 3606 1228 3670 addu-

79 3709 143 3786 xit,
168 3717 200 3772 ut
221 3707 351 3771 eiusdem
372 3729 470 3771 secum
493 3707 576 3791 regni
600 3705 752 3791 participes
775 3728 808 3770 nc
829 3708 927 3772 socios
948 3726 1014 3798 esse
1036 3717 1225 3774 monstraret.

167 3807 269 3876 Schol.
289 3807 408 3874 XVlll.
441 3811 559 3872 Eaude
581 3832 651 3884 cco,
675 3813 730 3872 He'c
750 3812 891 3891 estfilr'us
912 3831 987 3872 meus
1007 3813 1135 3872 dilectus.
1237 3834 1363 3891 tredan

164 4013 269 4079 dietat.
285 4011 404 4078 XVIll.
435 4011 624 4078 Mauilestum
647 4013 739 4078 cuivis
761 4024 823 4092 est,
856 4013 974 4098 opinor,
1007 4013 1112 4079 nubem
1131 4033 1226 4100 neque

80 4137 219 4203 suprema
240 4118 271 4180 in
292 4116 432 4201 regione,
464 4135 557 4200 neque
579 4137 666 4200 supra
689 4117 801 4181 coelum
824 4137 910 4195 esse,
939 4117 991 4180 sed
1010 4117 1040 4180 iu
1058 4117 1110 4182 boe
1128 4117 1227 4183 iolima

81 4219 262 4284 conditarum
282 4239 378 4284 rerum
398 4219 523 4283 statione
541 4218 672 4296 versari,
704 4219 778 4282 unde
796 4241 858 4282 vox
874 4230 919 4283 est
934 4219 969 4283 ad
985 4219 1160 4284 salvotorem
1177 4221 1226 4284 de-

81 4324 174 4408 lapsa.
219 4319 311 4408 lgitur
328 4322 353 4386 si
372 4324 408 4385 de
426 4319 502 4385 nube
519 4321 634 4385 locutios
652 4331 735 4408 poter
752 4322 838 4385 lilium
858 4343 941 4386 suum
961 4322 1109 4408 discipulis
1127 4332 1226 4386 osten·

79 4548 214 4610 ponendum
228 4548 313 4610 punct
327 4559 356 4598 ee
370 4548 447 4610 nuga
461 4547 523 4610 paud
540 4561 593 4598 eum
608 4559 681 4612 supro
696 4551 775 4599 sature
792 4547 907 4598 udedan.
