2984 4996
357 271 491 326 ιιιιιιιιι
507 271 570 326 um.
585 272 604 324 ι.
624 269 706 324 rou.
716 271 761 322 ιιι.
777 269 876 322 utun.
888 269 968 322 xum.
1176 259 1237 324 ott

84 402 213 467 smmi,
245 403 275 455 et
290 413 363 478 quse
381 393 417 456 ab
432 392 495 478 ipso
510 391 731 477 praedicantur,
762 389 858 454 omniu
874 389 976 454 eodem
993 401 1133 476 perpetuo
1150 393 1236 456 modo

82 493 314 579 praedicantur,
343 495 399 559 iam
418 507 479 560 tum
497 495 564 558 olim
583 494 710 571 seilicet,
734 501 763 556 el
780 513 874 572 nnnc,
898 502 928 556 ct
945 492 973 556 in
992 494 1086 558 veteri
1101 515 1236 580 novoque

82 608 280 662 testamento.

177 699 226 764 Ex
248 701 372 786 epistola
396 699 431 763 ad
454 697 754 775 Thessalonicenses,
786 716 869 782 qnam
891 693 1005 761 Marcio
1027 697 1150 783 septimo
1171 699 1235 766 loco

80 803 188 890 ponit,
212 815 244 868 ut
262 803 412 889 apostolus
432 812 553 882 octavo,
577 801 646 865 nihil
663 800 771 864 idcirco
787 799 943 883 selegimus
963 800 1037 884 quod
1055 801 1169 887 integra
1185 801 1235 867 illa

79 928 102 970 a
129 903 285 970 Marcione
307 907 464 992 depravata
486 904 534 968 sit.

175 1109 422 1196 Quemadmodum
439 1129 534 1194 neque
551 1129 590 1173 ex
606 1107 733 1172 secundo
748 1107 783 1171 ad
800 1104 1081 1172 Thessalonicenses
1097 1108 1230 1194 epistole,

79 1235 173 1300 quam
191 1211 306 1279 Marcio
328 1213 430 1277 ordine
448 1222 563 1276 sextam
582 1211 721 1288 collocat,
752 1209 901 1295 apostolus
917 1230 991 1274 vcro
1006 1232 1111 1276 stonum
1128 1232 1233 1278 excer-

78 1320 215 1404 psimus,
239 1338 276 1381 eo
298 1316 372 1402 qnod
395 1315 510 1401 penitus
531 1314 566 1378 ab
589 1313 690 1378 eodem
712 1312 762 1376 illo
784 1323 918 1396 corrupta
941 1311 990 1376 sit.

78 1627 134 1678 EX
154 1625 314 1678 uetsToLs
331 1625 376 1676 AD
393 1622 564 1683 EPHESIOS,
590 1621 680 1684 QUAE
705 1621 767 1672 EST
784 1619 948 1672 milletottt
966 1621 1035 1684 vlt,
1061 1620 1230 1674 Arosuoun

413 1707 500 1760 vulto
517 1708 563 1767 V„
588 1707 662 1758 ISTA
681 1705 902 1756 COLLEGIMUS.

171 1828 272 1897 Schnl.
290 1830 302 1894 l
319 1840 349 1893 et
364 1825 517 1893 XXXVI.
550 1831 686 1890 Mammas
700 1838 787 1888 estote
801 1831 876 1909 qaod
889 1829 1039 1908 als’qunndn
1056 1848 1104 1888 ons
1115 1838 1224 1907 gentes,
1240 1847 1366 1907 nonan.

75 1941 136 2018 qui
148 1939 275 1997 dicemini
283 1936 476 2014 praeputium,
500 1931 536 1992 ab
550 1951 583 1992 eo
598 1951 669 2011 quae
684 1933 789 1992 dicitnr
803 1935 977 1992 circumcisio
992 1935 1020 1991 in
1034 1951 1118 1992 carne
1132 1951 1228 1992 monu-

70 2043 176 2121 sncto‚
208 2042 274 2119 quoio
295 2039 382 2097 erutos
400 2037 450 2096 ilio
470 2038 499 2095 is
518 2036 857 2112 communicamus,
890 2035 1009 2094 alicnati
1022 2038 1228 2096 conversatione

76 2143 192 2212 Israel,
216 2151 245 2200 ct
257 2143 378 2219 hospites
393 2147 615 2198 testamentorum
626 2139 835 2214 promissionis,
865 2157 940 2216 spem
954 2157 1010 2198 non
1026 2137 1170 2210 dolentes,
1200 2150 1229 2200 et

75 2249 145 2306 sime
161 2245 211 2304 deo
225 2247 254 2304 in
270 2245 322 2302 doc
336 2245 446 2302 mundo.
493 2242 679 2300 Naucratem
695 2241 724 2298 ia
741 2241 852 2300 Cdristo
865 2242 940 2314 Iesu,
960 2260 1007 2300 nos
1017 2244 1069 2320 qni
1077 2242 1227 2320 adspirando

76 2348 171 2408 erotis
190 2347 288 2424 longe,
311 2347 393 2426 secti
410 2348 477 2404 estes
494 2363 583 2422 prope
604 2345 633 2402 ia
651 2346 790 2421 sanguine
805 2345 902 2420 ipsius.
949 2344 1012 2421 Ipse
1025 2346 1096 2402 emrin
1112 2353 1227 2423 estpar

76 2459 198 2521 nostra,
222 2451 273 2528 qui
281 2449 358 2529 sccii
378 2457 496 2527 atroque
517 2465 600 2506 anum
622 2455 675 2506 etr.

169 2546 269 2612 Relut.
290 2546 303 2612 l
322 2558 350 2612 et
364 2544 517 2613 XXXVI.
553 2545 623 2612 Vox
639 2545 700 2624 illa,
723 2550 860 2608 Memores
875 2557 971 2620 estote,
996 2545 1122 2631 speeiem
1141 2547 1226 2614 habet

79 2650 235 2737 temporis.
282 2648 359 2714 'l’nm
379 2650 453 2728 isto,
487 2655 544 2729 Qui
554 2653 681 2711 dicolm'mi
685 2695 693 2722 ,
726 2661 754 2710 st
767 2671 838 2730 qnae
851 2652 972 2723 ds‘or'tor,
1005 2669 1102 2712 rerum
1118 2651 1225 2736 figuras

78 2753 263 2840 exprimunt.
308 2749 381 2816 Item
398 2751 485 2831 illud,
509 2757 542 2814 ln
559 2772 659 2825 carne,
685 2771 720 2814 ao
737 2761 863 2837 spectat,
888 2761 920 2815 ut
935 2751 1059 2816 inustam
1075 2752 1156 2816 curili
1173 2775 1226 2818 no·

78 2871 142 2922 tam
159 2868 244 2942 atqua
258 2856 412 2940 imaginem
430 2855 580 2934 ostendat,
604 2873 679 2938 quae
695 2853 809 2918 venturi
825 2854 943 2940 spiritus
960 2864 1070 2939 tempus
1089 2867 1225 2941 expecta·

78 2970 146 3039 ret,
179 2969 210 3021 nt
225 2977 263 3021 ex
282 2957 371 3042 ligura
387 2957 561 3042 perfectiora
577 2955 731 3040 significet.
777 2953 893 3019 Etenim
909 2956 973 3020 sine
989 2951 1108 3021 Christo
1124 2959 1224 3044 procul

77 3062 118 3128 ab
139 3059 259 3126 Israelis
278 3059 501 3124 conversatione
521 3067 685 3144 separatum
710 3068 773 3122 erat
790 3059 987 3144 praeputium,
1019 3079 1053 3123 oc
1070 3061 1190 3146 proinde
1206 3083 1224 3126 a

76 3163 275 3252 promissione
294 3183 328 3228 ac
347 3171 521 3226 testamento
538 3161 732 3245 peregrinum.
778 3161 823 3225 An
842 3163 889 3246 qni
907 3162 957 3226 itta
974 3162 1139 3226 conditione
1156 3185 1224 3229 cao-

77 3267 237 3344 sebsntnr,
270 3266 347 3328 omni
366 3285 417 3350 spe
434 3263 589 3343 carebant,
620 3274 650 3327 et
666 3264 729 3327 sinc
748 3264 802 3327 deo
819 3274 903 3328 erant
919 3263 949 3328 in
966 3264 1020 3328 hnc
1037 3267 1161 3345 mnodo,
1190 3277 1223 3332 nt

77 3367 207 3455 aposloli
221 3366 311 3434 verda
327 3366 484 3432 declarant.
531 3362 589 3430 Sed
605 3365 675 3430 nihil
689 3367 781 3444 vides,
801 3366 871 3430 nihil
884 3365 977 3446 audis,
996 3363 1128 3451 Marcio,
1151 3369 1222 3433 alio·

77 3472 130 3557 qni
150 3469 220 3534 illud
243 3470 491 3536 animadvertores
507 3479 615 3554 quauta
635 3468 670 3533 ab
690 3469 755 3553 legc
772 3467 846 3532 bona
864 3489 997 3534 manasse
1015 3471 1093 3536 dicat
1107 3483 1223 3558 aposto·

77 3576 144 3652 lus,
167 3592 242 3658 quaa
257 3572 397 3658 singulari
412 3572 458 3636 dei
472 3571 652 3660 providentia
668 3571 724 3636 illis
740 3572 915 3658 temporibus
929 3573 1128 3638 administrata
1141 3587 1219 3640 sunt.

77 3675 159 3742 Nam
180 3680 209 3736 in
227 3678 338 3738 Cluism
355 3680 435 3751 Iesu,
460 3679 588 3758 qm’oii'm
603 3677 795 3756 longuram,
820 3697 895 3738 armo
905 3698 995 3758 prope
1007 3689 1090 3754 suat,
1113 3684 1142 3741 iu
1156 3701 1222 3743 soa·

74 3783 167 3861 gusina
181 3781 269 3840 iilius.
315 3783 378 3859 Ipse
395 3783 465 3840 enim
481 3791 525 3840 est
532 3799 595 3860 pom
608 3791 705 3840 nostra
721 3784 772 3860 qui
782 3781 855 3860 fecit
868 3791 986 3862 atroque
998 3802 1092 3843 anum.
1135 3778 1220 3865 Quod

78 3883 103 3946 si
121 3903 208 3946 unum
224 3891 345 3966 utraque
363 3881 445 3960 lecit,
469 3880 541 3944 aden
558 3889 588 3946 nt
602 3880 694 3945 altero
715 3881 862 3946 destructo
878 3882 994 3946 minime
1011 3883 1131 3948 alterum
1151 3906 1220 3949 con-

77 3984 223 4062 stituerit,
256 4003 314 4048 non
338 3983 427 4069 igitur
444 3984 523 4070 prins
545 4005 562 4048 a
584 4003 616 4048 se
635 3985 759 4050 alienum
779 3971 907 4066 entitit,¹
924 4006 1018 4072 oeque
1036 3988 1180 4072 posterius
1203 4011 1220 4052 a

77 4087 177 4174 priore
192 4085 349 4172 separavit,
373 4085 424 4150 sed
439 4086 468 4150 iu
482 4108 570 4152 unum
586 4087 670 4152 amhn
685 4087 731 4151 illa
746 4088 891 4167 enullavit,
917 4109 974 4152 nnn
991 4111 1105 4175 quoquo
1120 4091 1217 4171 modo,

77 4189 129 4252 vol
148 4189 246 4274 speeie
264 4200 348 4254 lenus
364 4189 475 4274 eliqua,
507 4189 557 4253 scd
574 4190 725 4274 perspicue
742 4196 770 4252 iu
785 4197 923 4272 sanguise
935 4215 1003 4269 suo,
1035 4195 1219 4278 quemadmo-

78 4292 147 4354 dum
168 4299 250 4356 'ccrta
271 4311 306 4354 ac
328 4291 418 4356 solida
441 4291 564 4378 apostoli
587 4292 716 4358 doctrina
739 4294 927 4358 demonstrat.

113 4511 154 4567 dd
169 4511 197 4568 ἓν
213 4515 323 4566 omissum
338 4518 411 4567 setin
427 4516 576 4567 editt'mon.
