3036 4998
358 291 493 343 rancun
510 289 572 344 nra.
586 293 606 343 r.
622 291 704 346 uon.
718 293 748 344 n.
772 291 871 346 naun.
887 295 987 346 xxxo.
1179 283 1240 346 313

95 411 259 491 Senectus,
283 411 359 490 Ate,
380 408 580 490 Oesiderinm,
603 407 734 490 Ohlivio,
759 409 899 490 Somnus,
922 410 1036 498 Pogon,
1061 411 1239 499 Lysimeles,

94 513 292 592 Contumelia,
318 513 515 598 Euphronius,
542 509 698 600 Splendor,
723 510 868 580 Curarom
885 516 1031 594 solatium,
1053 513 1161 593 Fraus,
1181 513 1241 578 lle-

94 617 238 704 dymeles,
257 615 322 680 Lis.
368 616 604 701 Aequicumque
622 616 740 680 adillas
759 617 868 681 subulas
888 617 1013 682 animum
1032 618 1183 696 adiecerit,
1207 639 1241 682 ao

94 741 275 805 cognoscere
294 720 370 784 istud
389 718 531 797 volueritq
556 719 794 802 quemadmodum
814 721 850 783 ab
869 721 981 784 exteris
999 741 1033 784 ac
1049 718 1241 784 Graecanicis

94 821 285 900 courrnentis,
310 823 385 885 uude
404 821 445 885 illi
464 821 572 884 lrustra
590 821 715 886 lanatico
732 821 812 886 velut
834 823 932 886 lurore
957 825 991 887 ad
1012 824 1129 908 indigna
1153 843 1243 906 quae·

94 928 161 989 dam
175 925 288 988 incitati
303 935 388 1003 sunt,
413 923 443 987 in
459 923 558 987 irritos
575 934 696 987 conatus
711 923 955 1009 vanissimamque
973 926 1061 988 animi
1078 925 1242 988 contentio-

94 1049 161 1092 nem
184 1025 355 1105 inciderint,
380 1028 467 1110 longe
489 1047 540 1090 eos
557 1024 681 1090 Graecis
704 1027 775 1110 ipsis
797 1027 909 1111 turpius
928 1028 1084 1092 aberrasse
1101 1027 1241 1114 reperiet.

179 1129 227 1193 Ab
242 1129 278 1192 iis
298 1127 461 1214 primordiis
477 1129 563 1192 altius
581 1129 745 1213 indagando
760 1129 866 1192 sublati
890 1130 966 1193 aliud
984 1129 1124 1214 quoddam
1148 1149 1241 1214 genus
1260 1137 1320 1206 cop.
1334 1139 1376 1188 tv.

94 1231 170 1316 quod
187 1230 380 1317 llysterema,
404 1232 458 1295 huc
476 1241 523 1296 est
539 1229 694 1295 Deiectum
711 1231 759 1294 vel
778 1229 951 1310 Penuriam,
975 1243 1101 1310 vocant,
1125 1231 1242 1294 luriosis

95 1335 159 1398 suis
177 1333 304 1419 ingeniis
321 1333 471 1397 iuvenisse
489 1355 522 1398 se
540 1343 726 1418 putaverunt.
773 1332 858 1398 llunc
878 1333 1032 1398 Deiectum
1052 1333 1123 1398 alias
1141 1329 1244 1397 Omni·

95 1446 245 1522 potentem
259 1446 346 1519 atquc
362 1432 504 1521 Opilleem
520 1446 637 1512 vocant,
659 1447 885 1521 naturarumque
902 1433 1092 1501 Conditorem
1108 1455 1125 1498 a
1142 1455 1198 1520 quo
1215 1445 1244 1496 at

96 1538 291 1624 posteriorem
308 1535 477 1622 Ogdoadem
502 1549 567 1624 post
586 1548 724 1623 septenos
750 1538 836 1603 orbes
855 1540 929 1602 coeli
951 1540 987 1602 ad
1004 1539 1108 1623 prioris
1122 1534 1245 1622 Ogdoa-

96 1641 141 1705 dis
160 1640 312 1726 exemplnr
328 1641 449 1705 effictam
465 1650 617 1721 asseruut3
648 1661 712 1704 cum
728 1641 757 1704 ia
775 1637 915 1725 Ogdoada
935 1652 1091 1704 censeatur
1105 1640 1186 1726 ipse,
1210 1659 1245 1704 ac

96 1755 210 1830 septem
232 1754 297 1829 post
322 1763 354 1808 se
377 1744 450 1807 alins
469 1742 556 1807 orbes
577 1743 759 1830 produxerit.
804 1741 907 1807 Eidem
927 1742 1127 1830 llysteremati
1149 1743 1245 1806 since·

95 1869 161 1911 rum
183 1847 283 1910 nescio
304 1867 389 1930 quem
407 1846 559 1926 Aeonem,
584 1868 617 1910 ac
634 1845 789 1910 deterioris
809 1866 901 1910 sexos
924 1856 1075 1930 expertem
1102 1855 1245 1909 conantur

96 1950 258 2032 adiungere
274 1949 320 2032 qui
338 1969 373 2012 en
391 1949 426 2012 ad
449 1949 689 2034 complementum
708 1950 841 2026 venerit,
867 1957 897 2012 nt
912 1949 1048 2012 Animam
1068 1945 1243 2031 requireret,

96 2072 172 2138 qnae
196 2071 214 2114 a
240 2049 376 2114 lllotcrua
401 2047 551 2136 Sapientia
579 2071 620 2114 ex
643 2049 701 2114 alto
729 2051 930 2114 descenderat.
975 2047 1036 2113 lam
1058 2069 1131 2112 vero
1159 2047 1245 2112 otiam

96 2152 263 2220 achamoth
277 2153 344 2216 licto
363 2152 479 2216 nomine
498 2154 651 2216 commenti
664 2163 744 2230 srrnt,
764 2173 847 2236 quem
863 2163 893 2215 et
908 2149 1106 2230 Salvatorem,
1124 2162 1152 2215 et
1168 2149 1247 2214 Ter-

96 2259 225 2334 minum,
250 2265 279 2319 et
298 2250 436 2334 Crucem,
460 2265 490 2318 et
507 2252 681 2334 Finitorem,
706 2266 735 2320 et
748 2252 1009 2334 Transductcrem,
1034 2265 1065 2317 ct
1081 2252 1178 2318 lesum
1197 2273 1246 2338 ap·

98 2361 226 2446 pellant,
250 2359 296 2441 qui
313 2378 366 2443 per
382 2355 508 2421 Mariam
527 2357 608 2421 relat
628 2357 726 2422 tuhorn
746 2356 927 2441 hstolamqne
948 2357 1115 2442 permearit.
1161 2355 1246 2420 llouc

98 2481 167 2526 esse
186 2461 283 2524 lumen
307 2481 322 2524 a
350 2459 501 2544 superiore
519 2455 639 2524 Christo
664 2459 815 2538 diffusum,
846 2459 883 2522 cb
908 2459 993 2543 idque
1012 2460 1105 2544 patrio
1129 2457 1246 2522 nominc

98 2562 218 2628 Lumen
236 2562 272 2625 ch
288 2561 357 2626 illud
377 2563 505 2626 coeleste
523 2561 683 2642 nominari,
714 2583 747 2624 ac
765 2564 800 2625 de
821 2561 972 2646 superiore
989 2558 1109 2626 Christo
1130 2559 1247 2624 Verbo·

99 2687 155 2751 que
172 2663 323 2730 Christum
344 2664 441 2727 itidem
465 2673 495 2726 et
511 2662 659 2742 Verbum,
683 2663 734 2727 scd
753 2675 783 2727 et
798 2661 929 2727 Mentem
950 2674 1101 2749 praetereo
1123 2683 1157 2726 ac
1181 2659 1248 2727 Sal·

99 2780 233 2833 vatorem
251 2766 362 2830 vocari.
407 2765 540 2830 Eundem
563 2787 650 2850 porro
667 2763 824 2830 Parentem
841 2787 943 2845 surum,
968 2766 1022 2830 hnc
1041 2775 1087 2830 est
1106 2763 1248 2829 Condito-

98 2893 162 2935 rem
183 2868 409 2947 trnosceudere,
432 2889 467 2931 ae
483 2869 531 2952 qui
550 2868 605 2932 sihi
624 2869 706 2932 lidem
726 2867 851 2932 habeant
869 2869 904 2931 ad
924 2889 1057 2954 suprema
1080 2867 1128 2932 illa
1145 2865 1248 2931 Plero-

98 2973 187 3036 matis
210 2971 331 3054 eollegia
355 2991 454 3034 seeum
480 2972 618 3035 evehere.
664 2967 805 3056 Onugas
832 2971 980 3055 nullosque
1008 2969 1135 3034 lalrrlas!
1182 2968 1247 3052 Ego

99 3095 175 3139 roro
197 3072 382 3137 nihilomiuus
407 3094 461 3151 ea,
495 3073 536 3136 uti
555 3093 618 3136 som
637 3073 799 3158 pollicitus,
825 3093 987 3160 exponam,
1020 3081 1107 3156 utque
1133 3071 1187 3157 ipsi
1211 3070 1247 3134 ad

98 3189 251 3262 poetarum
268 3195 302 3238 ec
320 3175 469 3260 gentilium
485 3187 649 3240 commenta
665 3176 766 3239 deliria
786 3197 837 3239 sua
853 3177 970 3260 propius
988 3173 1246 3238 aconnrmodarint.

98 3278 227 3344 Praeter
241 3278 329 3355 haec,
354 3279 511 3341 secondum
529 3277 734 3342 'l'ricenarinm
753 3278 845 3357 illum,
869 3278 993 3341 medium
1010 3277 1125 3340 unicum
1143 3296 1249 3339 nomen
1317 3269 1319 3274 ’

98 3403 133 3446 ac
157 3381 223 3446 siue
246 3381 370 3444 lemicae
391 3379 541 3443 consortio
558 3379 719 3444 solitarium
741 3379 964 3464 excogitarunt3
997 3391 1056 3443 tum
1076 3379 1161 3442 aliam
1184 3398 1249 3441 ror·

100 3507 166 3548 sucu
186 3503 201 3545 a
219 3479 380 3546 Conditore
397 3483 565 3568 productam
580 3505 614 3546 ac
630 3483 749 3568 periodo
767 3484 795 3546 iu
814 3483 892 3567 paria
910 3481 1050 3566 digestam
1063 3479 1245 3566 Ogdoadem.

99 3584 197 3653 Cuius
212 3585 285 3649 haec
304 3595 372 3648 sont
386 3583 544 3648 vocabula:
569 3583 767 3670 Exepaphos,
791 3581 975 3670 Porphyrin,
1000 3580 1124 3664 Clotho,
1148 3583 1249 3647 Rhoa-

99 3711 172 3768 ens,
199 3685 359 3766 Lachesis,
389 3685 558 3773 Epiphaou‚
587 3687 734 3773 Atropos,
763 3685 933 3772 Hyperioo,
957 3685 1116 3770 Asterope.
1161 3683 1249 3748 Eius·

98 3791 180 3856 modi
202 3801 350 3876 poetarum
369 3789 490 3854 istorum
508 3801 554 3854 est
570 3811 676 3870 socon,
701 3811 774 3874 quae
791 3801 820 3853 ct
843 3789 916 3854 alias
932 3789 1157 3874 quamplurimas
1180 3789 1249 3851 deo-

98 3915 177 3972 rum,
205 3904 236 3956 ut
250 3901 367 3970 vocant,
391 3893 600 3978 appellationes
617 3891 758 3971 continet,
783 3892 904 3956 marium
923 3913 957 3956 ac
973 3893 1155 3970 laminarum,
1175 3911 1247 3974 quoe

96 3997 189 4060 aliter
211 3991 246 4060 ab
272 3994 335 4060 aliis
360 4007 518 4080 conceptae
543 3997 579 4060 ad
596 3991 770 4060 CCCLXV
792 3995 977 4081 perveniunt.
1024 3990 1190 4076 Quinetiam
1214 3991 1249 4055 ad

95 4191 145 4236 tuta
159 4183 308 4236 coutamur.
334 4185 406 4247 Vutqo
421 4185 481 4234 euim
494 4187 557 4234 rotat
571 4177 659 4237 ἀνατυ-
729 4183 767 4235 1¹2.
788 4183 863 4250 μέσον
884 4180 928 4234 καὶ
951 4177 1089 4248 &helluones
1113 4195 1159 4232 ooo
1183 4183 1250 4232 hund

95 4255 206 4311 ποῦντες
221 4251 272 4303 acl.
693 4254 744 4304 cod.
762 4255 815 4304 Vero.

130 4319 157 4372 9.
185 4317 403 4385 septenorum.
728 4319 766 4372 13.
793 4323 841 4372 tloc
863 4323 962 4369 utteroar
985 4317 1057 4372 πάλιν
1078 4333 1125 4369 aon
1147 4321 1251 4382 oquoscr't

131 4388 175 4439 10.
195 4379 218 4440 d
233 4401 281 4438 nco
298 4388 364 4437 tuter
380 4389 430 4438 cod.
446 4391 500 4439 Vra.
692 4391 744 4440 cod.
758 4391 833 4438 tenet.

94 4455 175 4579 δὲ11ξ
191 4457 228 4576 qtpr
245 4457 299 4506 cod.
317 4457 392 4506 t'enet.
426 4458 500 4520 Vulpo
515 4459 576 4508 calm
593 4461 659 4507 catut
728 4453 765 4508 ll.
787 4453 880 4516 πολλὰς
896 4471 941 4506 orn.
959 4457 1010 4507 cod.
1029 4457 1082 4505 Vm.

144 4539 176 4576 το
220 4559 226 4572 .
