2984 4996
282 267 343 328 670
703 279 823 332 sanem
839 279 1007 332 mum}

282 396 396 458 πείθειν
419 413 466 472 σε,
498 385 523 458 ω’
544 398 709 478 Μαρκίων,
737 392 789 476 ἀφ’
813 387 855 460 άν
878 398 951 478 ἔχεις
975 395 1180 481 γεγραμμένων
1198 390 1348 474 λειψάνων
1371 397 1420 458 τοῦ

283 493 466 580 εὐαγγελίου,
487 498 538 561 καί
560 494 601 578 μή
623 493 681 562 ύπό
705 504 760 562 σοῦ
782 495 963 563 άπατῦσθαι.

366 595 393 682 γ’
406 599 457 663 καί
469 596 511 676 κζ’
525 597 610 681 Σχόλ.
635 597 772 682 Ἔχοντες
782 601 814 666 όλ
826 597 859 665 τό
873 597 944 666 αύτό
957 592 1072 682 πνεῦμα
1083 606 1137 682 τῆς
1148 602 1273 674 πίστεως
1286 599 1336 663 καὶ
1346 593 1422 678 ήμας

281 698 471 782 πιστεύομεν,
502 699 595 768 Νόιό
613 703 664 766 καί
682 707 831 786 λαλοῦμεν.
873 699 1013 784 Ἐξέτοφε
1027 702 1059 767 θλ
1072 698 1122 781 τό,
1154 699 1241 767 Κατά
1255 699 1291 766 τό
1307 725 1419 786 W*

281 805 380 884 μένον.

364 903 388 990 γ’
406 905 457 970 καλ
471 902 513 982 aff
524 902 634 991 Ἕλεγχ.
669 903 714 972 Ου’
730 904 889 988 δοθήσεταί
909 927 957 973 σοι
973 908 1065 982 τόπος
1081 907 1113 972 έν
1129 902 1177 982 οἷς
1192 903 1232 970 ἄν
1246 905 1418 988 τολμήσετε

281 1004 348 1071 Κάν
364 1032 394 1072 τε
411 1003 466 1092 γάρ
486 1005 621 1096 ἐκκόψῃς
635 1005 685 1086 τό,
715 1007 797 1074 Κανά
813 1007 847 1074 τό
862 1011 1075 1094 γεγραμμένον,
1102 1011 1238 1088 φαίνεται
1255 1004 1276 1090 ή
1293 1013 1348 1089 τῆς
1361 1031 1419 1089 προ-

280 1109 480 1195 γεγραμμένης
500 1108 602 1186 λέξεως
620 1105 792 1176 άκολουθία.
835 1108 907 1176 Ἀπό
927 1117 980 1177 τοῦ
997 1109 1068 1196 γάρ,
1096 1107 1285 1187 Ἐπίστευσα,
1316 1105 1364 1174 όιό
1380 1108 1421 1172 ταί

281 1210 418 1294 ἐλάλησα,
447 1207 541 1286 εύθύς
556 1209 591 1274 τά
607 1215 656 1276 ίσα
672 1213 826 1298 ἐπενέγκας
842 1210 860 1277 ό
875 1210 1039 1288 άπόστολος
1054 1215 1129 1294 ἔφη,
1150 1209 1289 1294 Ἔχοντες
1308 1209 1342 1276 τό
1359 1207 1421 1274 αύτό

280 1319 396 1395 πνεῦμα
416 1321 469 1395 τῆς
485 1317 608 1390 πίστεως
622 1316 673 1380 καί
692 1311 774 1398 ήμεῐς
790 1313 977 1398 πιστεύομεν,
1004 1312 1050 1380 διό
1068 1316 1119 1380 καί
1133 1319 1284 1396 λαλοῦμεν.
1334 1313 1422 1376 Παντὶ

280 1418 313 1480 δέ
332 1441 373 1503 τρι
395 1417 488 1496 σαφές
509 1417 567 1481 ἔστι
588 1423 692 1494 τοῦτο,
723 1416 770 1483 ότι
785 1420 817 1486 έν
834 1425 874 1506 τῷ
891 1419 1035 1507 ἑκατοστῷ
1054 1414 1303 1504 πεντεκαιδεκάτη»
1320 1419 1422 1502 φαλμᾷ

280 1521 312 1584 έν
332 1525 373 1606 τῷ
393 1515 446 1600 τήν
467 1516 633 1603 ἐπιγραφήν
655 1515 868 1603 ΠἈλληλουία
885 1522 994 1603 έχοντι,
1023 1526 1076 1602 τῆς
1092 1520 1124 1585 δὲ
1140 1525 1192 1585 τοῦ
1207 1519 1307 1600 Δαβλῦ
1324 1519 1424 1599 βίβλου

279 1617 340 1686 όντι
357 1621 407 1686 καλ
424 1617 474 1685 ὑπ’
492 1617 585 1687 αύτοῦ
602 1624 889 1711 προπεφηεευμένρι,
917 1618 936 1687 ό
952 1621 1038 1708 λόγος
1053 1628 1106 1687 τοῦ
1119 1617 1291 1686 ’Kammoni
1306 1621 1368 1686 ίστι
1382 1642 1425 1702 γε·

278 1723 453 1807 γραμμένος.
487 1722 585 1788 Ὅθεν
605 1726 656 1790 καὶ
677 1721 695 1790 ό
713 1721 873 1800 άπόστολος
889 1726 974 1807 ἔλαβε
991 1722 1024 1790 τό
1040 1722 1147 1808 όητόν,
1173 1725 1225 1788 καί
1241 1719 1353 1804 ὅμοίως
1369 1722 1425 1800 ἔφη

162 1849 265 1906 ωροτε.
278 1822 328 1904 τό,
357 1823 413 1890 Διό
429 1822 604 1907 πιστεύομεν
618 1827 669 1892 καί
684 1823 769 1908 ήμεῖς
782 1829 831 1892 καί
848 1834 1004 1908 λαλοῦμεν,
1034 1823 1076 1904 είς
1093 1824 1135 1892 τόν
1149 1833 1203 1892 τοῦ
1218 1822 1354 1910 άριθμοῦ
1368 1828 1425 1886 τᾶν

280 1924 461 1994 άποστόλων.
494 1925 589 1992 Ὅθεν
612 1925 650 1994 ού
668 1929 758 2012 λέγει,
788 1927 844 1994 Διό
868 1930 919 1994 καί
936 1931 1091 1996 ἐπίστευσα
1108 1929 1158 1994 καλ
1174 1925 1312 2009 ἐλάλησα,
1345 1923 1425 2003 ἄλλά,

277 2026 375 2111 Ἡμεῖς
389 2032 577 2112 πιστεύομεν,
600 2028 646 2096 διό
664 2032 713 2096 καί
727 2037 884 2113 λαλοῦμεν,
904 2034 954 2096 ἵνα
970 2029 1075 2098 ἔαυτόν
1088 2028 1160 2113 μεταλ
1173 2037 1231 2094 τῶν
1245 2026 1343 2094 ἄλλον
1356 2026 1424 2093 άπα-

280 2131 391 2198 στόλοιν
407 2131 537 2222 σονάψη.
583 2136 642 2196 Καί
658 2153 764 2215 φησιν,
787 2129 923 2215 ’Ίῖηοντες
939 2133 971 2199 δὲ
988 2130 1020 2199 τό
1037 2129 1108 2218 αύτό
1125 2139 1254 2214 πνεῦμα,
1280 2133 1333 2196 ἵνα
1347 2135 1425 2220 όείξη

278 2232 312 2300 τό
334 2237 366 2299 έν
389 2241 429 2323 τῷ
445 2236 543 2316 Δαβίό
561 2240 687 2317 λαλήσαν
703 2241 817 2316 πνεῦμα
834 2231 867 2300 τό
885 2231 956 2300 αύτό
974 2233 1009 2300 όν
1026 2242 1140 2317 πνεῦμα
1156 2235 1206 2300 καί
1224 2236 1256 2300 έν
1270 2241 1336 2309 τοῖς
1352 2231 1424 2300 άπο·

278 2334 407 2413 στόλοις,
429 2333 481 2416 εἶφ’
495 2328 586 2421 οὗπερ
600 2337 666 2402 τότε
681 2339 791 2412 ἐκεῖνος
804 2334 998 2422 προφητεύων
1011 2339 1172 2403 ἐπίστευεν·
1194 2337 1226 2402 έν
1240 2327 1266 2424 φ’
1280 2333 1424 2417 πνεύματι

279 2440 329 2504 καί
346 2434 430 2504 αύτοί
447 2436 527 2513 ὄντες
544 2437 713 2504 πιστεύουσι
729 2439 778 2504 καί
793 2445 919 2503 λαλοῦσι.
965 2436 1065 2522 Πολλή
1081 2440 1112 2504 δὲ
1128 2436 1227 2504 άόιιιία
1241 2439 1291 2502 καλ
1304 2445 1422 2504 πλεονε-

278 2543 340 2620 ξία,
363 2537 403 2616 ούς
419 2542 526 2619 εἰπεῖν,
550 2539 809 2623 Πόιανοημάτων.
857 2547 917 2606 Τοῦ
933 2539 989 2626 γάρ
1005 2539 1171 2607 α’νιοστόλου
1184 2544 1219 2606 ἓν
1234 2543 1285 2606 καί
1298 2538 1334 2606 τό
1355 2538 1423 2606 αύιό

278 2648 394 2724 πνεῦμα
410 2639 591 2722 φάσκοντος,
622 2650 686 2718 ποῦς
707 2639 728 2724 ή
743 2649 796 2708 τοῦ
813 2645 998 2729 Μαρκίωνος
1012 2641 1100 2709 άνοια
1115 2638 1301 2727 ὁμολογοῦσα
1315 2652 1423 2708 τοῦτον

277 2741 329 2810 τόν
349 2742 437 2828 λόγον
457 2741 510 2809 τόν
525 2742 612 2829 άγιον
629 2741 794 2812 άπόστολον
810 2746 957 2828 εἰρηκέναι
971 2752 1063 2833 τολμᾷ
1077 2747 1169 2830 λέγειν
1184 2741 1252 2810 άλλο
1268 2741 1346 2812 εἶναι
1361 2745 1422 2812 τότε

276 2842 309 2911 τό
331 2851 463 2928 πνεῦμα,
484 2847 534 2910 καλ
557 2843 624 2912 ἄλλο
644 2843 679 2912 τό
701 2849 732 2912 έν
754 2855 815 2923 τοῖς
836 2844 1019 2924 όποοεόλοις.

407 3239 484 3296 ΤΗΣ
507 3241 606 3298 ΠΡΟΣ
628 3239 816 3298 ΡΩΜΑΙΟΥΣ
842 3241 1038 3297 ΤΕΤΔΡΤΗΣ
1064 3240 1293 3296 ΕΠΙΣΊῸΔΗΣ.

365 3358 467 3434 Οῦτως
488 3357 543 3444 γάρ
566 3361 625 3426 ἐστι
645 3359 727 3445 παρά
748 3368 790 3449 τῷ
805 3363 967 3447 Μαρκίωνι
986 3361 1120 3443 κειμένη,
1148 3361 1197 3424 ἵνα
1220 3359 1314 3442 μηδὲν
1330 3354 1417 3444 όρθόι

277 3459 345 3546 παρ’
366 3458 446 3550 αύτῷ
471 3465 523 3543 είη.

359 3562 386 3626 α’
403 3565 453 3630 καλ
467 3561 513 3644 κη’
528 3563 612 3647 Σχόλ
635 3563 722 3630 Ὅσοι
737 3561 856 3646 άνόμως
870 3563 1015 3650 ἥμαρτον,
1037 3561 1155 3645 άνόμως
1166 3565 1219 3628 καί
1233 3561 1414 3638 άπολοῦνετε,

275 3665 327 3730 καί
351 3662 415 3750 ὅσοι
439 3668 518 3732 79έν
539 3665 620 3756 νόμην
640 3665 787 3752 ἥμαρτον,
805 3665 867 3741 ,διά
887 3665 981 3749 νόμον
1002 3663 1205 3751 κριθήσονται.
1254 3663 1299 3730 Ού
1315 3663 1371 3750 γάρ
1389 3665 1417 3728 αι’

276 3764 417 3850 άκροαταλ
437 3765 530 3850 νόμον
548 3772 656 3834 δίκαιοι
674 3766 754 3854 παρά
772 3775 813 3857 τῷ
829 3773 907 3856 θεῷ,
936 3765 994 3834 ἄλλ’
1012 3771 1044 3834 οἱ
1056 3770 1176 3851 ποιηταί
1191 3765 1288 3850 νόμου
1302 3771 1413 3833 δικαιω-

277 3867 428 3954 θήσονται.

360 3970 386 4036 α’
404 3974 455 4038 καί
472 3970 519 4055 κη’
529 3970 639 4058 Ἕλεγγ.
671 3975 715 4037 El
734 3971 797 4038 ὅσοι
819 3969 937 4054 άνόμως
958 3969 1104 4057 ἥμαρτον,
1136 3969 1255 4055 άνόμιος
1277 3973 1324 4038 καί
1345 3967 1411 4036 α’πο-

275 4080 408 4154 λοῦνται,
429 4081 572 4160 σωτηρίας
588 4072 606 4142 ό
623 4074 713 4158 νόμος
728 4079 882 4162 παραίτιος
897 4074 1129 4158 φυλαττόμενος,
1157 4076 1209 4140 καί
1225 4071 1267 4158 μή
1281 4075 1337 4140 έιῦν
1349 4069 1412 4144 τούς

276 4175 474 4257 φυλάττοντας
490 4173 683 4245 άπόλλυσθαι.
728 4179 789 4243 Καὶ
806 4179 833 4242 εί
849 4179 880 4242 οἱ
894 4175 944 4242 διά
960 4176 1056 4260 νόμον
1073 4173 1287 4263 ὁμαρτήσαντες
1302 4175 1352 4240 διά
1367 4169 1410 4238 νύ·

277 4305 333 4361 μου
348 4280 556 4367 κριθήσονται,
579 4277 638 4366 άρα
650 4277 752 4366 κριτής
765 4287 825 4345 τῶν
839 4277 1035 4368 παραβάσεων
1047 4276 1066 4346 ό
1079 4277 1186 4363 νόμος,
1208 4278 1262 4348 ούκ
1275 4277 1410 4350 hold&

309 4433 351 4556 ἦέ.
366 4439 651 4572 ίλλή’ίάέῖιό”ήαοι.,
673 4509 736 4572 ηοω
751 4509 833 4559 vntum
850 4521 879 4558 ω
895 4509 945 4559 ιω.
959 4509 1032 4560 νωιι.
1048 4511 1149 4560 ωηατ
1163 4508 1277 4560 mm
