3006 4990
295 371 429 422 PANARH
448 373 524 424 ΔΝ.
542 371 712 422 metenses
730 372 792 422 [ΑΒ.
807 371 825 422 i.
842 371 924 422 TOM.
937 372 956 422 1.
1145 361 1202 422 103

78 487 169 566 timot,
192 509 266 574 qaae
281 489 358 554 iliius
374 488 540 574 praestigiis
557 490 737 568 afficiuntur,
761 490 898 554 nimirum
915 488 1076 566 Ebiooaei,
1101 511 1135 553 ac
1151 512 1202 576 po·

78 591 193 654 steriores
209 590 375 668 Nazaraei,
400 587 527 670 Osseni,
552 593 599 676 qui
617 603 676 656 tam
692 602 760 656 ante
780 591 859 654 iiiam
871 613 959 675 ιιιιιιιι
978 613 1042 656 cnm
1062 593 1112 655 iiio
1134 614 1202 678 pro·

77 693 185 766 dierunt,
215 705 245 756 et
268 691 437 770 Nazaraei,
469 693 631 776 dequibus
651 693 915 778 nunnunquam.
960 690 1119 758 Caeterum
1143 717 1200 758 uara

77 805 112 856 ert
123 795 184 858 iaec
199 795 332 860 haeresis
351 815 392 858 ex
406 793 463 858 iiiia
480 806 591 879 septem
609 816 682 879 qaae
699 793 915 880 Hierosolymis
933 795 1096 859 extiterunt
1118 797 1199 858 etad

77 892 166 960 Ciristi
180 897 337 960 adrcrrtum
356 917 447 980 usque
462 907 641 982 propagatae
659 907 738 974 scot,
762 917 796 960 ac
810 897 953 982 deinceps
970 897 1007 960 ab
1026 897 1110 960 huius
1128 907 1201 960 tem-

76 997 170 1080 poribus
187 1002 223 1063 ad
235 997 531 1084 Hierusoiymitauum
549 998 707 1075 excidium,
722 999 797 1082 quod
811 995 883 1062 Tito
899 999 972 1062 duee
987 998 1121 1078 contigit,
1136 997 1201 1062 Do·

76 1099 164 1164 uaitiani
181 1103 291 1178 fratre,
316 1111 346 1164 et
362 1098 535 1184 Vespasiani
555 1099 740 1184 imperatoris
758 1099 827 1162 [iiio.
872 1097 945 1163 Post
964 1120 1069 1163 erema
1086 1102 1199 1163 demum

76 1197 260 1288 Hierosolyma
275 1203 358 1266 stetit
372 1201 421 1265 itta
436 1199 521 1264 brevi
534 1188 666 1284 tempere
679 1223 745 1264 com
758 1201 886 1264 caeteris
901 1223 976 1286 quae
995 1212 1053 1264 tum
1070 1201 1201 1265 celebra-

77 1301 158 1366 iautnr
171 1305 274 1383 sectis,
298 1323 409 1387 eaeque
424 1305 543 1368 inerunt
560 1300 810 1381 Sadducaeorum,
823 1300 1010 1382 Scribarum,
1029 1299 1201 1366 Pharisaeo-

76 1425 133 1483 rum,
156 1405 487 1490 demorabaptistarum,
510 1403 749 1482 Nazaraeorum,
767 1400 953 1468 Osaeuortim
969 1414 1001 1468 et
1016 1401 1202 1468 Herodiano·

75 1525 138 1584 mua,
157 1512 249 1571 drumc
266 1529 320 1571 sua
340 1528 473 1592 quaeque
495 1505 710 1592 opportunitate
732 1528 767 1570 sc
789 1515 920 1590 tempore
943 1506 1079 1590 dissipata
1102 1505 1198 1588 periit.

139 1608 291 1674 Postremo
315 1609 388 1672 satis
410 1629 477 1674 esse
498 1607 586 1670 debet
611 1608 685 1692 quod
717 1628 756 1670 ex
776 1606 900 1690 ipsamet
927 1608 1041 1670 iliorum
1063 1605 1196 1686 vesania,
1216 1619 1276 1686 esp.
1294 1621 1335 1668 vt.

75 1707 179 1793 ipsisque
195 1713 272 1774 adeo
290 1709 428 1786 vocibus,
451 1709 554 1793 quibus
571 1710 705 1792 dogmata
719 1730 773 1772 scu
792 1709 971 1792 praedicant,
995 1717 1096 1770 eoatm
1115 1707 1201 1772 ietaie

74 1830 154 1874 corun
169 1815 252 1877 virus
269 1811 432 1896 comparari
450 1813 608 1874 remedium
626 1819 740 1895 potest,
773 1810 809 1872 ab
825 1829 861 1872 en
875 1810 923 1893 qui
940 1809 1092 1894 prudentia
1105 1809 1200 1892 aliqua

75 1909 103 1972 sit
116 1914 275 1995 praeditus,
298 1926 331 1978 ut
349 1915 434 1978 facile
458 1911 604 1976 sordidam
628 1913 750 1975 istorum
768 1911 930 1976 doctrinam
950 1921 981 1974 et
997 1911 1200 1993 loquacitatem

74 2015 239 2079 condemnet.
285 2014 447 2101 Praecipue
468 2035 509 2078 ex
528 2035 564 2076 eo
585 2014 660 2098 quod
679 2023 736 2077 tam
759 2013 789 2074 iu
813 2013 878 2096 iege
896 2035 980 2098 quana
1000 2013 1029 2076 in
1046 2012 1200 2094 evangelio

74 2113 127 2175 sita
145 2117 262 2180 daunino
279 2118 404 2194 dietum,
436 2120 501 2178 Non
517 2117 630 2177 tacete
648 2120 713 2176 deos
731 2117 804 2176 aiios
815 2129 931 2194 prester
947 2137 1008 2176 mc:
1031 2119 1096 2176 Non
1114 2135 1198 2176 usur·
1211 2122 1351 2172 metumt-

71 2218 134 2290 putis
150 2223 177 2280 iu
191 2223 376 2281 ritremruedo
390 2240 488 2280 nomeu
501 2221 632 2280 alterius.
678 2218 720 2279 At
734 2217 763 2280 iu
782 2217 937 2298 evangelio
951 2217 1110 2301 praecipit,
1133 2219 1197 2278 Nou
1223 2226 1302 2275 nestra

74 2319 164 2394 imre,
186 2323 413 2402 nequeccelum,
441 2341 530 2400 neque
551 2331 674 2392 terrear,
706 2341 796 2399 aeque
814 2321 895 2378 aliud
911 2322 1120 2390 recuruatum,
1152 2322 1204 2378 aed
1232 2280 1299 2340 μ’

72 2431 118 2480 erto
131 2425 203 2486 men
218 2426 411 2485 r'rm'rt'urccdi
425 2427 527 2494 datur,
552 2425 657 2494 Etr'um,
681 2424 774 2494 etaiam,
797 2432 828 2481 et
840 2423 916 2493 Nor,
940 2441 1014 2493 ποις
1038 2421 1113 2500 quod
1128 2423 1201 2480 carin

73 2522 241 2586 atteramus
264 2528 300 2586 iis
314 2535 390 2586 estc
405 2527 479 2585 melo
495 2536 547 2586 est.
593 2521 736 2606 Equidem
755 2521 863 2584 idcirco
880 2519 1025 2582 dominum
1049 2523 1084 2582 de
1109 2540 1143 2582 ea
1167 2541 1200 2582 re

72 2626 186 2688 sanxisse
206 2624 401 2705 crediderim,
425 2626 500 2709 quod
517 2623 649 2688 existere
668 2621 742 2686 certi
761 2623 893 2684 irorrriues
911 2621 1052 2684 deberent
1074 2621 1122 2704 qui
1146 2619 1201 2683 otia

73 2743 192 2810 usurpare
207 2729 238 2792 in
254 2727 412 2791 deierando
429 2727 546 2790 nourioa
562 2727 731 2788 suaderent.
766 2724 812 2786 Ac
828 2724 949 2807 primum
966 2723 1117 2798 statuisse,
1143 2744 1200 2784 ιιιιι

70 2843 124 2888 esse
139 2829 291 2892 iurandum
309 2829 443 2912 penitus,
466 2849 504 2891 ue
522 2828 667 2891 domiuum
686 2825 801 2909 quidem
817 2825 927 2908 ipsun,
952 2845 1047 2908 neque
1063 2823 1139 2886 atiud
1159 2822 1201 2886 ui-

70 2925 116 2989 tam
131 2929 290 2996 iusiurandi
311 2951 406 3014 genus
430 2929 663 3015 coracipieodum.
706 2924 779 2990 Maii
796 2929 871 2990 enim
887 2937 934 2989 rst
950 2926 1068 2988 omnino
1089 2923 1200 2987 iurare.

70 3025 181 3096 Proinde
197 3034 292 3098 malus
306 3043 352 3096 est
368 3031 416 3116 qui
433 3052 486 3116 per
501 3029 588 3094 Etxai
603 3030 719 3093 locutus
736 3038 800 3107 estq
823 3028 871 3111 qui
890 3049 948 3091 uon
968 3027 1053 3091 modo
1068 3025 1202 3090 deierare

71 3151 112 3211 prr
127 3135 208 3198 deum
227 3136 325 3218 cogit,
347 3155 449 3197 rerum
466 3131 552 3195 etia·
572 3151 626 3217 por
639 3131 748 3209 salem,
773 3150 888 3213 aquam,
913 3127 1045 3206 aethera,
1068 3137 1201 3204 ventrem,

71 3241 174 3312 terram,
198 3245 288 3318 atque
307 3235 432 3298 coelum.
478 3235 575 3316 Atque
593 3232 647 3296 hae
663 3234 738 3295 dnae
753 3230 882 3294 rationes
902 3251 981 3294 ame
997 3229 1092 3294 obiter
1109 3228 1204 3313 expli-

70 3344 139 3398 catae
153 3336 318 3412 sufficiunt,
343 3345 372 3398 ut
391 3345 491 3398 contra
510 3333 587 3398 iliius
604 3354 723 3397 errores
738 3332 877 3418 quitiam,
900 3331 947 3416 qui
969 3331 1082 3416 quidem
1105 3330 1204 3392 curari

71 3435 138 3512 vetit,
161 3449 291 3522 paratum
308 3436 469 3500 antidotum
487 3435 604 3500 habeut.
650 3431 846 3518 Quamobrem
866 3433 950 3516 ringis
966 3433 1051 3498 istius
1074 3429 1205 3494 haeresis

70 3555 97 3596 ac
110 3539 226 3603 subdola
252 3539 438 3604 cavillatione
460 3536 666 3624 praetermissa
691 3537 727 3599 ad
745 3532 804 3600 VH
830 3555 1023 3617 eorumquae
1045 3545 1103 3596 tum
1129 3531 1204 3618 apud

70 3631 179 3706 ludaeos
195 3640 336 3725 vigebant
350 3641 579 3724 redarguendam
597 3660 645 3704 me
662 3638 824 3702 conferam.
869 3635 915 3699 Eu
931 3649 977 3700 est
993 3633 1147 3700 eiusmodi.

334 3877 583 3954 ADVERSUS
610 3874 930 3952 launomarus.

197 4001 289 4094 Quae
316 4007 367 4073 est
392 3999 538 4074 haeresis
562 3997 723 4071 Iudaismi
739 3995 837 4088 vlt,
862 3995 977 4070 ordine
996 3995 1072 4069 XX.

142 4163 276 4252 Septima
293 4179 358 4252 post
373 4166 540 4250 superiores
561 4167 625 4229 iilos
642 4163 875 4229 Herodiauorum
894 4163 1025 4226 iaacresis
1042 4171 1099 4224 est.
1145 4157 1203 4243 Qui
1236 4170 1296 4234 cap.
1309 4163 1327 4210 ¹·

70 4263 128 4329 nihii
153 4270 304 4332 diversum
333 4289 348 4330 a
372 4267 491 4352 reliquis
517 4267 679 4331 habuerunt
704 4277 735 4329 et
758 4263 858 4329 iudaei
886 4263 957 4327 meri
981 4273 1068 4339 sunt,
1097 4261 1208 4324 inertes

70 4365 144 4430 iidem
160 4391 198 4433 oc
214 4371 411 4433 simulatores.
458 4365 515 4452 Qui
535 4367 683 4432 Herodem
702 4365 852 4432 Christum
873 4366 1019 4429 dominum
1043 4383 1109 4428 esse
1130 4363 1208 4424 diec-

69 4573 129 4622 eust
141 4567 233 4639 'apum
247 4571 312 4636 rime
328 4569 357 4626 at
374 4571 447 4642 ipssa.
