3036 4998
351 303 483 355 ennean
503 305 563 355 me.
579 307 599 356 t.
617 305 697 357 rom.
712 305 741 354 n.
760 305 858 356 unna.
873 305 974 356 xxxa.
1178 295 1238 358 337

83 423 160 486 lecta
183 421 258 508 stipe
280 423 403 488 molitio.
449 422 533 508 Quae
552 425 666 504 omnia,
697 445 750 510 pro
772 445 807 488 co
826 427 901 510 quod
917 447 975 490 aron
994 445 1097 490 omnes
1115 427 1151 488 ad
1171 447 1236 490 cem

85 524 285 608 cognitionem
301 525 398 590 idonei
416 527 528 605 lorent,
559 549 616 590 noo
635 537 736 612 aperte
752 526 931 612 significata,
955 531 1006 593 sed
1024 529 1147 594 obscure
1163 528 1235 592 don·

83 637 218 692 taxatam
237 649 291 714 per
306 629 470 714 aenigmata
491 630 528 693 iis
545 629 593 714 qni
612 629 775 714 intelligere
793 641 915 715 possent
930 653 947 694 a
964 627 1119 696 Salvatore
1136 633 1234 697 edum-

80 729 166 794 brata
189 730 376 816 praedicant,
410 731 446 796 ad
468 752 534 796 eum
556 731 694 796 uidelicet
711 734 839 796 modum.
884 731 1014 797 Primum
1033 735 1152 818 triginta
1170 735 1235 798 illos

81 832 206 897 Aeones
222 834 354 914 totidem,
379 845 410 898 ut
425 835 565 914 diximus,
589 855 731 898 annorum
748 835 870 898 indicari
886 857 1019 914 numero,
1045 837 1148 921 quibos
1165 836 1235 900 nibil

80 933 174 1020 palam
193 947 306 1020 gestam
324 958 341 1000 a
358 934 513 1002 Salvatore
531 938 647 1017 dieunt,
677 937 708 1000 in
723 937 881 1001 vinitorum
900 937 1036 1023 parabola
1052 941 1234 1004 domonstra-
1246 955 1372 1002 mamae

82 1049 156 1100 tom.
196 1036 311 1104 Deinde
326 1037 450 1104 Paulum
465 1040 649 1126 apertissime
664 1040 782 1104 eosdem
796 1041 862 1104 illos
877 1042 1010 1119 Aeones,
1029 1061 1064 1104 ao
1080 1061 1233 1126 persaepe,

79 1140 262 1220 nominasse,
281 1152 368 1226 atquc
385 1141 429 1206 bis
443 1143 529 1206 etiam
546 1143 643 1206 verbis
658 1163 759 1206 eorum
776 1143 906 1206 ordinem
920 1163 1074 1208 servasse:
1094 1149 1128 1206 In
1142 1165 1235 1206 omnes
1247 1159 1371 1219 eperat.

76 1247 277 1324 generationes
295 1247 452 1307 seculorum
471 1248 570 1307 seculi.
616 1242 776 1310 Praeterea
798 1266 863 1308 eum
887 1246 916 1308 in
936 1245 1094 1330 gratiarnm
1118 1246 1232 1310 actione

78 1365 136 1409 nos
160 1347 200 1409 ita
220 1346 359 1424 dicimus,
393 1353 427 1410 Ia
449 1351 544 1410 serula
566 1351 740 1423 secretarum,
776 1347 870 1412 nullos
890 1347 964 1412 alios
985 1351 1106 1412 Aeones
1121 1347 1233 1431 signiti-

78 1467 166 1530 care,
197 1449 372 1534 omninoque
390 1450 505 1534 quotics
521 1451 607 1514 Aeon
627 1451 787 1514 Aeonesue
804 1461 1085 1530 commemorantur,
1108 1472 1178 1516 suos
1196 1452 1232 1514 ad

77 1551 148 1615 illos
164 1551 270 1616 relerri
285 1562 407 1616 cenent
420 1563 570 1637 oportere.
609 1551 692 1616 illam
706 1573 780 1616 vero
795 1549 961 1618 Dodecadis
978 1554 1113 1617 Aeonum
1129 1573 1233 1638 propa·

77 1653 229 1736 gallonem
248 1654 428 1718 duodenario
442 1677 585 1718 annorum
601 1654 723 1718 iudicari
742 1676 882 1733 numero,
907 1667 978 1740 quot
990 1676 1084 1720 annos
1099 1677 1164 1720 cum
1176 1677 1231 1720 ata·

78 1767 130 1820 tus
150 1767 231 1820 esset
250 1755 383 1822 dominus
405 1778 469 1820 eum
489 1757 564 1842 legis
581 1757 749 1822 doctoribus
767 1757 941 1842 disputabat.
987 1757 1101 1842 Quibus
1114 1769 1144 1822 ct
1161 1779 1230 1844 apo·
1242 1768 1332 1815 lae-²

78 1858 224 1922 stolorum
239 1858 382 1924 delectum
399 1859 551 1937 adiiciuut3
574 1860 716 1944 siquidem
730 1860 771 1923 illi
787 1861 937 1925 duodecim
955 1861 1128 1926 extiterunt.
1169 1859 1231 1924 tte-
1244 1837 1362 1882 ”mm

76 1960 175 2046 liquos
190 1981 277 2046 porro
291 1961 413 2026 Aeones
427 1961 628 2046 duodeuiginti
640 1963 671 2026 in
686 1983 723 2026 eo
736 1963 966 2048 repraesentari,
989 1965 1064 2048 quod
1081 1963 1118 2027 ab
1132 1985 1231 2028 resur·

75 2062 212 2128 rectione
228 2085 282 2129 sua
301 2064 441 2144 totidem,
470 2075 503 2128 ut
518 2064 659 2144 aderunt,
684 2086 801 2130 menses
817 2087 882 2129 enm
903 2064 1051 2150 discipulis
1068 2085 1231 2130 commora-

77 2176 201 2229 tuaest.
241 2162 305 2230 lmo
323 2177 353 2232 et
368 2166 514 2251 prioribus
530 2167 640 2232 duabus
657 2167 734 2232 illius
751 2167 878 2231 nominis
892 2167 998 2247 literis,
1019 2192 1030 2230 ι
1044 2177 1075 2232 et
1087 2193 1118 2249 η,
1139 2171 1232 2234 meni·

76 2271 155 2332 feste
169 2267 330 2332 octodecim
342 2269 465 2333 Aeones
478 2269 616 2355 exprimi.
646 2268 725 2334 Nam
738 2270 815 2334 illam
828 2269 964 2334 Aeonum
976 2268 1125 2335 Decadem
1138 2273 1231 2358 primo

76 2369 206 2434 nominis
222 2371 368 2434 elemento
380 2371 546 2436 adumbrari
559 2382 678 2457 putaut3
695 2373 819 2457 ideoque
833 2393 850 2436 e
864 2372 1012 2436 salvatore
1027 2372 1151 2438 dictum:
1167 2379 1230 2438 Iota
1239 2383 1381 2443 marmure

76 2494 182 2547 mum,
207 2484 259 2534 aut
275 2495 347 2534 unua
363 2495 437 2556 apere
456 2497 512 2536 nan
525 2477 709 2556 praeteribit,
733 2479 820 2538 donee
838 2479 929 2538 amaea
939 2477 1030 2554 fiunt.
1078 2471 1140 2540 lem
1158 2498 1231 2542 vero
1245 2486 1368 2534 Mettbss·

77 2573 245 2638 duodecimi
258 2574 372 2640 Aeonis
386 2576 577 2640 calamitatem
591 2577 755 2663 proditione
770 2573 870 2657 ludae,
888 2579 935 2662 qui
949 2577 1145 2662 apostolorum
1160 2580 1231 2646 duo·

75 2675 208 2740 decimus
227 2675 298 2758 luit,
322 2679 473 2744 commode
489 2678 649 2758 declarari3
672 2679 753 2744 uelut
768 2680 855 2743 ctiam
871 2680 899 2742 in
915 2681 1042 2764 eoquod
1059 2681 1229 2746 duodecimo

74 2800 179 2844 meuse
202 2800 307 2865 passus
329 2791 385 2844 est.
431 2778 498 2846 Uno
521 2782 598 2846 enirn
621 2783 781 2860 duntaxat,
812 2791 964 2867 postquam
985 2783 1150 2869 baptizatus
1170 2796 1227 2863 est,

75 2902 157 2946 anno
173 2880 263 2946 divini
284 2881 365 2946 verbi
383 2883 599 2968 praedicatione
616 2887 745 2948 tuncrum
764 2905 831 2949 esse
848 2896 991 2950 statuunt.
1038 2883 1098 2950 Sed
1116 2887 1229 2972 perspi·

74 3003 132 3048 cue
148 2983 317 3069 cumprimis
331 2985 400 3049 illud
418 2986 447 3050 in
465 3005 501 3049 eu
518 2986 641 3051 muliere
655 2989 882 3052 demonstratum
903 3009 975 3072 qnae
992 2987 1144 3072 sauguinis
1161 3009 1228 3072 pro·

73 3087 166 3150 dorin
189 3085 353 3150 laborabat.
399 3083 482 3170 Quae
507 3108 572 3152 aum
591 3089 742 3154 duodecim
764 3089 823 3153 iam
840 3111 933 3154 annos
951 3111 987 3153 eo
1006 3091 1109 3154 morbo
1126 3091 1227 3154 confli-
1239 3099 1323 3148 Maste
1336 3103 1356 3148 t.

74 3197 225 3266 staretur,
261 3187 418 3252 salvatoris
443 3190 589 3268 adventu,
625 3191 672 3254 ubi
700 3191 841 3256 fimbriam
869 3193 933 3256 eius
955 3193 1068 3276 attigit,
1103 3193 1226 3256 salutem

73 3291 275 3377 recuperavit.
321 3289 416 3374 Quam
439 3291 476 3355 ob
499 3313 631 3356 caussam
651 3295 783 3358 salvator
799 3295 924 3374 dixerit,
959 3299 1027 3373 (tuis
1048 3317 1090 3357 me
1111 3300 1228 3376 tetegit?

75 3403 107 3457 ut
123 3393 282 3478 discipulos
295 3393 466 3480 mysterium
482 3394 551 3459 illud
567 3397 643 3480 quod
656 3397 686 3460 in
700 3396 854 3461 Aeooibns
868 3395 1033 3479 contigerat
1047 3409 1134 3481 atque
1149 3396 1226 3462 illam

74 3493 173 3560 adecti
189 3495 305 3559 Aeonis
323 3495 502 3562 curationem
522 3498 652 3562 doceret.
696 3495 815 3562 Etenim
835 3499 940 3562 mulier
959 3519 1033 3582 quae
1052 3499 1136 3564 annis
1156 3501 1227 3563 duo·

73 3596 171 3660 decim
187 3598 370 3684 aegrotavit,
401 3597 505 3664 Virtus
523 3599 571 3662 illa
590 3609 745 3686 propterca
763 3610 825 3680 est,
859 3603 934 3685 quod
952 3611 1072 3665 extenta
1091 3611 1177 3686 atque
1195 3602 1226 3665 in

74 3699 221 3764 infinitum
236 3701 376 3786 dissipata
388 3699 550 3766 substantia
566 3703 653 3781 loret,
672 3703 727 3767 nisi
741 3713 893 3788 gestamen
906 3703 983 3766 illius
997 3703 1155 3787 attigisset,
1172 3703 1227 3766 boo

73 3811 123 3866 est
137 3799 320 3882 Veritatem,
351 3823 425 3888 qnae
442 3804 471 3866 in
491 3801 583 3889 prima
601 3802 731 3870 Tetrade
751 3817 937 3885 numeratur,
968 3816 998 3868 et
1014 3825 1067 3890 per
1085 3805 1226 3870 fimbriam

74 3987 259 4056 ρημαίνεσθαι,
284 3993 355 4042 ntum
376 3993 444 4043 codd.
464 3993 518 4042 t'rn.
542 3997 564 4043 et
580 3993 636 4055 Rea.
670 3994 729 4042 r'ttud
742 3988 961 4059 ὗποσημαίιεσθαι
974 3991 1075 4060 λέγουσι
1089 3995 1226 4045 abundaret.

74 4061 154 4109 Parta.
669 4063 741 4112 Aliter
756 4065 845 4124 placuit
861 4063 991 4123 tdassueta,
1008 4065 1075 4112 cuius
1089 4063 1227 4112 adnotatum

111 4128 150 4177 1‘2.
163 4128 201 4178 tta
212 4129 263 4178 ead.
279 4129 330 4178 ten.
357 4129 430 4192 Vutpo
441 4129 563 4194 eatatm‘pe
574 4121 635 4181 cine-
667 4129 996 4193 o.pap.16.edr't.trmaet.

74 4194 184 4254 molor
200 4193 244 4248 bed
256 4189 363 4250 ’tetum
392 4199 474 4248 Peter.
485 4199 576 4247 volebat
592 4193 635 4250 διὰ
704 4199 742 4249 ib.
755 4196 916 4264 φρονήματος
924 4200 974 4247 cod.
986 4199 1081 4248 an-
1094 4201 1226 4250 tuamne·

72 4263 124 4328 τῆς
140 4257 297 4322 enemente<
314 4265 357 4316 τοῦ
375 4256 470 4320 'ladam
667 4268 722 4316 noct
731 4267 844 4328 interpres
858 4269 923 4316 uestit
939 4267 969 4314 Et
982 4265 1030 4315 nisi
1045 4265 1167 4334 tetigisset
1180 4283 1227 4317 rc-

111 4329 149 4383 ts
167 4325 205 4390 oie
219 4333 271 4382 eod
288 4333 343 4382 Van.
667 4333 819 4392 etimentnm,
836 4333 885 4384 hnc
900 4342 937 4382 est
952 4332 1048 4383 illins
1065 4333 1154 4392 Filii,
1173 4335 1226 4384 Ve-

110 4397 150 4449 tt.
165 4401 240 4462 t'utpa
251 4401 385 4450 dbttnctum
397 4399 574 4467 cstnpanaluc
584 4399 635 4456 bel·
667 4401 748 4452 nitaris
759 4401 853 4468 primae
865 4400 981 4454 Tetradis
991 4407 1041 4453 cett.
1072 4403 1107 4465 Gt.
1117 4405 1228 4453 ttcsaurtt

71 4470 182 4520 emoneo
194 4465 303 4534 λέγουσι.
327 4465 381 4520 Καὶ
393 4473 453 4532 ortt,
465 4471 528 4532 guod
542 4475 636 4520 mutan·
668 4471 747 4520 adnot.

71 4537 134 4586 dum
145 4540 204 4598 arnt,
218 4551 248 4586 ne
259 4539 303 4586 aut
314 4534 460 4590 &tumebat
470 4535 578 4604 bipenne,
593 4541 636 4586 aut

127 4614 215 4674 camos
228 4614 363 4662 Remeat.
377 4615 406 4662 tt.
984 4627 1024 4690 22
