3008 4996
252 241 312 304 216
673 249 794 304 SANc‘rl
812 251 983 304 ssrlfflmn

252 370 312 435 ἐστὶ
327 366 360 432 τό
376 373 436 432 πῦν
448 372 537 433 τοῦτο
553 363 720 452 άγυρτιίδες
731 366 928 453 ἐργαστήριον.
973 366 1286 450 Καταισχυυθήσονται
1298 368 1330 434 δέ
1345 393 1404 432 αυ-

251 481 306 546 θις
325 461 408 535 οῦτοι
426 470 479 534 καί
499 465 558 534 άπό
579 475 638 532 τῶν
656 465 754 534 αύτῦν
770 467 871 555 λόγων.
915 472 959 533 Εἰ
974 466 1031 553 γάρ
1045 465 1158 552 Ἰησοῦς
1175 467 1231 534 ούιι
1247 466 1307 534 dm*
1326 495 1405 553 παρ-

251 573 347 636 θένον
370 573 507 653 Μαρίας,
537 566 608 634 άλλά
631 571 664 634 ἐκ
685 570 850 654 σπέρματος
869 568 979 652 Ἰωσὴφ
1003 571 1053 635 καί
1077 577 1130 652 τῆς
1152 568 1242 652 αύτῆς
1265 576 1405 656 Μαρίας,

253 674 372 751 σοι’ζεται
388 672 420 736 δέ
433 663 536 750 οῦτσς,
562 668 643 755 ιι’ίρα
658 668 710 736 καί
725 668 811 736 αύτοέ
825 671 1013 756 σωθήσονται
1028 674 1060 736 ot
1073 679 1178 738 τοῦτον
1190 669 1405 757 γεγευνηιιότες.

255 775 318 840 Καὶ
333 777 360 838 εί
372 770 393 855 ἦ
409 777 517 856 Μαρία
531 773 581 838 καί
593 769 701 854 Ἰωσὴφ
716 769 776 838 άπό
792 781 846 838 τοῦ
862 776 1045 858 δημιουργοῦ
1060 769 1255 859 ῦπάργσυσιν,
1276 771 1334 859 άρα
1348 770 1408 838 τόν

254 871 434 960 δημιουργόν
446 870 565 955 κτιστὴν
580 875 710 954 ἔφασαν,
731 875 783 939 καί
796 871 894 940 ούιιέτι
910 877 941 941 ἐν
956 872 1132 958 ύστερύματι
1147 877 1226 940 ἐσται
1241 871 1259 940 ό
1275 872 1327 939 τόν
1341 870 1406 939 ’ἐω-

132 1014 184 1061 ρις.
197 1003 241 1047 ιιι.
255 974 317 1059 σηφ
337 977 388 1040 καὶ
405 973 460 1056 τήν
477 978 602 1057 Μαρίαν
620 973 764 1058 ποιήσας,
794 978 824 1052 ἐξ
841 968 885 1042 οῦν
900 973 918 1041 ό
933 975 1046 1058 Ἰησοῦς
1062 973 1142 1062 παρά
1158 983 1212 1042 τοῦ
1228 973 1289 1040 άνω
1306 973 1407 1060 άγνοό-

253 1099 325 1143 στου
342 1074 463 1158 Πατρός
478 1073 609 1158 ύπάργει.
653 1080 697 1140 Et
715 1076 748 1141 δέ
769 1079 820 1142 καί
836 1073 926 1154 αύτός
945 1074 963 1144 ό
977 1075 1091 1161 Ἰησοῦς
1111 1075 1248 1144 άπδιτῦν
1263 1073 1408 1162 Ἀγγέλων

252 1180 328 1258 ἐστί,
348 1179 400 1244 καλ
416 1175 434 1242 ό
450 1175 630 1262 δημιουργός
646 1175 689 1253 είς
704 1179 764 1244 ἐστι
778 1185 837 1244 τοῦν
851 1176 1008 1264 Ἆγγέλων,
1038 1176 1121 1264 2άρα
1138 1203 1170 1264 γε
1184 1175 1345 1261 άτοπόγματι
1357 1180 1407 1266 τῷ

252 1282 297 1346 ἐνί
311 1278 420 1354 πάντες
437 1286 679 1363 περιπεσοῦνται,
708 1275 803 1368 δποίιμ
821 1281 871 1345 καί
888 1283 920 1347 οί
925 1277 1057 1366 ’Ἄγγελοι
1071 1278 1322 1363 πιριπεπτοίκασι·
1347 1281 1407 1344 καὶ

252 1379 414 1448 άσύστατον
429 1382 474 1462 είη
488 1379 526 1445 δν
538 1378 572 1445 τό
586 1377 655 1461 παρ’
670 1378 769 1446 αύτῶν
784 1379 1042 1467 δραματούργημα,
1065 1385 1242 1467 δηλητηρίου
1259 1381 1407 1462 ἔμπλειον,

250 1485 301 1550 καί
317 1481 416 1563 πάσης
431 1479 541 1557 ἐσόδους
551 1485 739 1558 διδασκαλίας
753 1484 980 1565 μεμεστωμίυον.
1024 1482 1141 1566 Ταύτην
1154 1483 1186 1548 δέ
1200 1475 1291 1559 αῦθις
1305 1479 1406 1548 όπίσω

250 1587 427 1671 τρίψαντες,
458 1582 553 1668 όίςπερ
569 1582 730 1670 δράκοντος
744 1583 876 1667 κεφαλήν
893 1583 967 1673 ξύλω
984 1591 1038 1668 τῆς
1053 1590 1177 1661 πίστεως
1196 1587 1248 1652 καί
1264 1592 1317 1667 τῆς
1331 1581 1406 1666 άλη-

250 1691 338 1762 θείας
356 1688 407 1750 ἐπὶ
427 1693 480 1772 γῆς
494 1683 686 1767 λακύσαντες,
707 1694 771 1762 ταῖς
786 1683 885 1762 άλλαις
900 1685 1121 1772 θηριομόρφοις
1140 1685 1407 1774 προςπελάσαντες,

253 1786 299 1854 ἐπ’
321 1785 436 1876 όλέθριμ
457 1785 570 1854 τούτων
591 1788 642 1853 καί
662 1793 723 1854 τιῦν
743 1785 885 1854 τοιούτων
905 1787 1101 1872 βαδιούμεθα.

504 2121 659 2190 ΚΑΤΑ
701 2121 1148 2208 ΚΗΡΙΝΘΙΑΝΩΝ,

370 2235 445 2330 ἤτοι
470 2239 705 2333 Μηρινθιαιῦν,
733 2232 848 2331 ὀγδόη,
873 2233 896 2328 ἠ
922 2239 982 2310 καὶ
1006 2236 1138 2332 εἰκοστὴ
1165 2235 1273 2333 ὀγδόη.

335 2381 491 2466 Κόρινθος
508 2383 540 2448 δέ
557 2374 666 2460 αὖθις,
696 2379 749 2462 ἄρ’
765 2374 857 2467 ούπερ
875 2385 907 2449 οἱ
922 2385 1123 2466 Κηρινθιανολ
1140 2381 1306 2469 λεγόμενοι,
1337 2380 1403 2449 αἰτδ

249 2481 360 2566 ταύτης
374 2493 427 2567 τῆς
444 2484 617 2570 θηριώδους
635 2491 749 2569 σπορᾶς
764 2481 817 2550 τόν
834 2482 881 2548 ἐόν
895 2490 938 2572 τῷ
954 2485 1057 2574 κόσμῳ
1072 2488 1173 2572 φέρων
1189 2485 1269 2570 ἥκει,
1298 2483 1405 2567 σχεδόν

251 2585 284 2650 δέ
299 2583 384 2652 ου’δέν
401 2587 498 2668 ἕτερον
515 2582 598 2668 παρά
613 2585 665 2652 τόν
679 2587 891 2670 προειρημένου
908 2592 1106 2672 Καρποκρῦν,
1128 2585 1198 2652 άλλά
1214 2583 1251 2651 τά
1267 2583 1342 2651 αύτά
1357 2593 1404 2675 τῷ

250 2685 353 2775 κόσμῳ
367 2685 515 2754 κακοποιά
529 2686 674 2770 φάρμακα
686 2688 880 2770 ἐκβλαστάνει
925 2686 967 2752 Τά
987 2691 1053 2752 ἐίσα
1068 2687 1123 2774 γάρ
1138 2696 1180 2778 τῷ
1197 2688 1403 2775 προειρημένῳ

251 2793 292 2865 εἰς
306 2788 358 2855 τόν
377 2787 506 2876 Χριστόν
521 2787 747 2871 συκοφαντήσας
761 2790 902 2873 ἐξηγεῖται
918 2791 968 2854 καί
984 2782 1086 2870 οὗτος,
1108 2792 1141 2856 ἐκ
1158 2794 1283 2875 Μαρίας
1297 2790 1349 2854 καί
1368 2791 1403 2856 ἐκ

251 2893 415 2976 σιιέρματος
426 2889 534 2973 Ἰωσὴφ
548 2889 600 2955 τόν
616 2889 744 2976 Χριστόν
757 2897 943 2976 γεγενῆσθαι,
958 2893 1009 2956 καί
1022 2888 1075 2958 τόν
1090 2888 1202 2977 κόσμον
1215 2889 1326 2973 δμοίως
1339 2887 1402 2956 ύττό

248 2991 390 3078 Ἀγγέλων
404 3000 586 3078 γεγενῆσθαι.
632 2989 728 3056 Ούδέυ
742 2989 799 3076 γάρ
816 2984 904 3066 οῦτος
918 2992 1000 3078 παρά
1013 2990 1066 3058 τόν
1082 2999 1201 3077 πριῦτον
1216 2991 1348 3076 διήλλαξε
1362 2999 1403 3084 τῇ

251 3097 392 3184 είςαγωγῇ
405 3103 459 3176 τῆς
475 3091 568 3160 αύτοῦ
583 3097 787 3172 διδασκαλίας,
809 3089 866 3156 ἄλλ’
880 3093 901 3175 ἢ
916 3093 1057 3184 ἐντούτῳ
1074 3093 1181 3178 μόνον,
1204 3098 1236 3162 ἐν
1251 3102 1294 3184 τῷ
1309 3120 1402 3180 προς-

250 3197 325 3279 ίγειν
338 3203 379 3284 τῷ
391 3193 566 3284 Ἰουδαϊσμῷ
579 3193 638 3261 άπό
652 3197 767 3280 μέρονς.
814 3192 925 3261 Φάσκει
940 3197 973 3261 δέ
987 3189 1075 3272 οὗτος
1090 3193 1143 3262 τόν
1154 3194 1248 3280 νόμον
1260 3197 1312 3260 καί
1328 3194 1403 3272 τούς

249 3296 407 3381 προφήτας
424 3294 483 3363 ύπό
498 3295 639 3383 ’Λγγέλων
656 3295 813 3376 δεδόσθαι,
842 3298 894 3361 καί
910 3295 962 3362 τόν
979 3297 1127 3364 δεδωκότα
1143 3297 1236 3381 νόμον
1253 3299 1305 3363 ἕνα
1324 3294 1401 3363 εἶναι

248 3406 308 3466 τῶν
322 3397 464 3484 Ἀγγέλων
478 3405 537 3464 τιῦυ
552 3397 604 3468 τόν
621 3398 733 3480 κόσμον
750 3395 961 3478 πεποιηκότων.
1003 3397 1130 3483 Ἐγίνετο
1149 3401 1180 3464 δέ
1198 3391 1286 3474 οὗτος
1301 3395 1320 3464 ό
1335 3397 1400 3481 Κό-

248 3511 354 3585 ρινθος
371 3504 403 3566 ἐν
421 3509 456 3591 τῇ
469 3498 552 3590 Ἀσίᾳ
568 3504 739 3587 διατρίβων,
769 3496 885 3564 κόκείσε
902 3507 956 3564 τοῦ
971 3500 1157 3585 κηρύγματος
1170 3499 1226 3583 τήν
1241 3499 1334 3585 α’ργήυ
1349 3525 1399 3565 πε-

248 3603 416 3685 ποιημίνος.
449 3600 529 3684 Ἤδη
544 3603 577 3668 δὲ
590 3603 660 3684 περὶ
672 3599 779 3666 τούτου
791 3603 924 3682 είπομεν,
946 3599 987 3677 ός
999 3604 1051 3668 καί
1065 3595 1153 3678 ούτος
1167 3601 1326 3687 ἐκήρυττεν
1342 3598 1399 3668 ούιι

248 3701 308 3778 άπδ
322 3711 375 3788 τῆς
386 3702 506 3790 πράτης
520 3706 571 3769 καί
586 3701 704 3768 άνωθεν
717 3699 870 3784 δυνάμεως
881 3701 934 3767 τόν
947 3701 1061 3786 κόσμον
1073 3712 1258 3790 γεγενῆσθαι,
1280 3701 1400 3769 ἄνωθεν

247 3807 282 3872 δέ
297 3808 330 3872 ἐκ
345 3813 399 3872 τοῦ
414 3803 476 3871 άνω
492 3812 569 3872 θεοῦ
584 3802 654 3889 μετά
669 3801 703 3869 τό
721 3801 907 3888 άδρυνθῆναι
922 3802 974 3870 τόν
987 3801 1103 3890 Ἰησοῦν
1117 3803 1170 3872 τόν
1184 3808 1218 3872 ἐκ
1233 3806 1400 3891 σπέρματος

245 3903 355 3991 Ἰωσὴφ
368 3910 419 3974 καί
435 3913 558 3991 Μαρίας
569 3907 776 3992 γεγεννημένον
789 3907 1017 3990 κατεληλυθέναι
1032 3905 1083 3974 τόν
1098 3904 1228 3994 Χριστόν
1241 3909 1283 3984 είς
1295 3903 1398 3986 αύτόν,
1502 3945 1503 3980 3

247 4013 378 4076 τουτέστι
400 4008 434 4075 τό
457 4017 572 4092 πνεῦμα
587 4007 620 4074 τό
638 4006 723 4093 άγιον
741 4009 773 4078 ἐν
789 4011 860 4072 είδει
875 4015 1045 4095 περιστερᾶς
1064 4011 1151 4099 ἐντῷ
1166 4007 1319 4097 Ἰορδάνῃ,
1345 4009 1400 4074 καὶ

247 4107 441 4192 άποκαλύψαι
456 4109 536 4198 αύτῷ
552 4111 603 4176 καί
619 4107 655 4174 δι’
669 4106 761 4174 αότοῦ
775 4117 837 4185 τοῖς
851 4107 910 4192 μετ’
928 4109 1022 4176 αῦτοῦ
1035 4108 1088 4180 τόν
1103 4109 1252 4197 σ’ίγυυιστον
1268 4111 1398 4194 Πατέρα.

248 4214 311 4277 Καὶ
332 4211 381 4278 διά
401 4220 489 4278 τοῦτο
510 4210 613 4294 ἐπειδὴ
631 4203 723 4296 ἦλθεν
743 4206 763 4292 η
781 4209 906 4293 δύναμις
923 4215 965 4288 είς
984 4210 1074 4277 αὐτόν
1091 4210 1226 4292 άνωθεν,
1256 4209 1399 4293 δυνάμεις
1502 4231 1503 4272 1

19 4390 23 4400 1
124 4342 175 4386 μσς,
189 4330 234 4374 ιιι.
248 4315 480 4394 ἐπιτετελεκέναι,
496 4316 549 4379 καί
563 4311 656 4379 αὐτοῦ
670 4311 858 4389 πεπονθότος
869 4311 903 4379 τό
919 4313 1010 4382 ἐλθόν
1024 4313 1142 4382 άνωθεν
1157 4311 1322 4398 άναιιτῆναι
1335 4308 1397 4377 ότιό
1502 4395 1503 4400 ¹

283 4449 343 4500 cn.
355 4451 423 4521 νιιι.
441 4479 473 4490 -
493 4453 513 4502 ι.
534 4455 606 4515 vuago
623 4441 679 4517 ἄρα,
872 4451 898 4504 ν.
919 4455 993 4517 κιαι
1009 4442 1066 4519 ἄρα.
