3008 4996
303 315 364 378 232
406 339 409 345 ¹
721 325 842 378 εεασοι
859 325 1027 378 εειειιεωιι

168 459 285 530 [εφη
382 433 488 506 Ἦν“
435 437 543 566 γαρό
558 433 758 523 Ἰάκωβος
721 466 809 518 ουτος
822 439 888 519 υίός
902 449 956 508 τοῦ
976 438 1091 524 Ἰωσήφ
1110 443 1143 508 ἐκ
1159 442 1298 528 γυναικός
1312 447 1366 510 τοῦ
1378 439 1442 510 Ἰω-
1488 507 1490 518 A

305 543 384 627 σήφ,
408 539 463 609 οῦκ
479 540 538 608 όπυ
530 540 695 628 ’Μαρίας,
718 568 759 618 ως
774 545 825 608 καλ
841 545 883 620 είς
897 540 1020 620 πολλοῦς
1041 544 1154 621 τόπους
1172 551 1260 611 τοῦτο
1281 542 1352 628 ήμῖν
1368 549 1443 670 είρη-
1487 556 1499 601 1

304 673 367 724 ται,
389 647 440 712 καλ
455 640 670 728 σαφὲστερον’
649 652 721 728 ημῖν
736 644 999 769 πεπραγμάτευται.
1038 642 1130 710 Ἀλλά
1144 647 1195 712 ειαλ
1209 643 1431 728 εῦρίσκομεν’
1393 674 1443 712 αυ-

306 745 358 813 τόν
369 749 404 814 ἐκ
418 771 471 812 του
457 743 620 829 Δαβλό”
601 771 686 825 οντα,
716 743 815 811 βιοῖ’
782 771 815 811 το
832 745 900 812 υίόν
917 744 994 813 εῖναι
1009 753 1064 814 τοῦ
1078 745 1192 832 Ἰωσήφ
1211 754 1387 834 Ναζωραῖον
1399 772 1443 833 γε·

306 847 438 932 νόμενον.
475 840 531 911 Ἠν
552 845 607 933 γάρ
626 845 856 972 πρρετότοκρς
828 855 868 914 τῦ
888 845 1018 932 Ἰωσήφ,
1039 850 1091 916 καλ
1104 847 1286 935 ηγιασμὲνος.
1320 848 1394 914 Ἔτι
1413 849 1445 914 θέ

308 951 359 1016 καλ
380 951 587 1036 ῖερατειίσαντα
611 944 702 1014 αότόν
719 947 794 1014 κατά
817 947 870 1032 τήν
892 949 1019 1016 παλαιάν
1035 950 1250 1035 ίεροισῦνην”
1214 975 1345 1037 ευρομεν.
1388 947 1445 1016 Διό

307 1050 472 1135 καλήφίετο
490 1048 570 1139 αῦτω
556 1048 663 1126 ἅπαξ
676 1076 729 1115 του
715 1052 878 1116 ἐνιαυτοῦ
892 1050 1062 1177 είςτάάγια
1076 1057 1134 1117 τοῖν
1150 1049 1242 1138 άγίων
1258 1055 1383 1130 είςιὲναι,
1405 1025 1467 1128 τός

307 1161 371 1229 τοῖς
384 1150 563 1238 ἀρχιερεῦσιν
580 1148 807 1218 ἐκέλευστνό’
772 1177 879 1234 νομος,
898 1178 974 1218 κατα
989 1179 1022 1219 το
1015 1152 1241 1238 γεγραμμένον.
1287 1153 1373 1219 Οῦτω
1388 1151 1444 1280 γάρ

308 1256 464 1341 ἱστόρησαν
474 1255 575 1320 πολλοί
590 1251 647 1335 πρό
666 1248 750 1334 ήμῶν
764 1252 886 1336 περί’
847 1259 953 1337 αυτοῦ,
964 1251 1122 1338 .Εῦσὲβιός
1132 1279 1164 1320 τε
1176 1257 1225 1321 καλ
1240 1253 1373 1338 Κλήμης,
1394 1256 1445 1320 καῖ

308 1353 396 1422 ἄλλοι.
438 1352 528 1420 Ἀλλά
545 1356 597 1420 καὶ
612 1351 646 1420 τό
662 1355 785 1420 πίταλον
800 1357 850 1420 ἐπὶ
865 1363 918 1439 τῆς
933 1363 1063 1438 κεφαλῆς
1078 1359 1148 1439 ἐξῆν
1162 1354 1242 1445 αὐτῷ
1260 1359 1370 1439 φίρειν,
1392 1383 1443 1421 κα-

307 1454 375 1532 θοός
394 1459 426 1522 οί
438 1457 645 1541 προειρημένοι
659 1452 823 1533 άξιόπιστοι
844 1455 949 1542 άνῦρες
964 1459 1073 1533 ἐντοῖς
1094 1453 1145 1522 τίετ’
1162 1455 1259 1524 αῦτιῖν
1274 1455 1442 1540 ῦπομνημα-

306 1567 420 1641 τισμοῖς
440 1556 650 1642 ἐμαρτύρησαν.
690 1553 801 1642 Ἰερεῦς
815 1561 930 1639 τοίνυν,
953 1555 994 1634 τός
1007 1561 1098 1640 ἐφην,
1128 1555 1263 1643 όκῦριος
1281 1556 1367 1642 ήμῶν
1386 1557 1443 1642 ’1η

309 1666 382 1736 σοῦς
398 1656 525 1744 Χριστός
541 1661 584 1734 τίς
599 1655 651 1724 τόν
668 1661 761 1724 αίῦυα
782 1657 857 1724 κατά
876 1657 930 1741 τήν
947 1659 1028 1738 τάξιν
1045 1661 1239 1743 Μελχισεδὲκ,
1260 1660 1397 1741 βασιλεῦς
1417 1687 1444 1725 τε

310 1759 388 1843 όμοῦ
405 1758 481 1825 κατά
503 1759 557 1842 τήν
576 1757 657 1837 τάξιν
678 1758 732 1842 τήν
748 1757 883 1840 άνωθεν,
913 1763 963 1826 ἵνα
977 1760 1123 1850 μεταγάγη
1140 1760 1194 1843 τήν
1209 1762 1371 1845 ἱερωσύνην
1386 1762 1444 1844 άμα

308 1869 346 1951 τῇ
363 1865 532 1949 νομοθεσία.
579 1866 638 1926 Τοῦ
652 1861 685 1925 ιλέ
705 1862 871 1944 σπὲρματος
887 1864 985 1946 Δαβλθ
1006 1861 1055 1929 θιό
1075 1862 1129 1945 τήν
1145 1868 1270 1949 Μαρίαν
1290 1865 1444 1945 καθεζομὲ

309 1989 366 2029 νου
388 1963 420 2028 ἐν
435 1960 539 2050 θρόνῳ
558 1964 599 2039 είς
616 1959 669 2028 τόν
683 1965 776 2027 αέοἰνα
792 1965 842 2028 καί
861 1969 915 2045 τῆς
930 1968 1076 2046 βασιλείας
1092 1960 1184 2029 αῦτοῦ
1200 1962 1255 2030 οῦκ
1268 1967 1347 2030 ἔσται
1358 1967 1444 2041 τίλας.

301 2062 391 2128 ”an
414 2062 471 2148 γάρ
494 2061 584 2128 αῦτόν
603 2070 658 2128 νῦν
678 2073 846 2148 μεταγαγεῖν
869 2063 923 2146 τήν
943 2063 1025 2142 τάξιν
1041 2070 1095 2131 τοῦ
1115 2075 1168 2151 Ιγε
1188 2069 1344 2148 βασιλείου.
1387 2067 1446 2131 Καί

309 2163 365 2251 γάρ
381 2162 402 2246 ή
418 2168 548 2248 βασιλεία
563 2161 654 2230 αῦτοῦ
673 2162 728 2230 οῦκ
741 2167 819 2230 ἐστιν
834 2162 893 2230 όπό
909 2171 963 2248 τής
977 2173 1040 2251 γῆς,
1064 2163 1105 2243 οῖς
1120 2169 1214 2252 ἔλεγεν
1229 2169 1261 2232 ἐν
1274 2175 1317 2255 τῷ
1332 2165 1446 2253 εῦαγγε-

309 2271 362 2354 λίρι
376 2269 494 2354 Ποντίῳ
511 2264 645 2354 Πιλάτηο,
671 2262 848 2348 Ὴβασιλεία
870 2291 929 2348 μου
951 2265 1006 2332 σόα
1028 2269 1106 2333 ἐστιν
1122 2269 1155 2334 ἐκ
1174 2275 1227 2334 τοῦ
1246 2265 1361 2350 κόσμου
1380 2265 1446 2334 τοῦ-

309 2393 372 2432 του.
417 2371 478 2432 Τοῦ
492 2366 549 2453 γάρ
564 2373 694 2453 Χριστοῦ
710 2364 747 2431 τό
765 2364 860 2432 πάντα
877 2375 1057 2452 πληροῦντας
1071 2367 1313 2456 ῦιάίυιγμάτων,
1333 2371 1390 2445 ῖως
1407 2397 1444 2434 τι·

309 2466 361 2544 νός
376 2469 482 2552 μίτρσυ
497 2471 529 2533 αί
544 2465 704 2544 ῦποθὲσεις
719 2471 864 2549 ἔφθανον.
899 2467 945 2534 Οό
958 2467 1013 2556 γάρ
1030 2463 1123 2553 ἦλθεν
1136 2474 1186 2536 ῖνα
1201 2469 1359 2557 προκοπήν
1369 2469 1445 2558 λόβη

310 2575 455 2654 βασιλείας
468 2567 485 2634 ό
500 2568 661 2651 βασιλεύων
675 2567 733 2635 άτί·
755 2572 904 2654 ἐχαρίσατο
922 2571 955 2636 θλ
970 2581 1032 2648 τοῖς
1047 2568 1098 2636 τότ’
1112 2569 1204 2637 αῦτοῦ
1219 2573 1445 2654 καθισταμὲνοις

309 2670 343 2738 τό
364 2676 524 2754 βασίλειον,
544 2675 594 2736 ῖνα
609 2668 649 2754 μή
664 2669 820 2760 όαομασθή
835 2668 894 2737 άπό
909 2677 968 2738 τοῖν
982 2679 1095 2758 μικροῖν
1115 2673 1164 2739 ἐπί
1180 2671 1217 2738 τά
1238 2677 1355 2755 μείζονα
1375 2699 1446 2756 προ-

309 2771 436 2839 κόπτειν.
481 2773 576 2838 Μὲνει
594 2771 650 2858 γάρ
673 2770 765 2838 αῦτοῦ
781 2769 798 2838 ό
815 2771 945 2856 θρόνος,
975 2775 1024 2840 καί
1048 2781 1099 2856 τῆς
1113 2779 1261 2857 βασιλείας
1277 2770 1370 2840 αῦτοῦ
1391 2771 1446 2840 οῦκ
1500 2759 1501 2791 ⁸

309 2877 388 2940 ίσται
409 2875 505 2954 τὲλος,
535 2875 586 2939 καί
607 2872 738 2954 κάθηται
762 2875 811 2939 ἐπί
828 2870 880 2938 τόν
896 2871 1011 2959 θρόνον
1030 2877 1144 2957 Δαβλῦ,
1174 2874 1206 2942 τό
1229 2879 1375 2957 βασίλειον
1393 2881 1447 2940 τοῦ
1500 2955 1501 2960 ¹

310 2976 410 3057 Δαβίί
424 2973 616 3057 μεταστήσας,
638 2975 686 3040 καί
698 2976 888 3058 χαρισάμενος
902 2984 965 3052 τοῖς
978 2977 1085 3042 ἐαυτοῦ
1098 2975 1215 3053 ῦοῦλοις
1226 2975 1289 3058 άμα
1302 2984 1338 3066 τῇ
1355 2973 1446 3062 άρχιε·
1500 3003 1501 3010 “

191 3119 241 3166 1⁸·ss·
255 3107 300 3152 120-
312 3074 442 3164 ρωσῦνη,
462 3076 593 3141 τουτὲστι
606 3083 668 3152 τοῖς
682 3072 844 3161 άρχιερεῦσι
857 3081 911 3159 τῆς
921 3083 1085 3160 καθολικής
1099 3079 1259 3160 ἐκκλησίας.
1282 3079 1344 3142 Καί
1355 3075 1446 3143 πολλά
1500 3105 1501 3108 ’

310 3181 371 3244 ἐστι
389 3178 457 3260 περί
471 3175 577 3242 τοῦτον
591 3179 698 3263 λίγεια,
720 3174 777 3243 άλλ
792 3174 873 3259 όμως
890 3175 991 3262 ίπειῦή
1011 3180 1054 3254 είς
1067 3176 1120 3256 τόν
1131 3177 1225 3245 τόπον
1241 3176 1387 3262 ἐλήλυθα,
1408 3180 1444 3243 εί
1500 3185 1501 3196 ’

309 3287 377 3345 πεῖν
394 3275 431 3343 δι’
449 3277 488 3360 ήν
504 3279 600 3342 αίτίαν
614 3275 752 3344 ’1εσσαῖοι
772 3280 929 3344 ἐκαλοῦντο
945 3281 1015 3363 πρίν
1032 3285 1086 3345 τοῦ
1101 3287 1256 3345 καλεῖσθαι
1273 3281 1444 3366 Χριστιανοὶ

310 3383 342 3447 οῖ
357 3383 398 3456 είς
414 3375 539 3464 Χριστόν
553 3378 788 3458 πεπιστευκότες,
809 3376 917 3445 τοῦτου
930 3381 1014 3446 ἕνεκα
1034 3381 1146 3464 ἐφημεν
1166 3379 1213 3446 ότι
1230 3377 1249 3447 ό
1266 3379 1375 3448 ’1εσσαλ
1388 3407 1444 3446 πα-

308 3479 361 3566 τήρ
378 3485 486 3566 γίνεται
504 3505 558 3544 του
544 3484 680 3564 ’Δαβίελ
723 3478 821 3546 Καλ”
800 3507 866 3564 ητοι
885 3485 939 3546 τοῦ
954 3478 1123 3560 Ι,εσσαλ”
1102 3507 1167 3564 ηεοι
1183 3483 1217 3548 ἐκ
1232 3487 1287 3548 τοῦ
1301 3479 1447 3566 οάόματος

307 3581 411 3664 Ἰησοῦ
423 3607 478 3646 του
462 3579 636 3665 Ηκυρίου
615 3589 699 3664 ημοῖν
718 3580 922 3665 ἐπεκλήθησαν
940 3579 1089 3663 Ἰεσσαῖοι,
1117 3581 1168 3648 διά
1183 3608 1217 3648 το
1208 3580 1263 3661 ’ἐξ
1275 3579 1414 3667 Ἰησοῦ
1386 3607 1446 3706 ορ-

309 3690 438 3767 μασθαι,
461 3683 626 3765 μαθηταλ”
608 3707 689 3759 οντες
703 3681 812 3762 αῦτοῦ,
839 3681 929 3809 ήθιρί
949 3689 1018 3749 ⁸⁸tm
1039 3688 1092 3766 τῆς
1109 3685 1296 3770 ἐτυμολογίας
1311 3691 1364 3750 τοῦ
1378 3680 1446 3748 όνό·
1500 3743 1501 3764 ,

308 3809 400 3868 ματος
413 3809 468 3849 του
452 3787 598 3868 κυρίου.
639 3780 758 3866 Ἰησοῦς
777 3782 833 3870 γάρ
848 3783 923 3850 κατά
941 3782 996 3868 τήν
1014 3781 1174 3870 Ἐβραίνιήα
1188 3784 1338 3851 διάλεκτον
1357 3793 1447 3870 θερσ-
1500 3775 1501 3884 ⁸

308 3883 417 3968 πευτής
433 3891 577 3964 πολεῖται,
605 3881 669 3966 ήτοι
688 3883 786 3968 ίατρός
806 3887 857 3950 καλ
877 3883 984 3972 σωτηρ.
1017 3884 1121 3969 Ὅμως
1138 3885 1231 3975 τοῦτφ
1251 3893 1292 3952 τεῦ
1312 3883 1446 3966 όνόματι,
1500 3923 1501 3988 ρ

308 3989 379 4073 πρίν
399 3993 454 4052 τοῦ
475 3984 670 4071 Χριστιανοῦς
691 3985 798 4063 αῦτοῦς
818 3993 988 4068 καλεῖσθαι,
1016 3986 1070 4070 τήν
1091 3952 1261 4070 ἐπωνυμίαν
1283 3990 1446 4067 ἐκίπτηατο.
1500 3991 1501 4002 ’

307 4083 385 4152 Ἀπό
398 4084 576 4169 Ἀντιοχείας
593 4087 635 4166 θλ,
656 4086 829 4172 καθάπερἸ
810 4114 870 4153 ανω
887 4085 1175 4173 ἐπεμνήσθημεν,’
1150 4087 1294 4172 ωςέγει
1273 4117 1294 4173 η
1309 4095 1359 4170 τῆς
1373 4083 1449 4169 άλη-
1500 4169 1501 4172 ¹

307 4192 393 4264 θείας
413 4185 574 4267 ῦπόθεσις,
596 4186 719 4274 ἤρξαντο
737 4193 769 4256 οί
782 4192 915 4273 μαθηταί
931 4193 982 4256 καί
1001 4197 1082 4256 πάσα
1100 4187 1121 4275 ή
1138 4193 1273 4274 ἐκκλησία
1294 4195 1346 4256 τοῦ
1365 4195 1450 4254 θεοῦ
1500 4189 1501 4270 ⁸

310 4291 480 4374 Χριστιανοί
499 4297 662 4355 καλεῖσθαι.

342 4443 399 4492 Cn.
409 4443 451 4496 Ν.
463 4471 496 4482 ·-
516 4446 537 4496 1.
555 4445 619 4495 λεῖαι·
630 4459 707 4496 omnes
721 4445 764 4498 τοῦ
779 4462 805 4498 τε
817 4449 861 4513 βα·
927 4447 954 4498 2.
970 4449 1070 4510 Reposui
1088 4465 1126 4502 τα
1140 4463 1183 4512 pro
1198 4444 1245 4513 τί,
1268 4447 1327 4511 quod
1339 4445 1363 4494 ἕο
1378 4445 1451 4494 libris

307 4509 407 4563 σιλείου.
893 4517 964 4578 υαίςο
971 4529 972 4534 ’
980 4521 1050 4566 extat.
1500 4497 1501 4542 ⁸
