2986 4996
273 273 314 338 56
698 281 818 332 ειυοτι
837 281 1002 332 εειειτιυυ

272 399 401 466 πάντων.
444 400 614 464 Διετέλεσαυ
636 397 668 462 δέ
691 399 783 463 ἐκεῖσε
805 397 854 462 ἐπί
876 397 962 462 πέντε
985 405 1113 482 γενεαῖς,
1145 394 1187 472 εἰς
1209 398 1260 462 καί
1284 395 1413 471 πολλάκις

272 499 366 570 εἰπου.
400 499 479 565 ’Νῦν
494 500 527 564 δέ
544 496 677 584 ύνύγκην
691 500 775 581 ἐσχου
794 505 886 564 ταῦτα
904 501 1088 582 δευτερεῦσαι.
1121 496 1270 582 Ἔμειναν
1286 496 1341 584 γδρ
1358 495 1410 562 α’πδ

272 609 328 670 τοῦ
343 600 455 686 ’ἰακοδβ
474 605 507 667 αἰ
524 602 620 687 γενεαί
638 596 856 685 ἀριθμούμεναι
875 599 925 666 διῦ
942 608 997 666 τοῦ
1014 602 1108 680 Λευί,
1138 603 1168 678 ἐξ
1184 591 1277 683 ούπερ
1294 602 1325 666 οἰ
1336 603 1412 684 ἰερεῖς

273 703 510 786 κατεστάθησαν,
539 703 590 768 καί
613 699 664 767 διδ
685 708 740 767 τοῦ
757 698 875 780 Ἰούδα,
905 704 934 780 ἐξ
952 695 990 769 ού
1014 699 1084 783 μετεί
1102 700 1228 787 χρόνους
1249 699 1267 768 δ
1286 699 1413 784 βασιλεύς

272 801 342 892 ἦρξε
357 809 462 889 Δαβίδ.
506 806 568 868 Καί
592 800 610 869 δ
632 803 686 884 μέυ
702 804 797 878 Λευίς
816 809 903 890 γεννᾴ
923 802 976 869 τδν
997 803 1106 882 Καδθ,
1135 805 1185 869 καλ
1210 801 1281 878 τούς
1304 802 1413 880 ἄλλους,

163 935 214 980 τις.
228 923 260 966 1⁸·
275 905 370 974 Καδθ
381 913 469 994 γεννᾷ
482 905 534 971 τδυ
545 902 683 989 Ἀμρύμ,
704 901 826 987 Ἀμρύμ
839 913 927 994 γεννᾷ
938 903 991 970 τδν
1005 907 1141 971 Μοῦσέα
1155 908 1205 971 καί
1218 902 1348 990 Ἀαροδν,
1367 902 1414 970 τδν

272 1007 413 1096 οἰρχιερέα.
459 1001 554 1084 Ούτος
574 1003 593 1072 δ
610 1012 747 1087 Μαῦσής
763 1004 893 1088 ἐκβύλλει
915 1005 986 1082 τούς
1005 1003 1090 1082 υἱούς
1104 1004 1222 1092 Ἰσραήλ
1245 1009 1277 1073 ἐν
1300 1004 1414 1087 δυνάμει

273 1119 350 1178 θεοῦ
364 1113 397 1177 ἐκ
412 1117 467 1196 γῆς
481 1106 649 1194 Αἰγύπτου,
671 1103 712 1182 εἰς
724 1108 781 1190 ἔχει
794 1104 814 1189 ή
829 1107 951 1194 δευτέρα
965 1107 1040 1174 κατοί
1053 1107 1107 1192 τήν
1120 1113 1298 1192 νομοθεσίαν
1312 1111 1414 1192 βίβλος.

138 1324 206 1393 Κιφ.
223 1321 256 1380 θ’.
361 1316 418 1380 1Ίί
439 1313 540 1396 μέντοι
559 1335 592 1398 γε
611 1303 650 1394 ήν
669 1308 691 1394 ή
710 1317 771 1376 τοῦυ
787 1313 862 1376 υίῦν
877 1307 998 1398 Ἰσραήλ
1012 1316 1140 1379 πολιτεία
1160 1311 1227 1397 ῦχρι
1241 1310 1349 1378 τούτου
1368 1315 1416 1375 τοῦ

272 1413 400 1502 χρόνου,
433 1413 470 1481 ού
490 1412 570 1479 πύνα
591 1419 695 1494 σαφοῦς
714 1411 789 1477 καταί
812 1412 846 1479 τύ
870 1412 1077 1498 φανερύτατον
1098 1418 1176 1481 ἐστιν
1196 1417 1302 1494 εἰπεῖν,
1333 1409 1417 1495 ήμύ-

272 1542 325 1584 νον
350 1515 397 1582 ῦτι
423 1517 456 1580 ἐν
476 1517 629 1602 θεοσεβείᾳ
657 1515 708 1578 καί
729 1521 871 1604 περιτομή
892 1511 1042 1599 ύπῆρχου,
1073 1519 1101 1581 εἰ
1125 1519 1175 1581 καί
1195 1518 1354 1602 γέγραπται
1375 1511 1417 1578 ὅτι

273 1615 507 1701 έσληθύυθησαν
525 1618 556 1682 ἐν
573 1622 613 1705 μή
630 1613 774 1704 Αἰγύπτῳ
793 1619 825 1682 οἰ
839 1618 901 1684 υἰοί
915 1615 1048 1703 Ἰσραήλ,
1076 1619 1128 1683 καί
1146 1621 1263 1700 χυδαῖον
1279 1618 1416 1702 ἐγένοντο.

275 1718 404 1796 Πύντοις
418 1715 474 1804 γύρ
490 1743 550 1783 που
568 1715 704 1800 ύχρύνος
719 1724 772 1798 τῆς
788 1713 887 1782 αύτοῦν
902 1723 1061 1802 παροινίας
1076 1721 1128 1783 καί
1143 1722 1289 1802 ἐπιμιξίας
1305 1717 1355 1784 διοί
1372 1720 1418 1802 δᾳ-

272 1826 387 1905 θυμίαν
410 1819 444 1886 τδ
466 1824 587 1902 χυδαῖον
607 1817 770 1906 εἰργάσατο.
818 1824 913 1885 Τίνων
932 1821 1031 1902 μέντοι
1047 1819 1201 1906 γεύεσθαι,
1231 1820 1332 1904 ἢτίνα
1349 1816 1419 1884 ἐπα·

273 1921 405 2010 χορεύειν
411 1972 420 2001 ,
449 1919 470 2004 ἦ
487 1920 575 1986 τύλλα
591 1919 649 1987 ὅσα
667 1917 742 1985 κατοί
760 1919 913 2004 διαστολὴν
929 1929 983 1987 τοῦ
1002 1919 1098 2004 νύμου
1117 1921 1271 2001 φυλάττειν
1286 1916 1421 2007 προςετύ-

273 2035 405 2108 χθησαν,
427 2021 512 2089 ούποο
529 2020 603 2088 κατύ
620 2020 654 2088 τδ
667 2020 875 2105 φανερώτατον
893 2022 1128 2106 ’ἐπεσημήνατο
1168 2021 1330 2102 Ἐξιύντοον
1348 2023 1380 2087 δέ
1393 2023 1423 2086 ἐπ

274 2135 329 2213 γῆς
351 2123 525 2210 Αἰγύπτου,
555 2127 587 2191 ἐν
613 2131 653 2210 τῷ
677 2123 802 2213 δευτέρᾳ
831 2125 889 2188 ἔτει
909 2131 962 2207 τῆς
985 2123 1083 2191 αύτοῦν
1107 2125 1228 2204 ἐξόδου,
1260 2127 1421 2209 νομοθεσίᾳ

274 2233 352 2292 θεοῦ
366 2231 573 2304 καταξιοῦνται
594 2223 644 2291 διδ
660 2223 755 2310 χειρύς
773 2223 865 2291 αύτοῦ
880 2233 934 2292 τοῦ
954 2229 1118 2304 Μυουσίοις.
1158 2224 1199 2292 ‘H
1212 2229 1244 2292 δέ
1261 2229 1424 2310 νομοθεσία

274 2325 298 2411 ή
319 2330 351 2394 ἐκ
368 2334 444 2394 θεοῦ
460 2325 562 2404 αύτοῑς
577 2331 703 2392 δοθεῖσα
717 2332 909 2413 παιδαγωγοῦ
926 2332 1027 2411 δίκην,
1055 2326 1096 2405 εἰς
1117 2331 1168 2393 καί
1183 2325 1374 2414 παιδαγωγδς
1389 2318 1424 2406 ήν

276 2427 420 2511 δυόμος,
450 2438 624 2512 σωματικῶς
646 2429 698 2512 μὲν
718 2431 969 2512 διαστελλύμενος,
999 2428 1199 2513 πνευματικήν
1223 2431 1256 2496 δέ
1278 2433 1354 2512 έχων
1375 2425 1425 2508 τήν

276 2535 468 2614 προςδοκίαν,
488 2533 622 2596 ἐδίδασκε
637 2533 872 2614 περιτέμνεσθαι,
894 2533 1086 2617 σαββατίζειν,
1108 2529 1315 2598 ύποδεκατοῦν
1332 2528 1426 2595 πάντα

277 2631 314 2699 τοί
330 2631 430 2699 αύτοῦν
444 2629 608 2718 γεννήματα
624 2633 676 2696 καί
691 2631 801 2716 ὅσαπερ
817 2629 885 2718 παρ’
901 2630 1001 2710 αύτοῖς
1015 2636 1140 2700 ἐτίκτετο
1149 2684 1158 2713 ,
1186 2632 1245 2699 αἰπύ
1261 2630 1427 2718 οἰυθροίπου

278 2737 335 2810 &mc
359 2732 501 2816 κτήνους,
531 2730 665 2819 οἰπαρχύς
686 2758 717 2798 τε
738 2731 855 2800 διδύναι
876 2735 927 2800 καί
950 2733 1148 2818 πεντηκοστήν
1172 2737 1223 2800 καί
1242 2729 1427 2820 τριακοστήν,

278 2837 389 2904 εἰδέναι
408 2843 472 2924 θεῷ
491 2833 573 2925 μύνᾳ
593 2836 646 2900 καί
667 2833 746 2923 αύτῷ
766 2834 923 2922 λατρεύειν.
969 2834 1041 2901 '’Ev
1058 2841 1199 2924 μοναρχίᾳ
1220 2837 1272 2920 μέν
1288 2831 1429 2921 κηρυττό-

279 2963 368 3022 μενον
389 2935 423 3004 τδ
448 2935 559 3020 ὄνομα,
588 2939 647 3002 *ἐν
668 2936 701 3002 δέ
719 2943 756 3026 τῇ
778 2941 923 3026 μοναρχίᾳ
943 2933 965 3020 ή
984 2937 1068 3022 τριύς
1089 2935 1135 3004 εἰεί
1156 2939 1362 3024 κατηγγέλλετο
1382 2935 1431 3000 καὶ

279 3038 445 3108 ἐπιστεύετο
467 3036 559 3124 ἐπαβ
576 3035 677 3115 αύτοΐς
697 3047 760 3115 τοῖς
776 3036 966 3122 έξοχατύτοις
982 3037 1095 3118 αύτῦν,
1116 3042 1245 3106 τουτέστι
1262 3036 1432 3124 προφήτας

280 3144 331 3207 καί
354 3138 550 3226 ἡγιασμένοις.
594 3144 707 3216 Θυσίας
727 3165 758 3206 τε
779 3142 831 3205 καί
854 3142 987 3226 λατρείας
1007 3139 1174 3226 διαφόρους
1194 3149 1234 3230 τῷ
1255 3145 1435 3225 παμβασιλεῖ

281 3250 346 3330 θεῷ
367 3245 399 3308 ἐν
420 3267 456 3331 τη
440 3241 571 3366 ἐρήμᾳ
589 3243 704 3328 προςέφ
680 3267 789 3326 φ,ερον
818 3243 850 3307 ἐν
866 3266 902 3329 τη
888 3247 1089 3330 Ηλατρείᾳ
1053 3268 1106 3325 της
1123 3207 1343 3328 σκηνοπηγίας,
1373 3237 1431 3307 ύκο

280 3443 433 3523 'memo
459 3451 533 3530 γοῦν
557 3449 589 3511 οἰ
611 3443 697 3512 αύτοί
717 3443 855 3510 Ἰουδαῖοι
879 3408 931 3509 καί
952 3445 1138 3570 πρᾳφητικύς
1163 3445 1267 3528 φοονύς
1290 3448 1363 3532 περί
1384 3450 1437 3509 τοῦ

286 3553 418 3632 Χριστοῦ
441 3547 614 3630 ἐρχομένου,
641 3547 801 3632 λεγομένου
824 3545 877 3626 μέν
898 3546 1072 3632 προφήτου,
1101 3545 1186 3625 ὄντος
1207 3547 1240 3613 δέ
1258 3555 1357 3628 θεοῦ,
1387 3546 1438 3612 καί

284 3647 408 3734 αἰγγέλου
427 3647 481 3729 μέν
498 3649 672 3730 κληθέντος,
701 3650 778 3713 υἰοῦ·
789 3647 820 3712 δέ
836 3645 923 3723 ύυτος
938 3656 1031 3727 θεοῦ,
1063 3653 1215 3732 μέλλοντος
1232 3650 1265 3716 δέ
1281 3653 1437 3733 ένανθριο-

285 3750 391 3833 ττήσειν
409 3749 461 3814 καί
484 3750 517 3814 ἐν
538 3747 677 3830 ἀδελφοῖς
699 3747 791 3814 αύτδν
813 3750 1072 3835 ἐγκαταλέγεσθαι,
1105 3747 1147 3827 οῦς
1167 3753 1266 3834 έχουσι
1286 3759 1388 3818 πᾶσαν
1410 3751 1442 3814 αί

285 3860 368 3918 θεῖαι
390 3852 520 3938 γραφαὶ,
549 3850 671 3933 μάλιστα
696 3847 718 3933 ή
743 3857 797 3916 τοῦ
819 3855 1053 3938 Αευτερονομίου
1077 3851 1152 3918 τατύ
1176 3850 1232 3937 τήν
1253 3857 1441 3937 νομοθεσίαν

287 3955 403 4036 πέμπτη
423 3956 540 4037 βίβλος,
561 3953 611 4018 καί
633 3955 771 4035 καθεξῆς.

323 4176 381 4226 Gn.
396 4179 489 4228 lv-
508 4176 533 4229 ί.
550 4179 700 4240 mmm
719 4175 767 4236 Τίς
787 4177 845 4242 μέν·
912 4175 937 4228 3.
956 4179 1030 4228 Verbo
1050 4171 1097 4230 Ἔν
1120 4177 1242 4246 μοναρχίᾳ
1256 4203 1291 4218 -
1310 4204 1347 4219 ···
1365 4172 1445 4244 ονομα

289 4260 326 4297 τοι
342 4259 381 4308 γε.
879 4259 925 4296 που
941 4252 1075 4308 comparent
1092 4247 1118 4296 λπ
1134 4248 1188 4296 τσῦ.
1206 4249 1305 4296 Ραουλί.

322 4309 347 4364 2
366 4310 468 4363 Intuli*
454 4311 569 4402 ονόμσς.
913 4307 938 4363 ί.
954 4309 979 4363 ἐν
997 4311 1142 4396 μοναρχίᾳ
1135 4315 1190 4363 edit.
1206 4315 1307 4364 Patavii.

912 4381 936 4430 ὁ.
954 4381 1061 4432 Fortem
1076 4377 1145 4446 παρὰ
1160 4384 1212 4440 τοῖς
1227 4378 1408 4449 ἐξοχατύτοις
