3018 4994
327 313 461 365 rnnnmt
481 313 542 364 era.
559 314 577 365 ι.
593 313 674 364 ron.
689 313 719 364 n¹
738 311 835 362 enen.
850 311 973 364 xxxin.
1158 300 1220 364 419
1255 367 1261 386 ,

72 437 148 520 qnod
173 435 250 520 plani
273 434 397 498 bominis
419 455 454 496 cc
480 433 633 496 nebulonis
654 443 698 496 est
719 431 817 516 egisse
840 432 992 517 perspicue
1013 431 1219 516 comprobabo.

72 536 182 622 Ecquis
200 537 276 602 enim
295 537 397 600 tertius
415 535 462 598 ille
480 535 565 599 uobis
582 535 652 598 dens
671 546 716 597 est
733 533 838 618 duplici
854 553 893 596 ex
910 534 1098 597 similitudino
1115 533 1220 598 ceurila·

72 651 139 717 tus,
163 640 212 724 qui
231 661 286 702 nnec
303 640 378 704 aller
390 639 461 702 sile
480 637 609 714 dnobus,
633 657 687 700 nec
704 637 866 700 inluscatos
881 635 987 698 natalitia
1003 637 1050 700 vel
1066 635 1220 713 iniustitia,

71 743 184 820 udaie,
218 741 292 820 nlla,
323 761 416 824 neque
435 739 565 804 bonitate
583 739 733 824 lucidoque
752 750 854 802 natura
873 739 1038 821 praeditus,
1067 739 1118 802 scd
1137 739 1222 802 medii

72 843 223 908 cuiusdam
241 844 280 908 sit
297 843 407 906 ordinis
425 843 541 906 iustus'l
584 840 630 906 Ae
647 841 751 904 memto
771 851 800 904 lu
817 839 931 924 quidem
947 840 982 902 ob
999 841 1076 904 omni
1093 851 1223 905 remotus

69 945 181 1010 institia
197 945 263 1030 quid
279 967 315 1010 ea
331 944 369 1008 sit
384 945 516 1029 ignoras,
541 966 606 1008 cum
624 943 697 1006 baruc
715 945 805 1028 ipsam
822 964 839 1006 ιι
857 943 986 1006 bonitate
1001 943 1145 1029 seiungis.
1189 942 1222 1008 lo

71 1070 146 1132 quo,
175 1047 321 1112 lucerinum
340 1048 516 1130 nequissime
535 1068 569 1110 ac
586 1045 720 1109 veritatis
737 1045 953 1124 inimicissime,
978 1049 1123 1112 ntarrilesti
1140 1068 1224 1110 erro·

70 1151 112 1214 ris
132 1151 277 1234 argueris.
322 1147 392 1212 Nun
413 1151 488 1212 enim
509 1149 625 1212 aliunde
645 1169 728 1232 qnam
749 1170 788 1211 en
806 1148 935 1212 bonitate
954 1150 1154 1232 quod-iustum
1174 1171 1223 1235 ap·

70 1252 213 1337 pellamus
233 1252 343 1329 oritur,
377 1251 655 1336 usquequisquam,
690 1248 746 1314 nisi
761 1251 835 1312 idem
853 1252 946 1314 bonus
961 1252 1016 1330 sit,
1049 1273 1115 1315 esse
1130 1251 1224 1316 iustus

71 1354 190 1438 poterit.
236 1351 363 1438 ideoque
386 1354 519 1417 dominus
535 1351 631 1418 Musis
655 1353 747 1436 legem
770 1373 825 1416 sno
844 1353 1000 1437 praeconio
1019 1355 1224 1418 commendans

70 1456 185 1518 aicbat:
219 1461 334 1518 ommis
354 1459 484 1537 sepulcra
502 1460 704 1537 prophetorum
722 1468 752 1517 et
769 1459 925 1536 uedfieetr's
943 1470 1117 1520 monumento
1133 1463 1220 1520 insto·
1234 1468 1318 1566 qlptqtp

70 1581 147 1632 rura,
171 1571 309 1640 elpntree
323 1561 676 1622 oeetriocrtidernntr'llor.
725 1554 810 1621 Unde
826 1559 914 1641 igitur
928 1559 1084 1643 proplietae
1099 1559 1223 1644 iustique
1268 1553 1274 1578 '
1314 1553 1320 1565 ’

72 1661 129 1724 nisi
153 1683 170 1723 a
190 1673 309 1745 parente
329 1661 465 1726 bonitatis
486 1662 668 1724 extiterunt?
708 1661 807 1744 Atque
827 1673 857 1722 ut
874 1661 1053 1746 intelligeres
1072 1663 1177 1725 iustum
1196 1661 1224 1724 iu

71 1763 213 1827 bonitatis
229 1775 310 1849 parte
330 1764 461 1840 versari,
485 1766 613 1838 Semeles,
639 1763 696 1842 nit,
720 1776 807 1826 estote
821 1768 905 1844 petri
919 1776 1010 1826 oestro
1027 1769 1079 1844 qui
1092 1768 1122 1826 in
1139 1766 1375 1834 memnonem.

72 1879 132 1940 est,
165 1871 217 1947 poi
235 1871 310 1928 oriri
319 1869 401 1948 serit
417 1868 503 1928 solem
524 1887 605 1926 suum
626 1887 712 1946 snper
728 1868 813 1928 donoc
829 1877 858 1926 et
872 1869 975 1940 molor,
1009 1879 1039 1928 et
1050 1870 1128 1947 pluit
1140 1888 1226 1946 super

72 1975 163 2031 instes
180 1981 209 2029 et
223 1973 358 2044 ιἰιίιιιιοις
383 1979 414 2031 ιιι
430 1979 461 2032 el
476 1969 582 2031 irtslnm
600 1988 666 2030 esse
684 1967 790 2030 bonnm
807 1979 836 2031 ct
854 1969 960 2030 bonnm
977 1969 1101 2046 iustum,
1126 1977 1156 2031 el
1173 1968 1226 2030 irrr-

72 2071 196 2156 probnm
212 2070 349 2134 iniustum
366 2080 397 2133 et
410 2071 549 2134 iniustum
565 2068 725 2155 innprobum
741 2091 807 2134 esse
823 2080 1012 2134 monstraret.
1057 2067 1134 2134 Nam
1150 2071 1226 2155 quod

72 2173 249 2258 implicatam
274 2193 309 2236 ac
329 2173 497 2259 perplexam
519 2171 613 2256 legem
632 2193 699 2236 esse
719 2173 890 2250 contendis,
922 2172 950 2236 id
969 2171 1086 2236 onrrrino
1107 2173 1226 2236 demon·

71 2287 170 2342 strare
189 2296 246 2340 non
265 2287 364 2361 potes,
397 2297 432 2340 ac
448 2296 500 2360 per
516 2295 673 2352 statianam,
706 2285 738 2337 ιιι
752 2285 888 2360 apparet,
918 2275 1090 2338 calumniam
1107 2274 1182 2336 banc
1199 2273 1226 2336 ei

73 2379 171 2444 labem
187 2379 319 2462 aspergis
333 2399 372 2443 ex
387 2399 422 2442 eo
436 2378 510 2463 qnod
527 2377 565 2440 ita
582 2375 632 2440 lex
647 2376 823 2462 praecipiat:
848 2380 962 2440 Oculum
974 2399 1030 2457 pro
1042 2380 1133 2451 oculo,
1157 2381 1378 2444 den-tantumn.

74 2495 128 2546 tem
143 2502 199 2562 pre
215 2485 312 2556 dente,-
342 2481 428 2546 simul
447 2481 534 2544 etium
553 2481 627 2564 qnod
648 2480 820 2563 parricidam
838 2479 918 2542 iubet
933 2478 1069 2544 interfici.
1114 2476 1226 2544 Verum

73 2603 150 2667 qnae
172 2605 190 2644 a
208 2581 325 2647 domino
344 2581 410 2646 lesu
430 2585 495 2648 dum
513 2583 629 2646 viveret
645 2592 728 2664 gesta
746 2581 1005 2664 administrntnqne
1021 2591 1088 2644 sunl
1105 2579 1227 2644 manile·

75 2686 207 2749 stissime
224 2685 424 2749 demonstrant
442 2684 513 2748 nibil
533 2685 562 2746 in
582 2685 647 2768 lege
667 2703 735 2746 esse
753 2684 921 2768 perplexum
941 2694 991 2746 aut
1009 2681 1177 2767 implicitum
1198 2683 1227 2746 in

74 2807 163 2864 sese,
192 2786 327 2870 idemque
345 2797 493 2872 praestare
513 2807 634 2870 prorsus
652 2788 727 2870 qnod
746 2785 794 2849 illa
814 2785 970 2850 saluatoris
990 2785 1040 2850 lex
1058 2785 1161 2848 efficite
1193 2789 1378 2856 Subtemen.

74 2895 139 2971 pue‘s
151 2894 367 2969 percensentes
381 2895 410 2952 in
423 2894 552 2952 dextrum
566 2892 728 2962 meallen,
748 2889 854 2969 praede
868 2892 915 2949 illi
926 2901 956 2950 et
965 2891 1094 2950 alimum.
1141 2883 1228 2969 Quod

73 2993 170 3076 ipsum
188 2989 240 3053 lex
256 2990 325 3053 olim
344 2991 475 3056 obtinere
495 2991 646 3067 studebat,
678 3012 742 3054 cum
760 2993 798 3053 ita
815 2989 1012 3075 praeriperet:
1045 2991 1161 3052 θιιιιιιιιι
1173 3011 1228 3070 pro

74 3097 159 3158 oculo
172 3101 231 3155 etc.
248 3091 303 3156 boc
317 3103 363 3156 est
377 3094 484 3178 praebe
499 3093 539 3157 illi
553 3091 715 3157 maxillam.
743 3089 821 3156 Nam
836 3102 868 3154 nt
881 3113 931 3154 eas
946 3111 1056 3176 poenas
1072 3091 1226 3175 effugeret,

75 3197 112 3260 cb
130 3215 205 3278 quas
222 3193 246 3258 ai
264 3205 431 3278 percuteret
447 3196 527 3259 luere
544 3205 712 3280 oporteret,
736 3195 904 3258 verberanti
920 3193 1066 3258 maxillam
1083 3193 1228 3279 praebuit,

75 3299 152 3362 baud
167 3297 287 3379 ignarus
302 3295 329 3360 si
343 3297 457 3361 oculum
473 3296 610 3375 eruisset,
634 3299 710 3360 idem
727 3296 781 3359 sibi
798 3317 836 3360 cx
853 3296 917 3378 lege
934 3315 1001 3360 esse
1015 3296 1227 3360 sustinendum.

164 3399 263 3482 Atque
282 3410 312 3462 ut
326 3410 409 3482 pater
424 3399 531 3463 liberos
549 3399 591 3462 sic
607 3398 749 3478 instituit,
772 3410 804 3462 ut
819 3400 854 3463 ad
870 3398 1049 3482 singulorum
1068 3417 1101 3460 sc
1117 3407 1229 3460 aetates
1248 3403 1307 3472 Cap.
1318 3403 1365 3456 xl.
1405 3407 1409 3414 ‘

76 3501 301 3568 accommodans
320 3501 455 3586 paulatim
474 3503 603 3581 erudiat,
635 3524 690 3564 ricc
707 3503 848 3565 inlantrm
865 3502 965 3564 eadem
985 3520 1042 3584 qne
1059 3499 1229 3564 adnleseen-

77 3607 171 3670 tnlum
191 3601 341 3688 disciplina
358 3603 521 3684 contineat,
554 3625 607 3668 nec
623 3605 870 3668 adolescentulum
890 3603 1010 3688 perinde
1027 3621 1062 3666 nc
1079 3602 1227 3679 invenem,

76 3719 126 3772 aut
142 3708 220 3770 bunc
238 3713 270 3766 ιιι
284 3706 403 3772 robusta
420 3706 476 3770 inm
493 3729 526 3770 ac
543 3705 621 3770 virili
637 3716 733 3770 aetate
751 3707 908 3791 praeditum
925 3711 1078 3782 coitrceot,
1101 3703 1229 3788 quinimo

78 3810 217 3873 tcocllum
231 3807 323 3872 adbuc
336 3829 371 3872 ac
387 3829 461 3894 pene
473 3810 627 3872 lactentem
641 3808 730 3892 digito
745 3809 881 3892 castigat,
898 3806 1047 3890 puerulum
1060 3827 1132 3869 vero
1146 3805 1230 3890 pmdo

77 3911 267 3997 grandiorem
284 3910 424 3995 colapbo,
447 3911 518 3974 loris
535 3911 798 3989 adolescentulum,
824 3909 957 3972 iuuenem
974 3906 1066 3992 virgis
1083 3907 1228 3990 obiurgat,

78 4034 170 4098 porro
189 4011 237 4075 ubi
255 4010 302 4074 nir
317 4011 395 4075 inter
411 4012 491 4076 viros
512 4035 577 4076 esse
595 4013 708 4097 coepit,
732 4012 758 4075 si
775 4011 897 4096 granius
913 4011 1045 4094 quiddam
1063 4009 1228 4093 deliquerit,

78 4115 179 4198 gladio
194 4135 234 4178 es
253 4114 317 4196 lege
335 4115 493 4200 plectetur,
517 4115 554 4178 ito
572 4115 706 4180 domiuus
722 4114 877 4198 unicuique
892 4114 1038 4176 bominum
1055 4113 1144 4174 aetati
1161 4131 1231 4174 con·

78 4229 224 4282 sentence
239 4215 437 4301 praescripsit.
484 4213 597 4302 Quippe
618 4228 734 4280 veteres
754 4216 837 4295 illos,
870 4225 1003 4300 tanaquam
1022 4235 1085 4276 cum
1103 4211 1230 4298 puerulis

79 4343 115 4386 ac
133 4319 193 4384 vim
209 4315 305 4382 sancti
321 4317 439 4402 spiritus
454 4317 655 4404 ignorantibus
671 4329 790 4402 ageret,
824 4327 903 4382 metu
920 4339 955 4380 ac
971 4328 1088 4380 terrore
1106 4315 1230 4399 castiga·

78 4422 140 4486 bat.
186 4417 262 4484 Tum
286 4420 508 4504 perfectioribus
530 4419 705 4506 perfectiora
729 4419 868 4504 mysteria
893 4419 1055 4506 proposuit.
1099 4415 1177 4481 Nam
1200 4417 1230 4479 in

82 4521 238 4608 evangelio
255 4521 365 4607 passim
379 4522 420 4588 ita
437 4521 593 4607 discipulos
609 4521 798 4606 compellasse
814 4521 939 4606 legiturc
961 4525 1084 4584 lllecctn's
1101 4523 1229 4604 pnc'dsa·
1242 4531 1382 4587 tamenn.

960 4623 1031 4690 at*
