3008 4996
361 313 495 367 rsuaau
512 313 575 367 nra.
588 316 609 366 r.
624 313 705 367 rous.
719 314 751 365 u.
768 313 867 365 ulan.
881 313 1002 366 xxvsu.
1193 301 1257 365 tta

108 433 209 498 eodem
228 431 332 497 relieto
347 429 445 496 lesum
461 433 629 498 revolasse:
661 431 758 497 lesum
776 453 864 518 porro
886 442 916 495 et
930 431 1038 496 obisse
1055 441 1197 512 mortem,
1227 443 1256 496 et

107 536 256 599 advitam
280 534 438 599 excitatum
463 555 547 599 esses
579 531 729 599 Christum
757 554 829 597 vcro
858 535 907 618 qui
929 534 1121 598 descenderat
1144 552 1256 620 poenae

105 635 199 701 omnis
214 647 366 722 expertem
383 657 420 700 eo
438 636 513 700 unde
531 649 654 700 venerat
670 656 841 716 reversum,
865 637 912 720 qui
930 637 1006 700 idern
1022 637 1071 700 ille
1085 646 1131 700 est
1145 636 1193 719 qui
1206 657 1257 700 co·

105 737 219 802 lumbae
242 737 342 822 specie
364 737 500 822 delapsus
522 740 636 818 luerat3
658 737 699 802 its
719 735 818 801 lesum
840 737 958 800 minime
980 759 1048 802 esse
1069 735 1231 803 Christum.

188 837 301 904 Verum
320 849 351 902 et
367 837 412 902 lsic
429 860 486 902 nou
502 839 598 903 minus
613 860 696 924 quam
712 839 816 924 reliqui
830 860 931 902 omues
949 838 1075 917 excidit,
1099 851 1130 904 ut
1144 839 1252 904 intueri
1277 843 1337 911 cap.
1353 844 1395 939 [ι’

4 1025 5 1042 ἦ
106 941 190 1005 iacile
204 939 328 1026 potestis
344 941 515 1025 quicumque
529 941 663 1005 veritatis
677 961 778 1005 amore
792 940 942 1004 tenemini.
986 939 1064 1004 Nem
1081 961 1146 1006 eum
1164 963 1180 1004 a
1199 961 1255 1025 quo

4 1047 5 1054 ’
105 1041 154 1106 lex
177 1041 284 1106 tradita
307 1041 346 1106 sit
366 1043 472 1106 bonum
494 1053 583 1128 negat
598 1063 683 1121 esse,
715 1042 798 1106 cuius
816 1053 914 1106 tamen
931 1041 987 1126 legi
1004 1042 1104 1126 utique
1121 1053 1255 1126 tanquam

104 1141 200 1206 lonae
223 1143 426 1229 obtemperare
447 1143 575 1208 videtur.
621 1140 679 1226 Qui
702 1164 775 1208 vero
797 1143 952 1223 eosvenit,
982 1155 1015 1207 ιιι
1036 1144 1085 1229 qui
1104 1144 1197 1208 malos
1216 1143 1257 1208 sit

106 1243 211 1308 bonam
228 1246 321 1330 legem
338 1244 582 1330 praescripserit?
624 1243 658 1310 Si
675 1245 752 1308 enim
769 1266 827 1309 uon
843 1245 1016 1324 adulterari,
1040 1245 1087 1310 vel
1104 1266 1162 1308 non
1177 1244 1255 1308 occi·

105 1346 174 1410 dere
191 1358 239 1410 est
254 1347 426 1427 honestum,
450 1357 557 1430 quanto
574 1346 679 1409 melior
693 1347 719 1409 is
736 1347 845 1430 estqui
861 1347 917 1410 ista
934 1346 1098 1432 praecepit,
1121 1345 1188 1409 siis
1205 1345 1255 1430 qui

105 1469 138 1511 ea
154 1469 215 1512 nou
231 1449 377 1512 commisit
391 1447 578 1512 confessione
592 1448 719 1512 omnium
735 1447 828 1512 bonus
844 1447 978 1512 habetur.
1019 1445 1153 1531 Quonam
1169 1457 1253 1532 pacto

105 1549 171 1616 madi
186 1549 336 1614 cuiusdam
353 1549 490 1613 iocinoris
505 1549 638 1614 accusari
653 1559 750 1634 potest
764 1549 812 1634 qui
827 1548 902 1613 bona
919 1549 1056 1626 cousolit,
1080 1569 1114 1612 ao
1130 1560 1188 1612 tam
1201 1547 1255 1612 bo·

105 1673 171 1715 nam
195 1650 290 1734 legem
313 1650 477 1714 hominibus
501 1651 675 1737 descripsit?
718 1649 877 1714 Enimvero
895 1651 1023 1715 furiosos
1045 1661 1075 1714 et
1091 1671 1192 1714 amens
1209 1661 1256 1714 est

105 1753 152 1837 qui
168 1771 206 1816 ea
221 1752 332 1816 iactare
348 1773 408 1816 non
423 1763 469 1816 est
483 1754 607 1816 veritus.
652 1753 750 1837 Atque
765 1753 840 1816 idem
854 1753 915 1832 ille,
936 1751 1091 1830 carissimi,
1115 1751 1182 1831 luit,
1206 1751 1254 1835 poi

105 1855 302 1940 apostolorum
319 1863 450 1938 tempore
465 1854 616 1918 tumultum
631 1855 712 1918 illum
728 1852 888 1931 excitavit,
910 1875 976 1918 cum
991 1851 1116 1917 lacobus
1131 1852 1255 1916 caeteri·

105 1977 159 2042 pne
179 1956 304 2040 apostoli
322 1953 422 2018 literas
439 1955 625 2020 Antiochiam
644 1957 825 2040 scripserunt
842 1955 887 2018 lris
904 1956 1020 2020 verbis:
1052 1959 1186 2033 (tuomum
1208 1977 1254 2016 co·
1266 1968 1316 2011 sec.
1327 1966 1360 2022 ss,
1371 1967 1404 2010 ss.

104 2063 268 2139 memsam,
299 2061 433 2138 quosdam
448 2079 467 2120 a
480 2059 560 2120 codis
575 2063 614 2119 od
628 2079 676 2120 uos
691 2059 919 2140 essepsuscotos,
952 2063 1065 2138 ausique
1081 2079 1129 2118 uos
1140 2068 1254 2138 persm

106 2161 185 2222 losse
202 2160 391 2234 sermondus,
423 2161 522 2240 pasius
538 2181 594 2242 nou
611 2163 801 2221 mendavimus
817 2169 875 2222 etc.
920 2155 1000 2222 ldem
1021 2178 1134 2243 quoque
1152 2177 1252 2221 eorum
1265 2172 1315 2216 set.
1328 2169 1360 2214 ro.

106 2281 181 2326 unns
197 2260 306 2343 estqui
322 2257 460 2324 sePetro
477 2270 690 2346 opposuerant,
714 2283 778 2324 cum
795 2261 977 2324 adsecutum
995 2256 1164 2324 Cornelium
1182 2256 1254 2322 ivia-

105 2374 166 2442 set,
199 2383 216 2425 a
236 2383 294 2447 qoo
315 2373 380 2446 post
399 2361 525 2426 oblatum
547 2362 716 2448 pervisum
736 2362 870 2446 angelum
890 2372 953 2425 erat
971 2360 1141 2426 arcessitus.
1186 2357 1254 2442 Quo

105 2475 236 2550 tempore
254 2462 403 2527 dubitante
420 2461 511 2526 Petro
529 2463 649 2528 linteum
667 2463 736 2528 illud
755 2485 821 2527 cum
840 2463 876 2526 iis
896 2483 968 2547 qnae
987 2461 1155 2525 continebat
1173 2460 1254 2526 obic-

105 2577 181 2630 etom
199 2574 262 2644 cst,
287 2577 317 2628 et
332 2586 350 2628 a
366 2566 482 2628 domiuo
497 2566 573 2630 istud
587 2566 679 2651 ipsum
697 2565 802 2642 audiit,
833 2564 952 2648 nequid
968 2585 1120 2628 commune
1136 2562 1185 2626 rel
1200 2562 1254 2626 im-

105 2687 206 2750 purum
224 2666 394 2752 appellaret.
440 2664 535 2750 lgitur
546 2664 707 2730 Cerinthus
723 2666 960 2730 circumcisorum
974 2685 1093 2750 gregem
1110 2665 1254 2728 adversus

106 2765 224 2832 Petrum
244 2777 440 2833 revertentem
457 2769 614 2832 commorit
632 2766 864 2852 Hierosolymis,
895 2767 1011 2832 dicens:
1042 2772 1193 2847 Ingressus
1209 2775 1391 2834 astacenus.

106 2873 146 2930 sd
157 2875 232 2932 edos
245 2875 423 2950 praepatium
437 2872 579 2932 dotem.
626 2867 711 2952 Quod
730 2868 844 2954 quidem
858 2868 894 2932 als
911 2889 947 2932 eo
961 2870 1067 2932 lactum
1084 2878 1146 2945 est,
1170 2877 1253 2931 aule·

105 2991 187 3055 quam
204 2991 289 3034 suum
305 2971 335 3034 in
349 2971 424 3034 Asia
441 2973 546 3056 dogma
563 2971 761 3056 praedicaret,
791 2991 882 3055 seque
898 2971 928 3034 io
945 2971 1030 3034 exitii
1046 2968 1092 3033 sui
1108 2968 1252 3055 gurgitem

104 3072 275 3156 profundius
293 3072 473 3137 immitteret.
519 3071 594 3137 Nam
612 3093 677 3136 cum
693 3072 883 3136 circumcisus
901 3073 946 3136 lsic
962 3082 1059 3151 esset,
1089 3081 1121 3134 ut
1137 3091 1188 3134 eos
1204 3069 1254 3153 qui

104 3184 219 3238 retemo
239 3174 389 3258 praeputio
406 3174 505 3238 ideles
524 3184 609 3238 eraut
628 3175 837 3254 ulcisceretor,
867 3174 1052 3239 occasionem
1069 3192 1087 3236 e
1103 3171 1255 3236 circumci-

106 3275 187 3340 sione
209 3285 315 3340 nactus
337 3285 395 3339 est.

186 3373 249 3442 Sed
267 3398 331 3440 cum
348 3377 482 3440 domiuus
497 3375 615 3443 humani
633 3377 752 3462 generis
770 3399 868 3442 curam
887 3386 1026 3463 perpetuo
1041 3386 1144 3460 gerat,
1174 3386 1205 3438 et
1221 3375 1252 3438 in
1269 3379 1331 3447 cep.
1342 3379 1386 3430 tlt.

106 3479 239 3543 veritatis
253 3480 415 3544 amantibus
431 3478 497 3543 liliis
510 3492 618 3544 certam
631 3502 666 3543 ac
681 3491 863 3544 constantem
877 3479 955 3543 illius
973 3480 1056 3543 iidem
1075 3476 1205 3541 stabilire
1219 3497 1253 3540 sc

104 3582 277 3644 confirmare
298 3581 409 3659 soleat,
441 3603 507 3646 cam
526 3581 712 3647 sanctissimo
731 3582 863 3667 apostolo
880 3578 970 3644 Petro
989 3579 1158 3644 condolendi
1173 3578 1253 3643 illios

105 3681 272 3746 laenitatem
298 3703 332 3746 ac
357 3682 500 3748 rationem
526 3683 672 3762 dedisset,
706 3683 861 3748 manifeste
887 3675 1019 3746 omnihus
1046 3692 1092 3745 est
1117 3677 1252 3746 Corinthi

106 3793 255 3869 comperta
267 3783 423 3848 stoliditas.
453 3782 498 3848 lta
512 3784 589 3849 euim
602 3785 753 3870 spostolus
766 3784 881 3849 locutos
895 3795 958 3848 est:
976 3789 1041 3864 Ego
1052 3805 1128 3846 eram
1140 3788 1170 3844 sis
1184 3786 1253 3844 csiu'-
1265 3791 1313 3834 se.
1328 3788 1360 3842 ¹¹.
1375 3788 1389 3830 ι

106 3893 161 3948 tete
171 3891 275 3968 Ioppe:
296 3899 324 3950 et
333 3889 394 3948 midi
403 3891 492 3950 mesu
506 3890 568 3949 luce
579 3891 658 3950 cirea
670 3891 767 3949 dorem
779 3899 887 3950 sectam
901 3890 1014 3948 sermm
1031 3897 1152 3966 quotuor
1164 3887 1253 3946 ιἠιιϋε
1302 3853 1351 3896 'qq'

106 3992 244 4050 committi
261 3992 296 4050 de
316 3993 409 4063 coelo,
442 3993 471 4052 irs
495 4011 550 4070 quo
571 3999 656 4051 mont
674 3994 766 4051 muro
787 3991 977 4070 quadrupedes
997 3999 1026 4049 et
1045 3989 1168 4067 reputem
1213 3989 1256 4047 Et

105 4090 179 4150 dats
195 4093 280 4163 mr'ds',
313 4095 413 4153 Occsile
433 4102 463 4152 et
477 4095 622 4153 manduco.
666 4095 740 4154 uter·
754 4102 863 4166 cotem,
893 4095 1093 4172 Nequaquam,
1125 4091 1251 4162 domme,-

105 4195 171 4269 qsu's
186 4194 263 4252 or‘dil
278 4213 398 4275 anquam
413 4215 554 4256 commane
571 4196 617 4254 cel
632 4195 800 4254 immundum
818 4197 991 4256 introieritis
1006 4213 1038 4253 os
1055 4211 1154 4252 mersus.
1200 4193 1253 4252 lle·

104 4297 218 4372 spondit
229 4306 321 4356 actem
341 4297 413 4356 ms'di
426 4317 483 4356 com
500 4299 535 4356 de
552 4297 628 4356 coelo
637 4339 646 4368 ,
673 4297 749 4373 (istoc
766 4297 834 4356 deus
850 4299 1008 4368 musdocs't,
1034 4304 1065 4354 ιιι
1082 4315 1118 4354 ne
1133 4313 1253 4354 commu-

103 4398 153 4454 uio
168 4399 285 4458 m'oerm.
332 4401 373 4460 dit
387 4400 530 4481 consessts'm
550 4419 614 4460 ecce
630 4400 685 4458 duo
701 4399 759 4459 osia'
773 4402 926 4460 osts'tersssst
942 4401 971 4459 s‘u
989 4400 1078 4458 domo.
1125 4399 1164 4457 Et
1180 4397 1256 4456 dicit
