3010 5000
253 293 314 354 512
671 303 792 356 εκκοτι
810 304 976 356 κειειικεειι

255 419 351 484 Πάλιν
366 420 398 484 δέ
413 417 481 484 ἀλλο
495 417 708 506 συνταγμάτων
725 418 898 486 πλάττουσιν
914 422 945 498 &g
962 417 1105 503 όνόματος
1122 419 1243 486 Παύλου
1256 423 1323 504 τοῦ
1333 415 1403 484 ἀπο·

254 522 375 601 στόλου,
406 520 617 608 ἀρρητουργίας
634 525 780 604 ἔμπλεων,
810 515 834 610 ᾦ
852 525 903 588 καλ
919 526 951 588 ολ
965 524 1126 590 Γνωστικολ
1143 520 1295 607 λεγόμενοι
1311 528 1402 602 χρῶν-

254 652 316 702 ται,
346 623 363 690 δ
377 622 568 706 Ἀναβατικόν
586 624 710 690 Παῦλον
725 633 860 704 καλοῦσι,
891 623 946 708 τὴν
959 624 1111 710 πρόφασιν
1125 622 1259 709 ἐύρόντες
1273 621 1339 690 ἀπό
1352 628 1403 687 τοῦ

254 727 345 811 λέγειν
358 724 411 792 τόν
425 725 588 793 ἀπόστολον
604 724 817 810 ἀναβεβηκέναι
832 729 887 802 ἕως
900 732 999 813 τρίτον
1017 724 1156 813 ούρανοῦ,
1176 729 1227 792 καλ
1243 723 1403 808 ἀκηκοέναι

254 827 366 912 άρρητα
385 829 515 913 βήματα,
546 826 638 894 ἀοῦκ
658 827 723 906 ἐξόν
740 826 892 918 ἀνθρύπμ
908 837 1036 912 λαλῆσαι.
1081 831 1140 894 Kal
1158 837 1265 908 ταῦτα,
1299 830 1402 909 φασίν,

255 932 314 996 έστῖ
335 929 370 995 τά
393 929 503 1016 άρρητα
524 930 648 1014 βήματα.
693 929 876 998 Διδάσκουσι
893 932 924 997 δὲ
941 939 1032 998 ταῦτα
1050 933 1100 998 καῖ
1116 929 1152 998 τά
1165 939 1305 1011 τοιαῦτα,
1335 928 1403 1004 τούς

256 1031 403 1118 πονηρούς
416 1039 564 1115 τιμῶντες,
586 1036 636 1098 καὶ
651 1032 721 1108 τοῦς
736 1032 870 1118 ἀγαθούς
884 1033 1122 1120 ἀπαγορεύοντες.
1167 1031 1254 1098 Είναι
1268 1032 1341 1119 γάρ,
1365 1029 1404 1108 τῖς

256 1145 413 1219 προεῖπον,
442 1133 494 1201 τόν
517 1135 596 1201 Κάϊν
615 1143 667 1219 τῆς
689 1139 873 1222 ἰσχυροτέρας
894 1136 1073 1220 Δυνάμεοτς,
1102 1137 1153 1201 καλ
1174 1135 1226 1202 τόν
1238 1133 1332 1218 Ἀβελ
1354 1142 1404 1216 τῆς

257 1235 472 1323 ἀσθενεστέρας.
520 1237 634 1314 Ταύτας
650 1239 682 1304 δὲ
698 1237 749 1314 τάς
765 1238 914 1322 Δυνάμεις
929 1246 966 1330 τῇ
978 1236 1047 1326 Εύρι
1061 1241 1292 1324 προςιιλιικείσας
1310 1263 1403 1323 γεγεν-

257 1342 377 1422 νηκέναι
392 1339 443 1406 τόν
461 1338 540 1405 Κάῖν
557 1343 609 1407 καλ
624 1338 785 1422 τόν”Αβελ,
815 1343 866 1406 καλ
882 1339 958 1406 εἶναι
972 1349 1026 1424 τῆς
1043 1341 1095 1424 μέν
1109 1339 1162 1406 τόν
1178 1339 1270 1418 Κάῖν,
1302 1347 1358 1422 τῆς
1373 1339 1403 1402 δέ

256 1440 413 1524 κύν”Αβελ
457 1440 546 1508 Εἶναι
568 1443 599 1507 δὲ
621 1440 672 1508 τόν
687 1440 779 1524 Ἀδάμ
797 1446 848 1508 καλ
866 1441 920 1526 τὴν
937 1442 1023 1508 Εῦαν
1040 1440 1099 1508 ἀπό
1118 1449 1177 1508 τοῖν
1193 1439 1338 1508 τοιούτων
1354 1447 1401 1506 δν-

256 1544 389 1628 νάμεων,
418 1548 513 1610 ελτουν
535 1542 676 1630 ἀγγέλων,
707 1548 947 1631 γεγεννημένους,
976 1547 1026 1612 καλ
1043 1543 1112 1621 τοῦς
1126 1547 1321 1630 γεννηθέντας
1337 1552 1402 1608 ιιαῖ

257 1653 326 1726 δας,
351 1646 430 1712 Κάῖν
444 1649 474 1712 τέ
488 1674 564 1730 φημι
579 1645 741 1729 καλ”Αβελ,
764 1650 858 1733 έρίσαι
875 1647 951 1734 πρός
964 1645 1120 1729 ἀλλήλους,
1142 1649 1194 1712 καλ
1205 1646 1258 1712 τόν
1273 1672 1402 1733 γεγεννη-

258 1753 347 1834 μένον
365 1747 423 1816 ἀπό
444 1753 561 1834 ίσχυρῦς
578 1748 740 1832 Δυνάμιος
756 1752 970 1831 πεφονευκέναι
989 1747 1042 1816 τόν
1061 1748 1120 1817 ἀπό
1138 1757 1190 1833 τῆς
1206 1748 1328 1832 ἥττονος
1342 1757 1401 1813 Δυ-

257 1851 371 1936 νάμεας
391 1854 440 1916 καλ
463 1849 679 1936 ἀσθενεστέρας.

124 1973 191 2040 Κεφ.
208 1967 239 2037 β.
347 1953 389 2018 Τά
408 1955 439 2020 δὲ
455 1953 529 2020 αύιά
547 1952 674 2036 μυθιόδη
688 1957 738 2020 καί
757 1947 840 2020 οῦτοι
856 1955 1073 2039 παραπλέκουσι
1089 1962 1127 2044 τῇ
1146 1957 1214 2039 περὶ
1231 1961 1288 2020 τοῖν
1305 1951 1401 2019 αύτιῦν

138 2067 188 2112 Μ·
201 2053 246 2096 ²²⁸·
261 2061 440 2143 δηλητηρίων
456 2063 507 2138 τῆς
522 2053 665 2142 ἀγνωσίας
680 2056 775 2134 δόσει,
798 2066 860 2134 τοῖς
877 2058 1066 2138 πειθομένοις
1084 2057 1335 2140 ἐπιβουλεύοντες·
1356 2054 1400 2120 ῦτι

261 2164 307 2226 δεῖ
319 2159 414 2224 πάντα
431 2157 592 2244 ἀνθρωπον
605 2161 698 2248 ἐαυτῷ
713 2161 831 2226 ἑλέσθαι
844 2159 897 2243 τήν
914 2162 1101 2245 ἰσχυροτέραν
1114 2159 1264 2242 Δύναμιν,
1286 2159 1338 2224 καλ
1351 2165 1401 2238 τῆς

258 2263 381 2344 ἥττονος
398 2263 447 2326 καλ
466 2258 573 2327 ἀτόνου
590 2258 836 2346 ἀποχωρίζεσθαι,
857 2264 985 2328 τουτέστι
1002 2269 1054 2345 τῆς
1071 2260 1121 2327 τόν
1138 2259 1266 2347 οῦρανδν
1279 2259 1399 2344 ποιησά-

260 2384 326 2445 σης,
356 2365 406 2428 καῖ
422 2360 476 2445 τὴν
492 2362 586 2448 σάρκα
600 2365 651 2428 καλ
667 2361 719 2430 τόν
734 2362 859 2446 κόσμον,
887 2366 939 2430 καλ
953 2361 1140 2449 ὑπερβαίνειν
1159 2367 1200 2441 τίς
1215 2363 1251 2430 τά
1269 2361 1399 2428 ἀνόπαια

204 2447 215 2464 ’
261 2465 310 2530 διά
322 2473 374 2548 τῆς
387 2471 440 2530 τοῦ
457 2472 586 2551 Χριστοῦ
600 2465 795 2551 σταυρύσεοις.
828 2464 887 2532 Διά
902 2465 957 2552 γάρ
972 2473 1067 2546 τοῦτο,
1088 2468 1205 2546 Ιφασίν,
1221 2459 1314 2548 ἦλθεν
1327 2463 1398 2530 ἀνιο-

261 2579 331 2648 θεν,
352 2571 401 2632 ῖνα
419 2570 451 2632 έν
469 2565 547 2656 αύτῷ
565 2571 733 2657 ἐπιτελεσθῇ
751 2566 884 2651 Δύναμις
901 2568 1018 2654 ἰσχυρά,
1039 2566 1112 2634 κατά
1129 2577 1182 2650 τῆς
1196 2566 1398 2650 ἀσθενεστέρας
1413 2655 1417 2660 ι

263 2668 425 2752 Δυνάμειος
439 2673 471 2736 τό
490 2668 630 2755 τρόπαιον
644 2674 774 2753 λαβοῦσα
789 2674 840 2736 καλ
856 2669 888 2736 τό
905 2679 989 2754 σῶμα
1003 2675 1185 2758 παραδοῦσα.
1229 2672 1290 2734 Καλ
1305 2673 1338 2735 οῖ
1350 2671 1398 2752 μέν
1422 2659 1430 2672 “

262 2769 360 2837 αύτοῦν
376 2779 462 2839 τοῦτο
478 2774 625 2858 λέγουσιν,
648 2771 727 2837 ἀλλοι
744 2773 775 2836 δὲ
792 2771 870 2838 ἀλλα.
917 2777 957 2838 Os
970 2773 1022 2856 μέν
1035 2772 1091 2858 γάρ
1105 2775 1219 2858 λέγουσι
1232 2769 1282 2838 διά
1299 2770 1333 2838 τό
1349 2797 1397 2836 πο-

260 2873 351 2960 νηρόν
367 2871 441 2940 εἶναι
457 2873 509 2942 τόν
529 2873 657 2960 Χριστόν
672 2879 881 2959 παραδοθῆναι
897 2873 987 2942 αῦτόν
1001 2873 1061 2942 ῦπό
1077 2882 1153 2942 2τοῦ
1167 2874 1278 2954 Ἰούδα,
1300 2871 1398 2958 βουλό-

261 3003 349 3062 μενον
366 2979 549 3063 διαστρέφειν
569 2976 605 3042 τά
622 2975 697 3043 κατά
714 2975 767 3043 τόν
784 2976 884 3060 νόμον.
925 2975 1096 3043 Ἐπαινοῦσι
1114 2977 1169 3062 γάρ
1186 2975 1238 3042 τόν
1258 2977 1338 3042 Κάῖν
1353 2977 1398 3040 καλ

260 3079 312 3146 τόν
325 3077 450 3158 Ἰούδαν,
474 3077 514 3156 οῖς
527 3082 613 3161 έφην,
633 3081 683 3145 καλ
695 3081 820 3165 λέγουσι,
847 3078 961 3146 Τούτου
974 3082 1069 3145 ένεκεν
1083 3081 1291 3163 παραδέδωκεν
1304 3076 1398 3154 αύιόν,

261 3182 361 3265 ἐπειδὴ
382 3180 522 3264 ἠβούλετο
544 3180 698 3248 καταλύειν
723 3179 759 3246 τά
782 3189 878 3257 καλοῖς
898 3183 1097 3267 δεδιδαγμένοι.
1136 3179 1236 3246 Ἀλλοι
1261 3181 1293 3246 δέ
1322 3186 1399 3244 ’τοῖν

262 3285 361 3350 αύτῦν
375 3281 439 3368 ούχί
453 3305 560 3365 φασιν,
583 3281 653 3347 ἀλλά
669 3281 785 3369 ἀγαθάν
799 3281 889 3350 αύτόν
906 3281 977 3350 όντα
992 3284 1145 3368 παρέδωκε
1160 3281 1234 3350 κατά
1248 3283 1303 3366 τὴν
1317 3286 1397 3349 ἕπον·

262 3386 365 3470 ράνιον
378 3391 494 3472 γνῶσιν.
528 3384 682 3472 Ἔγνωσαν
696 3384 766 3472 γάρ,
789 3387 920 3467 4φασίν,
944 3384 1135 3471 οῖ”Αρχοντες
1148 3384 1207 3462 ότι,
1231 3382 1318 3452 έάνό
1335 3391 1399 3468 Χρι·

261 3487 329 3565 στός
350 3493 511 3578 παραδοθῇ
535 3495 665 3576 σταυρῷ,
697 3495 833 3554 κενοῦιαι
853 3486 951 3553 αῦτοῖν
973 3485 994 3569 ἡ
1017 3487 1169 3570 θάσθενιίς
1189 3487 1328 3572 δύναμις·
1354 3487 1397 3552 καλ

260 3599 364 3670 τοῦτο,
396 3594 510 3670 ομασλ,
538 3589 627 3675 γνούς
649 3588 666 3656 ό
685 3589 798 3666 Ἰούδας
822 3593 942 3656 έσπευσε
965 3593 1015 3656 καλ
1040 3589 1136 3655 πάντα
1158 3593 1305 3674 ἐκίνησεν,
1335 3588 1399 3664 ἀςτε

262 3698 450 3778 παραδοῦναι
470 3690 576 3770 αύτόν,
608 3690 726 3778 ἀγαθόν
747 3695 832 3776 έργον
853 3692 979 3775 ποιήσας
999 3685 1070 3776 ἦμῖν
1091 3696 1132 3768 είς
1149 3698 1302 3777 σωτηρίαν.
1344 3689 1398 3798 ξεί

263 3799 309 3859 δεῖ
326 3793 404 3876 ἡμᾶς
425 3797 567 3874 ἐπαινεῖν,
598 3797 648 3860 καλ
666 3792 840 3860 ἀποδιδόναι
862 3792 942 3883 αύτῷ
962 3793 1014 3862 τόν
1030 3798 1164 3874 ἔπαινον,
1196 3795 1243 3860 ῦτι
1260 3791 1297 3860 δι’
1314 3789 1396 3858 αύτοῦ

262 3895 482 3979 κατεσκευάσθη
502 3895 573 3980 ἡμῖν
594 3894 615 3978 ἡ
636 3903 688 3963 τοῦ
705 3903 833 3981 σταυροῦ
849 3901 991 3982 σωτηρία,
1023 3899 1073 3962 καλ
1093 3895 1114 3980 ἡ
1135 3895 1185 3962 διά
1201 3905 1254 3979 τῆς
1269 3893 1395 3974 τοιαύτης

261 3995 435 4074 ἀποθέσεως
450 4007 509 4065 τοῖν
525 3998 586 4065 ἀνω
603 3997 796 4079 ἀποκάλυψις.
841 3997 925 4064 Κατά
940 3999 1037 4064 πάντα
1053 3999 1085 4064 δὲ
1101 3997 1214 4081 τρόπον
1229 3992 1312 4064 οῦτοι
1326 3991 1393 4080 ἠπά·

261 4127 377 4184 τηνται,
400 4099 454 4166 οῦκ
470 4100 587 4187 ἀγαθόν
602 4128 667 4166 τινα
682 4109 822 4184 τιμοῖντες
838 4099 859 4183 ἢ
875 4103 1071 4177 ἐπαινοῦντες·
1094 4106 1182 4184 δῆλον
1198 4103 1230 4167 δέ
1243 4099 1288 4168 ότι
1304 4103 1335 4165 έκ
1349 4099 1393 4162 τοῦ

263 4203 405 4286 διαβόλου
422 4203 521 4280 αύτοῖς
537 4211 629 4269 ταῦτα
644 4200 842 4290 ύπέσπαρται,
871 4202 907 4268 τά
923 4210 977 4286 τῆς
994 4200 1114 4290 ἀγνοίας
1127 4205 1201 4288 λέγω
1218 4205 1268 4270 καλ
1283 4199 1390 4280 ἀπάτης·

265 4309 435 4391 Πληροῦται
457 4307 489 4371 δὲ
508 4303 553 4372 ἐπ’
567 4304 668 4383 αύτοῖς
682 4303 715 4371 τό
731 4307 945 4392 γεγραμμένον,
971 4303 1049 4372 Ούαλ
1063 4315 1126 4382 τοῖς
1138 4307 1254 4392 λέγουσι
1267 4304 1299 4372 τό
1315 4297 1391 4370 κτλόι

297 4457 355 4509 Gn.
368 4459 411 4509 111.
425 4491 458 4500 -
473 4460 494 4513 1.
506 4461 581 4529 φασλι
593 4466 701 4527 rescripsi
713 4467 816 4532 μτοφηὲ
882 4463 907 4514 2.
924 4464 969 4517 τοῦ
985 4467 1095 4514 Ριιανὶεα
1111 4478 1141 4514 ιο
1158 4465 1209 4514 τοῦ.
1224 4465 1296 4514 ναίει.
1309 4457 1388 4510 M·

264 4525 318 4592 αλκ,
335 4529 398 4589 quod
414 4529 466 4579 λιλνι
481 4532 572 4582 habent.
882 4531 906 4584 3.
923 4532 974 4585 τῶν
991 4535 1082 4583 uncinis
1099 4535 1188 4583 τοιανιι
1204 4533 1317 4583 Ριιτνιαι
