3008 4996
309 273 443 326 sanauit
461 275 524 326 uta.
537 275 555 325 l.
571 275 652 326 T0bl.
665 275 696 325 ll.
714 273 811 325 llell.
825 275 948 327 xxvnt.
1138 267 1199 328 '225

63 403 149 458 sante
170 403 281 471 morte,
313 393 471 477 siqnidem
491 391 689 456 catechumeni
709 392 783 471 sint,
813 415 847 458 ea
863 415 914 480 spe
934 395 1002 460 irati
1018 415 1102 460 sacra
1118 396 1197 460 lara·

62 494 130 559 tione
150 507 328 580 purgantur,
360 515 396 558 ac
412 504 542 558 mortuus
559 503 744 558 surrecturos
766 513 832 558 esse
849 496 1066 575 demonstrant,
1096 497 1132 560 ob
1153 499 1197 561 id-

62 617 109 679 que
130 597 344 661 condonatione
365 595 416 660 illa
436 595 579 659 scelerum
602 615 675 680 quae
696 615 748 680 per
767 595 937 681 baptismum
957 597 1105 662 obtinetur
1122 601 1197 664 indi·

60 718 131 780 gere.
179 695 239 763 Sed
256 698 371 762 illorum
390 697 437 761 alii
459 697 585 760 nondum
604 692 752 762 Christum
768 699 934 762 surrexisse
953 702 1137 784 praedicant,
1161 724 1195 766 ac

62 819 115 862 cum
138 802 265 864 caeteris
291 799 424 862 omnibus
447 818 515 862 esse
536 809 751 876 surrecturam,
784 799 832 861 alii
855 811 985 865 mortuos
1011 814 1195 867 surrecturos

60 918 175 984 unquam
200 901 328 964 tantitas
351 909 471 984 negant.
524 897 624 983 ltaque
652 887 783 963 medianal
800 902 941 984 quoddam
966 903 1023 965 iter
1044 904 1195 987 ingressus

60 1003 199 1084 apostolus
224 1024 289 1066 cuna
311 1012 450 1085 utrosque
474 1001 557 1078 illus,
590 1009 649 1064 tum
671 999 798 1084 reliquas
816 1023 917 1065 omnes
937 1002 1074 1067 haereses
1093 1007 1194 1069 eadem

60 1122 137 1185 opera
154 1103 309 1180 disturbat,
333 1125 397 1166 curn
415 1103 450 1165 de
465 1113 644 1166 mortuorum
663 1101 841 1166 excitatione
856 1104 992 1189 disputat,
1016 1115 1103 1190 atque
1117 1108 1196 1171 eius-

59 1205 125 1266 modi
141 1205 318 1268 testimoniis
334 1204 426 1268 utitur
440 1203 544 1286 quibus
559 1202 726 1286 singiliatim
742 1205 885 1289 expositis
901 1217 1079 1270 mortuorum
1097 1229 1195 1272 resur-

59 1306 209 1370 rectionem
227 1327 261 1370 ac
278 1305 400 1369 salutem
418 1315 447 1368 ct
465 1325 546 1390 spem
563 1315 691 1368 nostram
710 1305 892 1370 solidissimis
910 1307 1073 1371 rationibus
1089 1311 1195 1372 contir-

60 1417 126 1484 mat‚
150 1407 196 1471 bis
215 1407 332 1471 verbis:
363 1411 479 1486 Oportet
494 1409 546 1466 boc
562 1407 744 1486 corruptibile
759 1409 874 1469 abducre
890 1413 1139 1490 incorruptionem,
1166 1424 1195 1473 et
1212 1429 1267 1476 utu.

58 1509 101 1568 loo
116 1513 234 1571 mortale
250 1513 366 1571 abdam
379 1510 623 1570 cinmcrlulr'totern.
669 1506 715 1570 Ac
734 1528 860 1587 rursum,
888 1513 1020 1572 Obrcbacc
1034 1519 1194 1574 recurrerit

55 1615 189 1688 pninr'b'ce
202 1615 409 1682 dormientium,
433 1619 464 1672 ut
477 1607 626 1670 ambarum
642 1607 810 1672 haereseum
826 1607 1067 1694 respondentibus
1082 1613 1137 1676 sibi
1154 1633 1194 1677 ex

58 1711 173 1776 adverso
199 1710 384 1797 opinionibus
408 1710 558 1774 convulsis
580 1729 682 1774 veram
702 1729 737 1772 ac
760 1709 904 1774 sinceram
924 1707 1108 1776 Christianae
1127 1716 1192 1778 lidei

57 1811 227 1898 disciplinam
249 1812 286 1876 iis
310 1812 437 1876 traderet
458 1812 505 1896 qui
527 1810 653 1876 divinam
677 1811 828 1875 veritatem
851 1812 1064 1898 salutaremque
1086 1816 1192 1879 doctri-

57 1933 112 1978 nam
133 1915 246 1979 vellant
267 1915 430 2000 percipere.

128 2015 279 2100 Quocirca
299 2014 497 2100 deprehensus
517 2013 643 2098 undique
661 2009 819 2078 Cerintbus
840 2035 876 2078 ac
894 2016 1045 2080 convictus
1061 2027 1188 2092 tenetur,
1208 2013 1268 2094 cip.
1286 2031 1339 2083 t'tt.

55 2138 102 2181 aaa
118 2141 183 2182 cum
203 2118 258 2197 iis,
290 2116 339 2202 qui
357 2116 458 2180 eudem
481 2115 511 2178 in
528 2135 630 2179 errore
646 2125 819 2196 versantur,
848 2115 981 2181 iulalioes
998 2117 1129 2184 bomines
1147 2132 1191 2184 at-

55 2242 103 2302 que
123 2221 254 2285 eiusdem
276 2239 374 2282 secum
401 2217 486 2280 exitii
512 2217 576 2282 aliis
598 2215 717 2301 insuper
737 2227 872 2282 auctores
894 2219 998 2304 quippe
1026 2241 1090 2286 cum
1120 2223 1190 2287 baec

55 2324 141 2388 omnia
161 2341 266 2386 sacrae
288 2319 390 2384 literae
409 2318 561 2404 perspicue
580 2327 772 2401 accurateque
792 2317 876 2381 nobis
893 2320 1067 2386 edisserant.
1111 2321 1189 2388 Nara

54 2444 138 2508 neque
162 2425 200 2487 de
221 2420 339 2506 losepbi
360 2421 472 2484 semine
495 2429 581 2484 natus
609 2429 653 2482 cst
675 2413 826 2483 Christuse
858 2419 907 2503 qui
929 2422 1005 2485 enim
1028 2425 1189 2508 prodigium

55 2537 143 2606 posset
166 2525 245 2588 illius
267 2543 335 2586 esse
356 2521 526 2606 generatio,
561 2542 596 2584 ac
618 2520 692 2604 quud
715 2519 752 2584 ab
777 2517 853 2582 lsaia
875 2521 982 2586 dictum
1004 2533 1050 2586 est
1072 2525 1187 2610 pmbari
1268 2523 1270 2526 ’

53 2628 161 2690 omniuo
178 2626 299 2711 posset?
339 2627 474 2687 Domrnne
490 2627 549 2703 r'pm
564 2623 642 2684 dubit
657 2623 734 2683 voto
748 2625 876 2702 acquum:
906 2627 982 2685 Ecce
997 2629 1078 2706 vargo
1095 2632 1188 2689 conci·
1199 2647 1261 2694 asar.
1273 2653 1294 2708 r,
1305 2655 1335 2699 n.

49 2733 116 2807 piet,
146 2741 175 2790 et
187 2728 388 2808 porr'etfilr'arn
407 2734 463 2788 etc.
509 2721 643 2806 Quanam
660 2743 733 2786 vero
751 2723 862 2786 ratione
880 2725 978 2808 perlici
996 2726 1103 2810 poterit
1118 2727 1187 2792 illud

51 2831 120 2911 qaod
138 2827 268 2892 Gabricli
286 2827 369 2910 virgo
386 2823 570 2890 sanctissima
589 2823 679 2888 dixit:
711 2828 849 2902 Quomodo
860 2829 921 2906 fiet
937 2831 1028 2901 btnd,
1059 2834 1323 2911 montemaureum.

52 2935 133 2992 rrinn
148 2953 204 2994 non
219 2932 379 3009 cognosco?
420 2921 543 2990 cointe
559 2925 725 3011 respondite
748 2929 873 3006 Spe-rao
885 2939 1001 2989 rancura
1014 2937 1190 3009 ramaneant

51 3037 132 3106 ubre,
164 3043 197 3093 et
210 3035 300 3092 wenc
316 3031 448 3090 clasnbn'
460 3028 634 3088 obumbrabit
649 3027 703 3088 nti
720 3035 777 3089 cto.
821 3023 930 3092 Nonne
951 3029 1067 3094 illorum
1089 3051 1128 3095 ex
1149 3051 1186 3096 eo

50 3133 161 3196 stultitia
183 3131 269 3196 lacilc
291 3129 490 3207 convincitur,
521 3129 596 3212 quod
619 3127 727 3191 diserte
747 3127 777 3190 in
794 3129 948 3212 cvangelio
965 3129 1109 3216 scriptum·
1127 3144 1184 3212 ert,

51 3239 158 3297 lcoectu
170 3245 224 3296 'eet
244 3237 273 3294 r'n
292 3243 371 3292 atero
389 3233 493 3291 babens
511 3241 658 3311 antequam
677 3235 874 3292 macerarent?
915 3227 988 3294 lllud
1008 3243 1103 3297 autem
1121 3255 1185 3298 ccr-
1197 3255 1280 3303 Murra.

51 3334 185 3400 tissimum
202 3343 268 3411 est,
299 3352 444 3416 uunquam
459 3331 526 3394 illos
544 3331 662 3394 omniuo
680 3331 865 3394 convenisse.
909 3331 998 3396 Absit
1014 3334 1090 3397 enim
1109 3346 1141 3398 ut
1157 3338 1185 3400 id
1209 3309 1229 3364 ¹’
1243 3311 1272 3352 ¹⁸

51 3457 168 3521 anquam
183 3436 326 3499 dicamus.
371 3433 490 3516 Alioqui
505 3453 568 3496 cum
584 3431 615 3494 iu
629 3451 716 3496 cruce
732 3433 887 3516 penderet,
909 3453 967 3496 nun
983 3446 1085 3499 sanctu
1100 3433 1186 3500 loan-

48 3539 89 3616 ni,
118 3539 168 3624 qni
189 3535 304 3620 etipse
326 3533 519 3619 virginitatem
538 3533 685 3610 servarit,
717 3543 837 3596 matrem
857 3535 1073 3599 commendaret
1088 3558 1183 3618 snam,

50 3661 107 3702 mm
121 3640 162 3703 ita
178 3640 294 3703 locutus
310 3649 372 3700 est:
394 3639 469 3696 Ecce
482 3647 572 3696 mater
587 3646 645 3696 tec.
686 3631 727 3698 Et
742 3633 817 3697 illam
832 3634 1001 3718 alloquens:
1018 3641 1185 3718 Eccefilr'cn
1199 3652 1274 3747 qqaqq.

49 3753 116 3803 nus.
165 3739 251 3804 llanc
268 3739 345 3802 enim
360 3737 407 3801 vel
423 3736 554 3821 cognatis
570 3736 631 3799 suis
647 3734 980 3818 committereoportuit,
1002 3739 1049 3802 vel
1067 3735 1184 3824 losepbi
1223 3737 1230 3758 ’
1269 3737 1274 3749 '

47 3840 158 3918 liberis,
182 3841 210 3906 si
230 3860 303 3925 qaus
320 3860 360 3903 ex
378 3840 441 3922 ipsa
459 3837 633 3916 sustulerat,
657 3849 725 3921 puta
746 3833 871 3915 Iacobo,
897 3833 981 3917 lose,
1004 3835 1111 3918 ludas,
1137 3839 1184 3904 Si·

45 3946 155 4022 meoni,
187 3963 262 4027 quos
282 3938 424 4026 losepbus
443 3939 501 4002 alia
518 3959 559 4002 ex
577 3959 672 4002 uxore
689 3947 841 4021 genuerat.
884 3935 990 4023 Neque
1009 3939 1184 4019 enimillunr

47 4065 106 4108 cam
122 4043 223 4110 Maria
239 4041 429 4106 consuevisse
445 4042 503 4104 allo
520 4041 604 4102 modo
621 4041 793 4122 reperimus,
816 4051 1002 4125 posteaquam
1017 4031 1185 4128 incorrupte

45 4144 87 4208 illa
105 4156 135 4210 et
152 4144 318 4210 castissima
334 4144 418 4226 virgo
437 4141 559 4228 peperit.
583 4137 586 4152 '
603 4139 713 4204 Verum
730 4142 765 4204 de
783 4140 826 4204 bis
843 4141 900 4205 alio
916 4141 946 4205 in
962 4143 1035 4206 libro
1050 4155 1186 4208 accurate

45 4247 244 4325 tractavimus,
260 4243 505 4327 tractabimnsque
516 4253 630 4328 postea.
670 4240 787 4305 luterim
803 4243 858 4306 boc
873 4243 902 4306 in
917 4244 980 4307 loco
994 4265 1084 4327 pauca
1097 4267 1186 4329 quac-

45 4349 103 4412 dcm
128 4351 165 4413 de
188 4349 243 4412 boc
261 4355 430 4430 argumento
451 4345 532 4407 velut
549 4345 642 4408 obiter
660 4343 825 4428 attigimus,
855 4363 892 4409 ne
912 4346 977 4408 duur
995 4347 1060 4411 aliis
1075 4347 1185 4412 mederi

45 4451 189 4514 morsibus
210 4449 332 4532 aliisque
354 4445 507 4512 venenatis
526 4445 708 4530 serpentibus
731 4443 890 4510 remedium
912 4446 1019 4513 afferre
1039 4451 1185 4529 volumus,
1220 4533 1224 4538 Ι

91 4545 371 4606 mannaan.
947 4555 985 4615 15
