3018 4994
250 279 330 362 ,416
690 287 809 342 emer!
828 289 997 342 σνιεειιαιι

269 404 403 491 τεροίσεις
420 401 500 488 τιαρδ
517 411 578 479 τοῖς
594 400 748 480 Ἰουδαίοις
763 407 902 490 λέγονται.
947 409 1017 472 Είσί
1033 407 1066 472 δέ
1081 399 1168 474 αῦται
1186 410 1335 494 τέσσαρες·
1364 412 1411 490 μίτ

271 509 338 590 μὲν,
368 503 389 588 ἡ
406 509 447 582 είς
464 503 559 587 ὄνομα
576 507 731 582 Μωῦσέως
748 511 911 592 φερομένη,
942 511 1063 595 δευτέρα
1080 512 1112 575 δέ
1129 507 1149 592 ἡ
1164 517 1218 575 τοῦ
1233 511 1409 593 καλουμένου

268 607 469 692 Ῥαββιακιβοί,
491 611 571 693 τρίτη
584 605 683 686 Ἀδδεί,
706 607 773 691 ἤτοι
783 606 890 688 Ἰούδα,
912 609 1033 696 τετάρτη
1046 618 1106 676 νῦν
1120 615 1192 678 υἱοῖν
1205 610 1408 694 Ἀσαμωναίου.

268 711 348 777 Ἐπεί
366 718 426 774 τεοῦ
443 712 530 792 έχεις,
553 711 697 790 φιλένεικε
713 715 764 775 καί
781 708 961 777 ιίκατάστατε
977 713 1032 796 την
1046 712 1178 799 γνοίμην,
1201 717 1292 792 δεῖξαι
1307 717 1410 790 ἐντοῖς

270 816 354 879 πέντε
368 817 480 898 βίβλοις
493 817 545 894 τῆς
559 811 760 896 Πεντατείηου
774 817 826 878 καί
841 820 916 880 θεοῦ
933 821 1123 898 νομοθεσίας,
1146 815 1192 882 ὅτι
1206 815 1323 901 ἐρρήθη
1338 814 1356 882 δ
1369 815 1411 882 λο’-

272 941 324 1002 γος
340 912 359 980 δ
373 912 454 998 ιταρῦ
471 920 511 1003 τῷ
527 920 636 996 σωτῆρι
650 916 817 997 εἰρημένος,
850 915 927 992 3“Ος
942 919 1004 1001 ἐρεῖ
1016 925 1057 1008 τῷ
1070 920 1160 1002 πατρὶ
1175 917 1268 984 αῦτοῦ
1284 919 1410 1004 Κορβδν,

271 1016 288 1083 δ’
306 1020 365 1084 ἐστι
381 1021 493 1101 δῶρον,
524 1014 579 1082 οῦκ
596 1013 819 1099 ω’φεληθήσεταί
834 1045 862 1084 τι
880 1021 910 1096 ἐξ
928 1017 1022 1086 αῦτοῦ
1028 1047 1038 1098 3
1067 1018 1138 1085 Ἀλλ’
1153 1019 1300 1110 οῦκιέχεις
1317 1026 1409 1100 δεῖξαι.

263 1117 341 1206 ”Apa
355 1126 428 1205 γοῦν
444 1120 559 1196 ἐξέσεσέ
572 1140 627 1184 σου
645 1115 664 1183 δ
679 1118 779 1203 λόγος,
808 1127 862 1184 τοῦ
876 1119 1005 1205 ῥήματος
1022 1119 1157 1206 σῦδαμοῦ
1173 1129 1209 1212 τῇ
1229 1123 1411 1211 Πενεατεῦμμ
1492 1133 1493 1162 ¹

271 1223 488 1308 ἐμφερομένου,
510 1223 560 1288 καί
576 1218 670 1304 μάτην
684 1219 737 1303 τὴν
751 1219 811 1287 ῦτιιί
826 1231 882 1288 σοῦ
895 1221 1084 1308 ἠπατημένην
1100 1224 1229 1310 Φλιῦραν
1242 1225 1409 1307 ἐφόνευσας.
1492 1237 1493 1246 ’

276 1323 319 1389 Τί
336 1326 366 1390 δέ
381 1321 440 1390 find
456 1326 610 1399 Μωῦσέως
624 1321 678 1388 οῦκ
693 1322 778 1400 ἐκτδς
792 1331 847 1390 τοῦ
860 1333 936 1391 θεοῦ
951 1328 1001 1391 καί
1015 1323 1090 1392 αῦτδ
1106 1327 1326 1410 ἐνομοθετήθη,
1348 1325 1410 1392 ιίλλῦ
1492 1347 1493 1372 ³

272 1431 304 1494 έκ
319 1434 371 1492 τοῦ
387 1434 463 1492 θεοῦ
476 1424 526 1492 διδ
540 1427 704 1506 Μωῦσέως,
726 1425 744 1490 δ
759 1429 808 1492 καί
822 1429 851 1505 ἐξ
865 1426 956 1510 αῦτῆς
969 1435 1021 1512 τῆς
1034 1437 1088 1495 τοῦ
1103 1437 1235 1516 σωτῆρος
1248 1433 1412 1516 ἐπικρίσεως

271 1535 426 1596 δείκνυται.
469 1525 570 1604 Αῦτιίς
588 1525 642 1612 γδρ
660 1527 696 1604 δίς
715 1528 882 1614 παρήγαγες
899 1534 1059 1616 μαρτυρίας
1076 1531 1151 1598 κατοί
1170 1541 1282 1598 σαυτοῦ
1300 1535 1410 1599 ἐντισυν·
1492 1565 1493 1588 1

270 1632 385 1718 ἤγαγες.
431 1629 542 1697 Φάσκει
558 1628 613 1715 γῦρ
629 1627 647 1695 o‘
664 1627 767 1716 κύριος
784 1632 816 1696 ἐν
833 1639 875 1720 τῷ
891 1629 1046 1722 εῦαγγελίην
1063 1633 1124 1714 δτι,
1154 1641 1293 1717 Μωῦσῆς
1308 1639 1411 1720 ἔγραφε
1492 1645 1493 1648 ’

271 1732 346 1800 κατὰ
359 1732 413 1817 τήν
427 1736 659 1818 σκληροκαρδίαν
674 1730 767 1815 ῦμοῦν.
793 1732 833 1797 Ὃ
848 1735 881 1799 δὲ
895 1736 1008 1819 δγραψε
1021 1741 1167 1819 Μωῦσῆς,
1184 1734 1239 1802 οῦκ
1253 1735 1338 1813 έκτδς
1349 1741 1412 1819 βου-

146 1873 196 1920 m.
209 1859 254 1904 νει,
271 1835 381 1921 λήσεως
397 1843 475 1902 θεοῦ
491 1838 632 1921 ἔγραψεν,
663 1832 733 1900 είλλιί
748 1837 780 1900 ἐκ
797 1834 962 1918 τινεῦματος
978 1834 1065 1921 ιίγίον
1082 1840 1286 1922 ἐνομοθέτησε.
1330 1841 1412 1924 Λέγει

271 1938 326 2026 γδρ
344 1936 362 2004 δ
381 1937 482 2024 κύριος
502 1939 533 2002 ἐν
550 1944 591 2026 τῷ
609 1934 777 2026 εῦαγγελίρν,
800 1936 841 2002 Ὃ
859 1935 877 2002 ιί
892 1937 966 2014 θεδς
983 1941 1164 2021 συνέζευξεν,
1196 1940 1360 2026 ῦνθρωιιος
1375 1939 1411 2024 μή

270 2044 419 2128 χωριζέτω.
452 2042 514 2105 Καὶ
530 2046 594 2116 ταῶς
607 2041 754 2118 συνέξευξε
769 2044 905 2124 διεξῆλθε
918 2038 951 2106 to*
965 2044 1054 2124 (λῆμα,
1076 2046 1126 2108 ’ίνα
1140 2042 1296 2128 μάθωμεν,
1315 2046 1411 2130 λέγων,

272 2143 350 2210 Ἀντί
367 2141 474 2208 τοῦτον
489 2146 656 2222 καταλείψει
673 2139 836 2226 ίίνθρωιτος
850 2141 902 2208 τὸν
918 2145 1029 2230 ιτατέρα
1045 2142 1151 2226 αῦτοῦ,
1173 2148 1225 2212 καί
1240 2144 1411 2228 κολληθήσε·

270 2273 318 2312 ται
333 2252 369 2335 τῇ
386 2245 503 2331 γυναικί
520 2241 626 2320 αὐτοῦ,
655 2245 705 2308 καί
720 2245 836 2310 έσονται
853 2249 885 2310 σί
898 2244 954 2311 δῦο
970 2248 1011 2321 είς
1027 2245 1123 2330 σάρκα
1141 2253 1219 2330 μίαν.
1263 2245 1342 2314 Είτα
1356 2250 1411 2312 ἐκι-

272 2351 371 2432 φίρεε,
393 2348 497 2432 λέγων,
517 2342 550 2410 ‘0
565 2337 618 2410 οῦν
635 2343 741 2422 δθεδς
753 2348 932 2426 συνέζευξεν,
956 2345 1117 2434 ι’ίνθρωιτος
1134 2350 1174 2432 μή
1188 2353 1345 2435 χωριζέτω·
1367 2353 1412 2414 καί

272 2456 317 2517 τοί
330 2473 363 2535 γε
377 2447 511 2532 οῦδαμοῦ
525 2455 578 2514 τοῦ
589 2454 694 2533 κυρίου
709 2455 796 2514 τοῦτο
810 2447 972 2534 λίρηκότος,
988 2447 1116 2532 διτηνίιια
1131 2449 1182 2517 τδν
1195 2449 1291 2534 Ἀδοίμ
1303 2449 1413 2533 κοίτην

273 2550 358 2616 Εῦαν
371 2553 509 2630 έπλασεν,
531 2548 669 2633 ἢμόνον,
693 2547 873 2634 Ποιήσωμεν
888 2549 968 2640 αῦτρῑ
982 2551 1044 2618 κατ’
1058 2550 1148 2620 αῦτδν
1163 2553 1294 2637 βοηθόν.
1334 2550 1412 2619 'Aue'

271 2661 357 2720 τοῦτο
379 2650 439 2718 ῦιιδ
458 2659 511 2720 τοῦ
527 2650 619 2734 Ἀδδμ
640 2655 767 2735 είρηται,
800 2651 873 2720 θὸτι
889 2651 993 2736 ιίνέστη
1011 2657 1044 2720 ἐκ
1062 2661 1115 2720 τοῦ
1132 2654 1245 2734 ῦτενον,
1277 2650 1326 2722 καί
1346 2653 1412 2732 dns,
1491 2723 1492 2738 ¹

277 2763 369 2822 Τοῦτο
394 2761 449 2820 νῦν
470 2752 576 2820 ὀστοῦν
597 2755 629 2819 ἐκ
652 2761 710 2820 νῦν
732 2752 827 2820 σ’σταῑν
845 2781 919 2838 μου,
951 2758 1002 2822 καί
1017 2754 1091 2842 σοίρξ
1107 2760 1140 2823 ἐκ
1155 2766 1208 2841 τῆς
1223 2757 1334 2844 σαρκός
1349 2783 1413 2842 μου,

272 2857 346 2941 αῦτη
361 2856 539 2940 κληθήσεται
553 2854 642 2942 γυνη,
664 2855 708 2922 δτι
728 2859 761 2922 ἐκ
777 2865 831 2924 τοῦ
850 2855 959 2942 σίνδρδς
973 2855 1065 2942 αῦτῆς
1077 2857 1196 2942 ἐλείφθη
1212 2859 1298 2943 αῦτη.
1342 2857 1414 2925 Elui

272 2982 377 3044 φησιν,
406 2957 484 3024 Ἀντλ
502 2957 607 3024 τοῦτου
623 2963 791 3040 καταλείψει
809 2958 971 3046 ἅνθρωπος
988 2958 1040 3026 τῦν
1056 2963 1166 3048 πατέρα
1184 2959 1277 3028 αῦτοῦ
1294 2965 1347 3029 καί
1365 2959 1414 3044 τήν

271 3065 379 3148 μητέρα
394 3059 500 3139 αῦτοῦ,
521 3062 571 3125 καί
586 3059 796 3144 κολληθήσεται
808 3070 844 3150 τῇ
859 3065 976 3149 γυναικί
992 3060 1100 3142 αῦτοῦ,
1121 3065 1173 3128 καί
1186 3066 1304 3130 ἔσονται
1317 3067 1349 3130 οί
1360 3061 1412 3128 δῦο

271 3169 312 3242 είς
332 3163 426 3250 σοίρκα
446 3168 523 3247 μίαν.
570 3160 614 3228 Οῦ
635 3169 688 3228 τοῦ
711 3170 784 3229 θεοῦ
805 3169 905 3230 τοίνυν
921 3172 1007 3231 τοῦτο
1027 3163 1176 3246 είιτόντος,
1207 3173 1261 3232 τοῦ
1278 3167 1311 3234 δέ
1325 3163 1412 3244 Ἀδδμ

270 3266 435 3354 εἰρηκότος,
457 3271 510 3331 τοῦ
524 3269 629 3350 κυρίου
647 3265 679 3330 δέ
694 3267 964 3352 ἐπιμαρτυροῦντος
980 3269 1012 3332 ἐν
1026 3274 1067 3355 ²93
1083 3264 1236 3356 εῦσγγελίρι
1253 3276 1331 3335 θεοῦ
1344 3264 1413 3334 εἶναι

270 3369 302 3436 ιδ
319 3372 414 3453 ρίῆμα,
437 3366 469 3433 τδ
486 3365 535 3433 διιί
548 3375 602 3432 τοῦ
618 3363 710 3448 Ἀδοίμ
725 3370 894 3454 είρημένον,
916 3365 966 3434 τίετ’
980 3367 1072 3452 αὐτῆς
1088 3377 1140 3451 τῆς
1153 3366 1328 3446 ῦιτοθέσεως
1346 3371 1412 3436 έδει·

270 3476 316 3550 ξεν
333 3470 379 3537 δτι
398 3474 460 3537 ἐκεῖ
471 3471 522 3554 μέν
536 3467 628 3552 Ἀδιίμ
644 3473 750 3555 είρηκε,
772 3477 847 3535 θεοῦ
864 3472 895 3536 δέ
909 3468 1048 3553 βούλησις
1062 3473 1232 3558 ἐφθέγγετο.
1279 3473 1340 3537 Καὶ
1356 3461 1411 3536 οίδε

269 3573 442 3656 σ’Μωῦσῆς
462 3573 670 3655 ἐνομοθέτησε,
700 3578 774 3637 θεοῦ
796 3569 875 3661 αὐτῷ
893 3579 1131 3659 καταγγείλαντος
1151 3572 1207 3656 τὴν
1224 3576 1407 3657 νομοθεσίαν.

272 3677 331 3740 Καί
347 3668 435 3740 αὗται
451 3675 503 3757 μὲν
517 3672 574 3757 ἤδη
589 3677 621 3738 αί
635 3673 689 3738 δύο
708 3695 763 3738 σου
775 3675 866 3752 λέξεις
878 3675 1028 3755 διέπεσον,
1049 3673 1152 3741 καλοῦ
1168 3673 1329 3759 πόρρωθεν
1342 3667 1406 3740 σ’λλδ

270 3775 320 3843 τίετ’
336 3775 427 3858 αῦτῆς
440 3783 493 3858 τῆς
505 3775 639 3862 χρήσεως.
683 3777 743 3841 Καὶ
760 3774 806 3842 δτι
822 3777 875 3858 μέν
890 3781 1054 3859 νομοθεσία
1072 3785 1148 3844 θεοῦ
1164 3780 1240 3858 ἐστι,
1263 3785 1347 3844 τοῦτο
1360 3777 1406 3854 δῆ-

268 3889 326 3945 λον.
371 3883 529 3961 Πανταγοῦ
546 3879 578 3943 δὲ
596 3876 669 3952 θεδς
686 3887 844 3960 νομοθετεῖ
856 3876 893 3942 τοί
909 3879 962 3962 μέν
977 3882 1020 3955 είς
1035 3879 1175 3964 χρόνους,
1203 3877 1239 3946 τιί
1257 3880 1290 3944 δέ
1307 3880 1347 3953 είς
1362 3870 1406 3938 εὖ·

269 4007 354 4060 ιισυς,
374 3978 410 4045 τεί
424 3981 456 4046 δέ
469 3983 511 4056 είς
524 3977 710 4060 αίττσκδλυψιν
725 3986 784 4045 τῶν
799 3979 959 4063 μελλόντων
970 3983 1091 4046 έσεσθαι
1104 3979 1238 4067 οίγαθῦν,
1260 3972 1302 4046 σίν
1314 3973 1403 4045 ἐλθιίν
1490 4003 1491 4028 ι

269 4081 405 4168 δκῦριος
422 4080 508 4166 ἡμῶν
522 4079 635 4167 Ἰησοῦς
653 4079 781 4165 Χριστδς
797 4085 885 4160 ἔδειξε
903 4081 957 4165 την
972 4082 1121 4170 ιτληρωσιν
1137 4086 1169 4150 ἐν
1188 4090 1230 4172 τῷ
1248 4079 1398 4166 εῦαγγελίμ

142 4199 208 4267 Κεφ.
224 4189 248 4250 ί.
357 4184 400 4250 Τί
413 4186 446 4249 δέ
458 4193 510 4268 τῆς
523 4182 604 4271 τιαρδ
616 4188 663 4250 σοί
676 4187 777 4269 ἐτέρας
788 4191 870 4251 θεῶν
883 4187 1052 4270 διαιρέσεως
1063 4194 1146 4272 τριχῆ
1158 4185 1246 4252 ττσίλιν
1257 4180 1399 4266 διαιρεθεέ·

268 4308 322 4372 σης
336 4285 529 4371 ἐσαναλαβσίν
546 4287 597 4353 καί
612 4284 687 4352 αῦτδ
702 4290 786 4365 δείξω
802 4284 884 4375 πυροί
902 4289 947 4353 σοί
965 4291 1256 4372 σεσυκοφαντημένοι,
1283 4283 1327 4350 καί
1345 4273 1392 4344 σνίε

301 4435 389 4503 θ.“ος
404 4459 450 4494 ιιοιι
467 4450 584 4508 comparet
600 4447 625 4495 ίιι
641 4447 713 4497 libris.

301 4507 325 4563 ί.
341 4511 407 4564 Libri
422 4513 505 4564 λσδυιλ
520 4505 567 4567 δτι.
603 4515 730 4566 commun
744 4516 795 4564 ἐστι
809 4517 878 4566 νιτλίλ
894 4512 1001 4582 quando.
