<?xml version="1.0" encoding="UTF-8"?>
<!DOCTYPE html PUBLIC "-//W3C//DTD XHTML 1.0 Transitional//EN"
    "http://www.w3.org/TR/xhtml1/DTD/xhtml1-transitional.dtd">
<html xmlns="http://www.w3.org/1999/xhtml" xml:lang="en" lang="en">
 <head>
  <title>
</title>
<meta http-equiv="Content-Type" content="text/html;charset=utf-8" />
  <meta name='ocr-system' content='tesseract 3.04.00' />
  <meta name='ocr-capabilities' content='ocr_page ocr_carea ocr_par ocr_line ocrx_word'/>
</head>
<body>
  <div class='ocr_page' id='page_1' title='image "./corporishaerese03oehlgoog_0132.png"; bbox 0 0 3006 4990; ppageno 0'>
   <div class='ocr_carea' id='block_1_1' title="bbox 313 269 1215 332">
    <p class='ocr_par' dir='ltr' id='par_1_1' title="bbox 313 269 1215 332">
     <span class='ocr_line' id='line_1_1' title="bbox 313 269 1215 332; baseline -0.002 0"><span class='ocrx_word' id='word_1_1' title='bbox 313 279 449 332; x_wconf 64' lang='lat' dir='ltr'><strong>statutt</strong></span> <span class='ocrx_word' id='word_1_2' title='bbox 468 279 544 332; x_wconf 72' lang='lat' dir='ltr'><strong>ADV.</strong></span> <span class='ocrx_word' id='word_1_3' title='bbox 561 279 730 330; x_wconf 76' lang='lat' dir='ltr'>HAERESES</span> <span class='ocrx_word' id='word_1_4' title='bbox 748 279 810 332; x_wconf 77' lang='lat' dir='ltr'><strong>Lttt,</strong></span> <span class='ocrx_word' id='word_1_5' title='bbox 824 281 844 332; x_wconf 89' lang='lat'><strong>1.</strong></span> <span class='ocrx_word' id='word_1_6' title='bbox 860 279 940 331; x_wconf 74' lang='lat' dir='ltr'><strong>Toni.</strong></span> <span class='ocrx_word' id='word_1_7' title='bbox 952 281 971 330; x_wconf 93' lang='lat' dir='ltr'><strong>l.</strong></span> <span class='ocrx_word' id='word_1_8' title='bbox 1157 269 1215 330; x_wconf 85' lang='grc'><strong>115</strong></span> 
     </span>
    </p>
   </div>
   <div class='ocr_carea' id='block_1_2' title="bbox 85 393 1217 1793">
    <p class='ocr_par' dir='ltr' id='par_1_2' title="bbox 85 393 1217 1793">
     <span class='ocr_line' id='line_1_2' title="bbox 90 393 1216 483; baseline -0.001 -21"><span class='ocrx_word' id='word_1_9' title='bbox 90 397 186 463; x_wconf 88' lang='lat' dir='ltr'><strong>seilicet</strong></span> <span class='ocrx_word' id='word_1_10' title='bbox 202 399 286 478; x_wconf 90' lang='lat' dir='ltr'><strong>lnce,</strong></span> <span class='ocrx_word' id='word_1_11' title='bbox 309 419 384 483; x_wconf 89' lang='lat' dir='ltr'><strong>quae</strong></span> <span class='ocrx_word' id='word_1_12' title='bbox 399 420 418 461; x_wconf 90' lang='lat' dir='ltr'><strong>a</strong></span> <span class='ocrx_word' id='word_1_13' title='bbox 435 393 555 462; x_wconf 84' lang='lat' dir='ltr'><strong>Christo</strong></span> <span class='ocrx_word' id='word_1_14' title='bbox 576 397 693 462; x_wconf 89' lang='lat' dir='ltr'><strong>domiuo</strong></span> <span class='ocrx_word' id='word_1_15' title='bbox 713 394 879 482; x_wconf 75' lang='lat' dir='ltr'>Christique</span> <span class='ocrx_word' id='word_1_16' title='bbox 899 396 1047 483; x_wconf 76' lang='lat' dir='ltr'><strong>discipulis</strong></span> <span class='ocrx_word' id='word_1_17' title='bbox 1071 396 1134 460; x_wconf 92' lang='lat' dir='ltr'><strong>orbi</strong></span> <span class='ocrx_word' id='word_1_18' title='bbox 1157 407 1216 461; x_wconf 89' lang='lat' dir='ltr'><strong>ter·</strong></span> 
     </span>
     <span class='ocr_line' id='line_1_3' title="bbox 90 496 1215 584; baseline 0 -22"><span class='ocrx_word' id='word_1_19' title='bbox 90 519 171 563; x_wconf 90' lang='lat' dir='ltr'><strong>rarum</strong></span> <span class='ocrx_word' id='word_1_20' title='bbox 187 500 269 564; x_wconf 87' lang='lat' dir='ltr'><strong>illata</strong></span> <span class='ocrx_word' id='word_1_21' title='bbox 286 499 349 563; x_wconf 86' lang='lat' dir='ltr'><strong>init.</strong></span> <span class='ocrx_word' id='word_1_22' title='bbox 387 496 501 582; x_wconf 80' lang='lat' dir='ltr'><strong>Quibus</strong></span> <span class='ocrx_word' id='word_1_23' title='bbox 517 520 534 563; x_wconf 90' lang='lat' dir='ltr'><strong>a</strong></span> <span class='ocrx_word' id='word_1_24' title='bbox 552 518 598 561; x_wconf 91' lang='lat' dir='ltr'><strong>me</strong></span> <span class='ocrx_word' id='word_1_25' title='bbox 614 497 698 562; x_wconf 87' lang='lat' dir='ltr'><strong>dictis</strong></span> <span class='ocrx_word' id='word_1_26' title='bbox 713 509 909 564; x_wconf 87' lang='lat' dir='ltr'><strong>consentanea</strong></span> <span class='ocrx_word' id='word_1_27' title='bbox 927 499 1063 584; x_wconf 80' lang='lat' dir='ltr'><strong>pleraque</strong></span> <span class='ocrx_word' id='word_1_28' title='bbox 1077 498 1215 582; x_wconf 79' lang='lat' dir='ltr'><strong>colligere</strong></span> 
     </span>
     <span class='ocr_line' id='line_1_4' title="bbox 90 598 1215 684; baseline 0 -22"><span class='ocrx_word' id='word_1_29' title='bbox 90 599 157 679; x_wconf 84' lang='lat' dir='ltr'><strong>licet,</strong></span> <span class='ocrx_word' id='word_1_30' title='bbox 180 622 216 664; x_wconf 91' lang='lat' dir='ltr'><strong>ac</strong></span> <span class='ocrx_word' id='word_1_31' title='bbox 231 599 369 664; x_wconf 76' lang='lat' dir='ltr'><strong>vaficinia</strong></span> <span class='ocrx_word' id='word_1_32' title='bbox 387 611 417 664; x_wconf 87' lang='lat' dir='ltr'><strong>et</strong></span> <span class='ocrx_word' id='word_1_33' title='bbox 434 600 553 664; x_wconf 88' lang='lat' dir='ltr'><strong>oracula</strong></span> <span class='ocrx_word' id='word_1_34' title='bbox 569 619 608 663; x_wconf 82' lang='lat' dir='ltr'><strong>ex</strong></span> <span class='ocrx_word' id='word_1_35' title='bbox 625 600 690 684; x_wconf 82' lang='lat' dir='ltr'><strong>lege</strong></span> <span class='ocrx_word' id='word_1_36' title='bbox 704 601 816 678; x_wconf 84' lang='lat' dir='ltr'><strong>veteri,</strong></span> <span class='ocrx_word' id='word_1_37' title='bbox 840 601 887 664; x_wconf 83' lang='lat' dir='ltr'><strong>vel</strong></span> <span class='ocrx_word' id='word_1_38' title='bbox 902 598 1027 664; x_wconf 80' lang='lat' dir='ltr'><strong>Psalmis</strong></span> <span class='ocrx_word' id='word_1_39' title='bbox 1043 599 1164 683; x_wconf 89' lang='lat' dir='ltr'><strong>aliisque</strong></span> <span class='ocrx_word' id='word_1_40' title='bbox 1181 599 1215 662; x_wconf 88' lang='lat' dir='ltr'><strong>li·</strong></span> 
     </span>
     <span class='ocr_line' id='line_1_5' title="bbox 88 698 1216 786; baseline 0.002 -25"><span class='ocrx_word' id='word_1_41' title='bbox 88 698 136 764; x_wconf 87' lang='lat' dir='ltr'><strong>bris</strong></span> <span class='ocrx_word' id='word_1_42' title='bbox 150 701 336 786; x_wconf 82' lang='lat' dir='ltr'><strong>conquirere,</strong></span> <span class='ocrx_word' id='word_1_43' title='bbox 360 712 390 766; x_wconf 80' lang='lat' dir='ltr'><strong>et</strong></span> <span class='ocrx_word' id='word_1_44' title='bbox 405 701 531 764; x_wconf 88' lang='lat' dir='ltr'><strong>omnium</strong></span> <span class='ocrx_word' id='word_1_45' title='bbox 548 699 668 780; x_wconf 72' lang='lat' dir='ltr'><strong>semem,</strong></span> <span class='ocrx_word' id='word_1_46' title='bbox 691 701 879 785; x_wconf 90' lang='lat' dir='ltr'><strong>ordinemque</strong></span> <span class='ocrx_word' id='word_1_47' title='bbox 896 702 1086 786; x_wconf 85' lang='lat' dir='ltr'><strong>perscrutari,</strong></span> <span class='ocrx_word' id='word_1_48' title='bbox 1110 723 1149 765; x_wconf 84' lang='lat' dir='ltr'><strong>ex</strong></span> <span class='ocrx_word' id='word_1_49' title='bbox 1165 699 1216 764; x_wconf 88' lang='lat' dir='ltr'><strong>iis-</strong></span> 
     </span>
     <span class='ocr_line' id='line_1_6' title="bbox 89 798 1215 888; baseline -0.002 -22"><span class='ocrx_word' id='word_1_50' title='bbox 89 822 133 884; x_wconf 81' lang='lat' dir='ltr'><strong>qne</strong></span> <span class='ocrx_word' id='word_1_51' title='bbox 147 802 376 866; x_wconf 79' lang='lat' dir='ltr'><strong>incarnationem</strong></span> <span class='ocrx_word' id='word_1_52' title='bbox 395 798 507 865; x_wconf 88' lang='lat' dir='ltr'><strong>Christi</strong></span> <span class='ocrx_word' id='word_1_53' title='bbox 523 801 630 865; x_wconf 90' lang='lat' dir='ltr'><strong>domini</strong></span> <span class='ocrx_word' id='word_1_54' title='bbox 651 803 804 887; x_wconf 90' lang='lat' dir='ltr'><strong>perspicue</strong></span> <span class='ocrx_word' id='word_1_55' title='bbox 825 801 1015 886; x_wconf 87' lang='lat' dir='ltr'><strong>comprobare</strong></span> <span class='ocrx_word' id='word_1_56' title='bbox 1033 824 1091 866; x_wconf 90' lang='lat' dir='ltr'><strong>oon</strong></span> <span class='ocrx_word' id='word_1_57' title='bbox 1110 823 1215 888; x_wconf 90' lang='lat' dir='ltr'><strong>suppo·</strong></span> 
     </span>
     <span class='ocr_line' id='line_1_7' title="bbox 88 902 1215 987; baseline 0.004 -23"><span class='ocrx_word' id='word_1_58' title='bbox 88 903 205 983; x_wconf 82' lang='lat' dir='ltr'><strong>sidtiam,</strong></span> <span class='ocrx_word' id='word_1_59' title='bbox 228 906 280 968; x_wconf 90' lang='lat' dir='ltr'><strong>sed</strong></span> <span class='ocrx_word' id='word_1_60' title='bbox 298 924 398 968; x_wconf 87' lang='lat' dir='ltr'><strong>veram</strong></span> <span class='ocrx_word' id='word_1_61' title='bbox 415 902 564 983; x_wconf 84' lang='lat' dir='ltr'><strong>extitisse,</strong></span> <span class='ocrx_word' id='word_1_62' title='bbox 587 914 673 987; x_wconf 88' lang='lat' dir='ltr'><strong>atque</strong></span> <span class='ocrx_word' id='word_1_63' title='bbox 689 904 719 966; x_wconf 90' lang='lat' dir='ltr'><strong>in</strong></span> <span class='ocrx_word' id='word_1_64' title='bbox 737 903 803 987; x_wconf 84' lang='lat' dir='ltr'><strong>lege</strong></span> <span class='ocrx_word' id='word_1_65' title='bbox 818 905 912 967; x_wconf 85' lang='lat' dir='ltr'><strong>veteri</strong></span> <span class='ocrx_word' id='word_1_66' title='bbox 931 902 1108 982; x_wconf 78' lang='lat' dir='ltr'><strong>nunciatam,</strong></span> <span class='ocrx_word' id='word_1_67' title='bbox 1133 914 1163 966; x_wconf 92' lang='lat' dir='ltr'><strong>ut</strong></span> <span class='ocrx_word' id='word_1_68' title='bbox 1179 904 1215 968; x_wconf 92' lang='lat' dir='ltr'><strong>de</strong></span> 
     </span>
     <span class='ocr_line' id='line_1_8' title="bbox 88 1002 1215 1088; baseline 0.001 -22"><span class='ocrx_word' id='word_1_69' title='bbox 88 1023 116 1066; x_wconf 89' lang='lat' dir='ltr'><strong>eo</strong></span> <span class='ocrx_word' id='word_1_70' title='bbox 132 1007 224 1070; x_wconf 88' lang='lat' dir='ltr'><strong>nullus</strong></span> <span class='ocrx_word' id='word_1_71' title='bbox 240 1007 279 1071; x_wconf 90' lang='lat' dir='ltr'><strong>sit</strong></span> <span class='ocrx_word' id='word_1_72' title='bbox 295 1005 443 1070; x_wconf 89' lang='lat' dir='ltr'><strong>dubitandi</strong></span> <span class='ocrx_word' id='word_1_73' title='bbox 459 1004 541 1068; x_wconf 86' lang='lat' dir='ltr'><strong>locus</strong></span> <span class='ocrx_word' id='word_1_74' title='bbox 559 1005 689 1068; x_wconf 90' lang='lat' dir='ltr'><strong>relictus.</strong></span> <span class='ocrx_word' id='word_1_75' title='bbox 734 1002 795 1069; x_wconf 89' lang='lat' dir='ltr'><strong>Sed</strong></span> <span class='ocrx_word' id='word_1_76' title='bbox 812 1025 849 1068; x_wconf 92' lang='lat' dir='ltr'><strong>ne</strong></span> <span class='ocrx_word' id='word_1_77' title='bbox 866 1003 949 1066; x_wconf 90' lang='lat' dir='ltr'><strong>buius</strong></span> <span class='ocrx_word' id='word_1_78' title='bbox 968 1007 1065 1088; x_wconf 86' lang='lat' dir='ltr'><strong>operis</strong></span> <span class='ocrx_word' id='word_1_79' title='bbox 1081 1005 1215 1068; x_wconf 82' lang='lat' dir='ltr'><strong>tractatio</strong></span> 
     </span>
     <span class='ocr_line' id='line_1_9' title="bbox 88 1103 1214 1189; baseline 0.002 -23"><span class='ocrx_word' id='word_1_80' title='bbox 88 1103 111 1166; x_wconf 91' lang='lat' dir='ltr'><strong>in</strong></span> <span class='ocrx_word' id='word_1_81' title='bbox 127 1106 266 1170; x_wconf 83' lang='lat' dir='ltr'><strong>infinitum</strong></span> <span class='ocrx_word' id='word_1_82' title='bbox 293 1117 467 1184; x_wconf 85' lang='lat' dir='ltr'><strong>excrescat,</strong></span> <span class='ocrx_word' id='word_1_83' title='bbox 498 1105 639 1189; x_wconf 86' lang='lat' dir='ltr'><strong>hisquae</strong></span> <span class='ocrx_word' id='word_1_84' title='bbox 663 1104 738 1170; x_wconf 89' lang='lat' dir='ltr'><strong>dicta</strong></span> <span class='ocrx_word' id='word_1_85' title='bbox 761 1115 830 1170; x_wconf 87' lang='lat' dir='ltr'><strong>sunt</strong></span> <span class='ocrx_word' id='word_1_86' title='bbox 851 1105 959 1170; x_wconf 78' lang='lat' dir='ltr'><strong>erimtm</strong></span> <span class='ocrx_word' id='word_1_87' title='bbox 983 1106 1123 1170; x_wconf 88' lang='lat' dir='ltr'><strong>contenti.</strong></span> <span class='ocrx_word' id='word_1_88' title='bbox 1168 1105 1214 1170; x_wconf 78' lang='lat' dir='ltr'><strong>Ac</strong></span> 
     </span>
     <span class='ocr_line' id='line_1_10' title="bbox 87 1205 1215 1293; baseline 0.003 -26"><span class='ocrx_word' id='word_1_89' title='bbox 87 1206 208 1293; x_wconf 83' lang='lat' dir='ltr'><strong>deinceps</strong></span> <span class='ocrx_word' id='word_1_90' title='bbox 224 1207 378 1292; x_wconf 87' lang='lat' dir='ltr'><strong>opiniones</strong></span> <span class='ocrx_word' id='word_1_91' title='bbox 393 1207 471 1288; x_wconf 89' lang='lat' dir='ltr'><strong>illas,</strong></span> <span class='ocrx_word' id='word_1_92' title='bbox 495 1227 569 1290; x_wconf 88' lang='lat' dir='ltr'><strong>quae</strong></span> <span class='ocrx_word' id='word_1_93' title='bbox 584 1206 614 1269; x_wconf 90' lang='lat' dir='ltr'><strong>in</strong></span> <span class='ocrx_word' id='word_1_94' title='bbox 636 1206 783 1270; x_wconf 90' lang='lat' dir='ltr'><strong>bominum</strong></span> <span class='ocrx_word' id='word_1_95' title='bbox 798 1205 886 1270; x_wconf 86' lang='lat' dir='ltr'><strong>vitam</strong></span> <span class='ocrx_word' id='word_1_96' title='bbox 904 1217 1006 1292; x_wconf 88' lang='lat' dir='ltr'><strong>postea</strong></span> <span class='ocrx_word' id='word_1_97' title='bbox 1022 1211 1150 1292; x_wconf 89' lang='lat' dir='ltr'><strong>pessimo</strong></span> <span class='ocrx_word' id='word_1_98' title='bbox 1165 1229 1215 1270; x_wconf 92' lang='lat' dir='ltr'><strong>co-</strong></span> 
     </span>
     <span class='ocr_line' id='line_1_11' title="bbox 86 1305 1215 1395; baseline 0.004 -27"><span class='ocrx_word' id='word_1_99' title='bbox 86 1307 135 1370; x_wconf 90' lang='lat' dir='ltr'><strong>lore</strong></span> <span class='ocrx_word' id='word_1_100' title='bbox 149 1330 182 1372; x_wconf 90' lang='lat' dir='ltr'><strong>ac</strong></span> <span class='ocrx_word' id='word_1_101' title='bbox 196 1309 295 1394; x_wconf 89' lang='lat' dir='ltr'><strong>specie</strong></span> <span class='ocrx_word' id='word_1_102' title='bbox 311 1309 442 1395; x_wconf 82' lang='lat' dir='ltr'><strong>prolatae</strong></span> <span class='ocrx_word' id='word_1_103' title='bbox 459 1319 543 1387; x_wconf 88' lang='lat' dir='ltr'><strong>sunt,</strong></span> <span class='ocrx_word' id='word_1_104' title='bbox 568 1307 668 1372; x_wconf 89' lang='lat' dir='ltr'><strong>eadem</strong></span> <span class='ocrx_word' id='word_1_105' title='bbox 683 1309 760 1370; x_wconf 89' lang='lat' dir='ltr'><strong>serie</strong></span> <span class='ocrx_word' id='word_1_106' title='bbox 776 1319 940 1392; x_wconf 83' lang='lat' dir='ltr'><strong>pertexam,</strong></span> <span class='ocrx_word' id='word_1_107' title='bbox 964 1319 1150 1393; x_wconf 86' lang='lat' dir='ltr'><strong>posteaquam</strong></span> <span class='ocrx_word' id='word_1_108' title='bbox 1166 1305 1215 1372; x_wconf 90' lang='lat' dir='ltr'><strong>Xl</strong></span> 
     </span>
     <span class='ocr_line' id='line_1_12' title="bbox 85 1403 1215 1494; baseline 0.003 -24"><span class='ocrx_word' id='word_1_109' title='bbox 85 1403 245 1474; x_wconf 88' lang='lat' dir='ltr'><strong>ludaeorum</strong></span> <span class='ocrx_word' id='word_1_110' title='bbox 271 1408 579 1494; x_wconf 80' lang='lat' dir='ltr'><strong>samaritanorumque</strong></span> <span class='ocrx_word' id='word_1_111' title='bbox 606 1419 702 1474; x_wconf 87' lang='lat' dir='ltr'><strong>sectas</strong></span> <span class='ocrx_word' id='word_1_112' title='bbox 729 1429 794 1473; x_wconf 90' lang='lat' dir='ltr'><strong>cum</strong></span> <span class='ocrx_word' id='word_1_113' title='bbox 820 1409 1018 1494; x_wconf 89' lang='lat' dir='ltr'><strong>superioribus</strong></span> <span class='ocrx_word' id='word_1_114' title='bbox 1043 1405 1110 1488; x_wconf 88' lang='lat' dir='ltr'><strong>lX,</strong></span> <span class='ocrx_word' id='word_1_115' title='bbox 1142 1430 1215 1493; x_wconf 88' lang='lat' dir='ltr'><strong>quae</strong></span> 
     </span>
     <span class='ocr_line' id='line_1_13' title="bbox 86 1509 1217 1596; baseline 0.002 -24"><span class='ocrx_word' id='word_1_116' title='bbox 86 1509 174 1592; x_wconf 86' lang='lat' dir='ltr'><strong>partim</strong></span> <span class='ocrx_word' id='word_1_117' title='bbox 198 1532 216 1574; x_wconf 88' lang='lat' dir='ltr'><strong>e</strong></span> <span class='ocrx_word' id='word_1_118' title='bbox 236 1509 377 1590; x_wconf 87' lang='lat' dir='ltr'><strong>Graecis,</strong></span> <span class='ocrx_word' id='word_1_119' title='bbox 407 1511 511 1596; x_wconf 88' lang='lat' dir='ltr'><strong>partim</strong></span> <span class='ocrx_word' id='word_1_120' title='bbox 536 1533 574 1575; x_wconf 81' lang='lat' dir='ltr'><strong>ex</strong></span> <span class='ocrx_word' id='word_1_121' title='bbox 597 1510 729 1574; x_wconf 89' lang='lat' dir='ltr'><strong>barbaris</strong></span> <span class='ocrx_word' id='word_1_122' title='bbox 751 1510 874 1594; x_wconf 89' lang='lat' dir='ltr'><strong>aliisque</strong></span> <span class='ocrx_word' id='word_1_123' title='bbox 895 1511 1037 1574; x_wconf 85' lang='lat' dir='ltr'><strong>conflatae</strong></span> <span class='ocrx_word' id='word_1_124' title='bbox 1059 1521 1128 1574; x_wconf 88' lang='lat' dir='ltr'><strong>suut</strong></span> <span class='ocrx_word' id='word_1_125' title='bbox 1147 1519 1217 1574; x_wconf 86' lang='lat' dir='ltr'><strong>aule</strong></span> 
     </span>
     <span class='ocr_line' id='line_1_14' title="bbox 85 1609 1216 1696; baseline 0 -22"><span class='ocrx_word' id='word_1_126' title='bbox 85 1609 227 1676; x_wconf 78' lang='lat' dir='ltr'><strong>salvatoris</strong></span> <span class='ocrx_word' id='word_1_127' title='bbox 242 1614 412 1694; x_wconf 82' lang='lat' dir='ltr'><strong>alveolum,</strong></span> <span class='ocrx_word' id='word_1_128' title='bbox 436 1613 471 1678; x_wconf 88' lang='lat' dir='ltr'><strong>ad</strong></span> <span class='ocrx_word' id='word_1_129' title='bbox 487 1614 559 1677; x_wconf 88' lang='lat' dir='ltr'><strong>baec</strong></span> <span class='ocrx_word' id='word_1_130' title='bbox 575 1633 667 1696; x_wconf 88' lang='lat' dir='ltr'><strong>nsque</strong></span> <span class='ocrx_word' id='word_1_131' title='bbox 681 1622 810 1696; x_wconf 89' lang='lat' dir='ltr'><strong>tempora</strong></span> <span class='ocrx_word' id='word_1_132' title='bbox 826 1609 922 1674; x_wconf 74' lang='lat' dir='ltr'><strong>babitu</strong></span> <span class='ocrx_word' id='word_1_133' title='bbox 936 1609 1089 1676; x_wconf 82' lang='lat' dir='ltr'><strong>brevitatis</strong></span> <span class='ocrx_word' id='word_1_134' title='bbox 1103 1611 1216 1676; x_wconf 88' lang='lat' dir='ltr'><strong>ratione</strong></span> 
     </span>
     <span class='ocr_line' id='line_1_15' title="bbox 85 1731 237 1793; baseline 0.007 -17"><span class='ocrx_word' id='word_1_135' title='bbox 85 1731 237 1793; x_wconf 79' lang='lat' dir='ltr'><strong>persensus.</strong></span> 
     </span>
    </p>
   </div>
   <div class='ocr_carea' id='block_1_3' title="bbox 220 1965 1067 2061">
    <p class='ocr_par' dir='ltr' id='par_1_3' title="bbox 220 1965 1067 2061">
     <span class='ocr_line' id='line_1_16' title="bbox 220 1965 1067 2061; baseline -0.004 -17"><span class='ocrx_word' id='word_1_136' title='bbox 220 1968 285 2044; x_wconf 79' lang='lat' dir='ltr'><strong>ltu</strong></span> <span class='ocrx_word' id='word_1_137' title='bbox 310 1969 594 2061; x_wconf 78' lang='lat' dir='ltr'><strong>NAZARENIS,</strong></span> <span class='ocrx_word' id='word_1_138' title='bbox 622 1967 727 2044; x_wconf 83' lang='lat' dir='ltr'>SIVE</span> <span class='ocrx_word' id='word_1_139' title='bbox 756 1965 1067 2042; x_wconf 77' lang='lat' dir='ltr'><strong>cltmsrttrtls.</strong></span> 
     </span>
    </p>
   </div>
   <div class='ocr_carea' id='block_1_4' title="bbox 84 2113 1353 2714">
    <p class='ocr_par' dir='ltr' id='par_1_4' title="bbox 84 2113 1353 2714">
     <span class='ocr_line' id='line_1_17' title="bbox 155 2113 1323 2202; baseline -0.004 -19"><span class='ocrx_word' id='word_1_140' title='bbox 155 2117 378 2184; x_wconf 86' lang='lat' dir='ltr'><strong>Nazaraeornm</strong></span> <span class='ocrx_word' id='word_1_141' title='bbox 398 2120 462 2184; x_wconf 83' lang='lat' dir='ltr'><strong>sire</strong></span> <span class='ocrx_word' id='word_1_142' title='bbox 477 2116 710 2184; x_wconf 84' lang='lat' dir='ltr'><strong>Christianorum</strong></span> <span class='ocrx_word' id='word_1_143' title='bbox 728 2127 774 2182; x_wconf 88' lang='lat' dir='ltr'><strong>est</strong></span> <span class='ocrx_word' id='word_1_144' title='bbox 792 2117 840 2202; x_wconf 91' lang='lat' dir='ltr'><strong>qni</strong></span> <span class='ocrx_word' id='word_1_145' title='bbox 856 2138 874 2182; x_wconf 92' lang='lat' dir='ltr'><strong>a</strong></span> <span class='ocrx_word' id='word_1_146' title='bbox 893 2113 1008 2182; x_wconf 81' lang='lat' dir='ltr'><strong>lttdaeis</strong></span> <span class='ocrx_word' id='word_1_147' title='bbox 1025 2117 1107 2184; x_wconf 87' lang='lat' dir='ltr'><strong>brevi</strong></span> <span class='ocrx_word' id='word_1_148' title='bbox 1122 2118 1213 2183; x_wconf 89' lang='lat' dir='ltr'><strong>inter·</strong></span> <span class='ocrx_word' id='word_1_149' title='bbox 1231 2127 1292 2196; x_wconf 82' lang='lat' dir='ltr'><strong>Cap.</strong></span> <span class='ocrx_word' id='word_1_150' title='bbox 1305 2129 1323 2179; x_wconf 86' lang='lat'><strong>1.</strong></span> 
     </span>
     <span class='ocr_line' id='line_1_18' title="bbox 85 2217 1216 2306; baseline 0.006 -27"><span class='ocrx_word' id='word_1_151' title='bbox 85 2217 150 2283; x_wconf 89' lang='lat' dir='ltr'><strong>iecto</strong></span> <span class='ocrx_word' id='word_1_152' title='bbox 165 2233 295 2306; x_wconf 89' lang='lat' dir='ltr'><strong>tempore</strong></span> <span class='ocrx_word' id='word_1_153' title='bbox 314 2233 437 2286; x_wconf 85' lang='lat' dir='ltr'><strong>vocatus</strong></span> <span class='ocrx_word' id='word_1_154' title='bbox 457 2232 503 2286; x_wconf 91' lang='lat' dir='ltr'><strong>est</strong></span> <span class='ocrx_word' id='word_1_155' title='bbox 518 2217 775 2297; x_wconf 71' lang='lat' dir='ltr'><strong>christianismus,</strong></span> <span class='ocrx_word' id='word_1_156' title='bbox 799 2228 830 2282; x_wconf 89' lang='lat' dir='ltr'><strong>el</strong></span> <span class='ocrx_word' id='word_1_157' title='bbox 847 2219 883 2282; x_wconf 91' lang='lat' dir='ltr'><strong>ab</strong></span> <span class='ocrx_word' id='word_1_158' title='bbox 900 2219 970 2304; x_wconf 90' lang='lat' dir='ltr'><strong>ipsis</strong></span> <span class='ocrx_word' id='word_1_159' title='bbox 987 2218 1061 2283; x_wconf 92' lang='lat' dir='ltr'><strong>adeo</strong></span> <span class='ocrx_word' id='word_1_160' title='bbox 1076 2221 1216 2306; x_wconf 87' lang='lat' dir='ltr'><strong>apostolis</strong></span> 
     </span>
     <span class='ocr_line' id='line_1_19' title="bbox 86 2317 1353 2400; baseline 0.008 -19"><span class='ocrx_word' id='word_1_161' title='bbox 86 2317 109 2381; x_wconf 87' lang='lat' dir='ltr'><strong>id</strong></span> <span class='ocrx_word' id='word_1_162' title='bbox 121 2343 221 2386; x_wconf 91' lang='lat' dir='ltr'><strong>nomeu</strong></span> <span class='ocrx_word' id='word_1_163' title='bbox 239 2321 379 2400; x_wconf 84' lang='lat' dir='ltr'><strong>obtinuit,</strong></span> <span class='ocrx_word' id='word_1_164' title='bbox 402 2345 467 2388; x_wconf 87' lang='lat' dir='ltr'><strong>cum</strong></span> <span class='ocrx_word' id='word_1_165' title='bbox 482 2323 522 2386; x_wconf 86' lang='lat' dir='ltr'><strong>ita</strong></span> <span class='ocrx_word' id='word_1_166' title='bbox 535 2321 647 2386; x_wconf 68' lang='lat' dir='ltr'><strong>&#39;Petrus</strong></span> <span class='ocrx_word' id='word_1_167' title='bbox 663 2321 776 2384; x_wconf 87' lang='lat' dir='ltr'><strong>locutus</strong></span> <span class='ocrx_word' id='word_1_168' title='bbox 793 2319 848 2383; x_wconf 81' lang='lat' dir='ltr'><strong>sila</strong></span> <span class='ocrx_word' id='word_1_169' title='bbox 871 2323 963 2382; x_wconf 84' lang='lat' dir='ltr'><strong>Iesum</strong></span> <span class='ocrx_word' id='word_1_170' title='bbox 974 2325 1157 2384; x_wconf 79' lang='lat' dir='ltr'><strong>Nnaorenum</strong></span> <span class='ocrx_word' id='word_1_171' title='bbox 1174 2328 1215 2385; x_wconf 71' lang='grc' dir='ltr'><strong>υἰ-</strong></span> <span class='ocrx_word' id='word_1_172' title='bbox 1227 2345 1275 2390; x_wconf 77' lang='lat' dir='ltr'><strong>aet.</strong></span> <span class='ocrx_word' id='word_1_173' title='bbox 1288 2345 1309 2400; x_wconf 80' lang='lat' dir='ltr'><strong>r,</strong></span> <span class='ocrx_word' id='word_1_174' title='bbox 1321 2345 1353 2390; x_wconf 74' lang='lat' dir='ltr'>n</span> 
     </span>
     <span class='ocr_line' id='line_1_20' title="bbox 84 2418 1217 2504; baseline 0.004 -21"><span class='ocrx_word' id='word_1_175' title='bbox 84 2442 137 2482; x_wconf 82' lang='lat' dir='ltr'><strong>rum</strong></span> <span class='ocrx_word' id='word_1_176' title='bbox 160 2425 308 2504; x_wconf 79' lang='lat' dir='ltr'><strong>probatam</strong></span> <span class='ocrx_word' id='word_1_177' title='bbox 330 2445 348 2486; x_wconf 87' lang='lat' dir='ltr'><strong>a</strong></span> <span class='ocrx_word' id='word_1_178' title='bbox 371 2429 421 2486; x_wconf 87' lang='lat' dir='ltr'><strong>deo</strong></span> <span class='ocrx_word' id='word_1_179' title='bbox 447 2436 505 2490; x_wconf 87' lang='lat' dir='ltr'><strong>etc.</strong></span> <span class='ocrx_word' id='word_1_180' title='bbox 550 2422 660 2488; x_wconf 86' lang='lat' dir='ltr'><strong>Postea</strong></span> <span class='ocrx_word' id='word_1_181' title='bbox 685 2442 757 2486; x_wconf 83' lang='lat' dir='ltr'><strong>vero</strong></span> <span class='ocrx_word' id='word_1_182' title='bbox 778 2420 953 2485; x_wconf 79' lang='lat' dir='ltr'><strong>Antiochiae</strong></span> <span class='ocrx_word' id='word_1_183' title='bbox 976 2418 1217 2488; x_wconf 72' lang='lat' dir='ltr'><strong>christianismus</strong></span> 
     </span>
     <span class='ocr_line' id='line_1_21' title="bbox 86 2521 1216 2612; baseline 0.007 -30"><span class='ocrx_word' id='word_1_184' title='bbox 86 2525 211 2607; x_wconf 85' lang='lat' dir='ltr'><strong>appellari</strong></span> <span class='ocrx_word' id='word_1_185' title='bbox 229 2525 337 2612; x_wconf 88' lang='lat' dir='ltr'><strong>coepit.</strong></span> <span class='ocrx_word' id='word_1_186' title='bbox 381 2523 439 2589; x_wconf 87' lang='lat' dir='ltr'><strong>Est</strong></span> <span class='ocrx_word' id='word_1_187' title='bbox 455 2537 485 2590; x_wconf 90' lang='lat' dir='ltr'><strong>et</strong></span> <span class='ocrx_word' id='word_1_188' title='bbox 501 2527 558 2592; x_wconf 86' lang='lat' dir='ltr'><strong>alia</strong></span> <span class='ocrx_word' id='word_1_189' title='bbox 579 2523 695 2612; x_wconf 90' lang='lat' dir='ltr'><strong>proprie</strong></span> <span class='ocrx_word' id='word_1_190' title='bbox 712 2521 935 2588; x_wconf 85' lang='lat' dir='ltr'><strong>Nazaraeorum</strong></span> <span class='ocrx_word' id='word_1_191' title='bbox 952 2533 1034 2588; x_wconf 85' lang='lat' dir='ltr'><strong>secta</strong></span> <span class='ocrx_word' id='word_1_192' title='bbox 1054 2524 1090 2588; x_wconf 92' lang='lat' dir='ltr'><strong>de</strong></span> <span class='ocrx_word' id='word_1_193' title='bbox 1112 2523 1216 2610; x_wconf 89' lang='lat' dir='ltr'><strong>quibus</strong></span> 
     </span>
     <span class='ocr_line' id='line_1_22' title="bbox 85 2627 456 2714; baseline 0.016 -28"><span class='ocrx_word' id='word_1_194' title='bbox 85 2642 132 2686; x_wconf 89' lang='lat' dir='ltr'><strong>sno</strong></span> <span class='ocrx_word' id='word_1_195' title='bbox 151 2627 214 2692; x_wconf 85' lang='lat' dir='ltr'><strong>loco</strong></span> <span class='ocrx_word' id='word_1_196' title='bbox 234 2627 456 2714; x_wconf 85' lang='lat' dir='ltr'><strong>disputabimus.</strong></span> 
     </span>
    </p>
   </div>
   <div class='ocr_carea' id='block_1_5' title="bbox 113 2755 1107 2980">
    <p class='ocr_par' dir='ltr' id='par_1_5' title="bbox 113 2755 1107 2980">
     <span class='ocr_line' id='line_1_23' title="bbox 454 2755 837 2815; baseline -0.005 -2"><span class='ocrx_word' id='word_1_197' title='bbox 454 2761 540 2814; x_wconf 73' lang='lat' dir='ltr'>1²1le</span> <span class='ocrx_word' id='word_1_198' title='bbox 558 2763 642 2815; x_wconf 85' lang='grc' dir='ltr'><strong>ΤΟΜΙ</strong></span> <span class='ocrx_word' id='word_1_199' title='bbox 660 2764 680 2813; x_wconf 90' lang='lat' dir='ltr'><strong>l.</strong></span> <span class='ocrx_word' id='word_1_200' title='bbox 711 2755 800 2814; x_wconf 82' lang='lat' dir='ltr'><strong>lelll</strong></span> <span class='ocrx_word' id='word_1_201' title='bbox 818 2764 837 2812; x_wconf 92' lang='lat' dir='ltr'><strong>l.</strong></span> 
     </span>
     <span class='ocr_line' id='line_1_24' title="bbox 113 2909 1107 2980; baseline 0.001 -17"><span class='ocrx_word' id='word_1_202' title='bbox 113 2909 251 2970; x_wconf 65' lang='lat' dir='ltr'><strong>eunuco</strong></span> <span class='ocrx_word' id='word_1_203' title='bbox 268 2917 320 2968; x_wconf 84' lang='lat' dir='ltr'><strong>eod.</strong></span> <span class='ocrx_word' id='word_1_204' title='bbox 337 2917 427 2980; x_wconf 74' lang='lat' dir='ltr'><strong>Vocet,</strong></span> <span class='ocrx_word' id='word_1_205' title='bbox 444 2929 489 2980; x_wconf 81' lang='lat' dir='ltr'><strong>pro</strong></span> <span class='ocrx_word' id='word_1_206' title='bbox 504 2928 576 2966; x_wconf 82' lang='lat' dir='ltr'><strong>more.</strong></span> <span class='ocrx_word' id='word_1_207' title='bbox 693 2911 939 2968; x_wconf 76' lang='grc' dir='ltr'>*ΝΔΣΩΡΔΙΩΝ</span> <span class='ocrx_word' id='word_1_208' title='bbox 956 2916 1010 2968; x_wconf 71' lang='lat' dir='ltr'><strong>cdd.</strong></span> <span class='ocrx_word' id='word_1_209' title='bbox 1025 2917 1107 2966; x_wconf 75' lang='lat' dir='ltr'><strong>roca.</strong></span> 
     </span>
    </p>
   </div>
   <div class='ocr_carea' id='block_1_6' title="bbox 0 0 1508 4990">
    <p class='ocr_par' dir='ltr' id='par_1_6' title="bbox 0 0 1508 4990">
     <span class='ocr_line' id='line_1_25' title="bbox 0 0 1508 4990; baseline 0 2"><span class='ocrx_word' id='word_1_210' title='bbox 0 0 1508 4990; x_wconf 95' lang='lat' dir='ltr'><strong> </strong></span> 
     </span>
    </p>
   </div>
  </div>
 </body>
</html>
