3010 5000
338 319 473 372 ransom
490 315 588 370 mar.
605 321 686 372 rom.
700 321 743 371 m.
760 320 858 372 naun.
869 321 991 375 xxxiv.
1175 311 1237 376 467

90 439 227 502 videlicet
249 458 283 501 ac
303 439 406 502 dulcis.
450 436 528 502 Nam
552 449 643 503 totum
665 440 759 525 ipsum
783 440 927 504 hominem
945 441 1112 506 universam
1133 441 1239 508 Trico-

89 541 165 603 narii
189 540 405 604 similitudinem
429 540 505 605 bunc
528 540 557 604 in
581 543 695 606 modom
720 544 898 628 exprimere.
944 541 1072 608 Primum
1092 547 1121 608 in
1142 547 1239 632 digitis

87 639 238 706 Deeadem
254 643 453 707 circumferre.
501 641 578 708 Tum
597 643 626 706 in
643 666 766 730 corpore
782 656 843 708 toto
859 643 1063 727 Dodecadem,
1088 651 1162 732 quod
1177 646 1239 712 Xll

88 744 119 806 in
139 743 267 808 membra
284 743 432 808 dividitor.
479 743 521 808 lta
538 747 614 810 enim
631 747 686 810 boc
704 746 896 826 distribuunt,
921 758 952 812 nt
967 757 996 810 et
1015 746 1157 814 Veritatis
1174 771 1239 814 cor·

88 867 159 930 pus,
191 847 226 908 de
249 857 410 932 qooaotea
431 848 569 911 diximus.
616 845 786 934 Ogdoadem
806 849 946 934 deniquo,
977 871 1050 934 quae
1073 873 1128 916 nec
1147 853 1240 938 expli·

88 949 149 1012 cari
174 969 311 1012 sermone
335 971 388 1012 nec
411 951 502 1014 oculis
525 960 622 1034 potest
645 950 772 1036 percipi,
804 952 834 1014 in
853 951 1015 1016 visceribus
1035 953 1173 1018 latentem
1196 955 1240 1019 io·

90 1051 194 1134 telligi.

175 1150 300 1218 Praeter
322 1154 393 1217 lmen
415 1154 527 1234 solem,
559 1155 702 1219 luminare
723 1155 792 1220 illud
813 1177 966 1240 magnum,
998 1158 1034 1221 ad
1056 1157 1239 1222 indicandum
1256 1173 1393 1242 cavat.

90 1253 233 1320 Tetradis
252 1277 404 1320 numerum
420 1265 523 1340 quarto
540 1257 586 1320 die
605 1269 787 1343 procreatum
804 1267 914 1344 potant.
961 1257 1047 1342 Quod
1064 1259 1158 1344 ipsum
1174 1257 1241 1324 lto·
1254 1273 1322 1318 Erat·
1333 1275 1394 1328 tat

88 1357 162 1420 saici
181 1358 357 1422 tabernaculi
375 1345 476 1422 aulaea
492 1371 750 1444 repraesentasse,
780 1381 820 1423 ex
836 1361 943 1446 bysso,
976 1361 1149 1446 hyacintho,
1173 1384 1240 1449 pur·
1298 1329 1351 1370 Μ’

89 1481 163 1546 pura
179 1481 324 1546 coccoque
341 1472 492 1526 contexta.
539 1459 700 1547 ltidemque
715 1463 876 1526 sacerdotis
892 1463 1012 1526 talarem
1029 1465 1155 1528 tunicam
1171 1470 1394 1550 qua-⁸¹⁰¹l-2lllt·

89 1573 159 1626 toor
175 1563 339 1648 lapillorum
356 1564 506 1628 ordinibus
524 1564 701 1628 distinctam.
746 1565 792 1628 Ac
814 1565 840 1628 si
859 1586 914 1650 qua
933 1577 1000 1628 sunt
1019 1565 1240 1648 eiusdemmodi,

46 1721 51 1728 .
89 1666 216 1750 quaein
240 1666 333 1729 sacris
355 1665 449 1729 literis
471 1667 505 1729 ad
529 1668 743 1750 quaternarium
765 1688 917 1731 numerum
941 1669 1153 1732 accommodari
1176 1691 1242 1756 pos·

89 1779 177 1846 suot,
209 1788 291 1831 suam
313 1769 349 1831 ad
368 1767 528 1831 Tetradem
551 1769 698 1853 pertinere
721 1770 903 1832 confirmant.
951 1766 1118 1854 Ogdoadem
1139 1793 1242 1836 rursus

89 1870 146 1934 boo
166 1872 227 1934 lere
245 1871 331 1934 modo
349 1871 554 1934 demonstrari.
600 1869 716 1935 Etenim
735 1882 840 1934 octavo
859 1871 905 1934 die
923 1873 1078 1935 formatum
1097 1874 1242 1938 bominem

89 1983 242 2051 asserunt,
260 1993 344 2056 qoam
359 1972 430 2036 alias
446 1983 533 2037 sexto
550 1973 645 2059 potios
662 1975 831 2058 productum
847 1973 963 2037 volunt:
989 1973 1044 2038 nisi
1060 1977 1134 2040 lorte
1150 1986 1243 2040 terre·

89 2085 182 2138 strem
208 2074 354 2138 bominem
375 2086 479 2154 sexto,
511 2077 656 2140 castralem
680 2085 784 2140 octavo
806 2075 853 2138 die
874 2075 1043 2140 fabricatum
1066 2078 1241 2162 intelligunt.

91 2173 177 2239 llaec
199 2178 276 2240 enim
299 2177 374 2261 apud
397 2177 463 2240 illos
482 2177 618 2242 distincta
640 2187 719 2241 sunt.
766 2175 826 2240 Sed
846 2179 977 2241 normulli
996 2179 1144 2244 diversum
1163 2179 1243 2244 illum

92 2280 204 2342 lacinnt
221 2281 268 2363 qui
285 2280 321 2342 ad
339 2277 494 2363 imaginem
509 2279 784 2363 similitudinemque
801 2291 918 2344 creatos
934 2291 979 2344 est
996 2282 1059 2362 dei,
1091 2303 1175 2366 quem
1194 2302 1245 2345 an·

90 2382 256 2465 drogpnom
273 2382 472 2462 constituunt,
503 2382 538 2444 ab
555 2382 612 2446 alio
631 2381 679 2466 qui
697 2401 735 2444 ex
753 2381 839 2444 bomo
859 2384 999 2446 lormatos
1018 2395 1074 2446 est.
1120 2381 1198 2466 Quin
1217 2393 1247 2446 et
1261 2403 1318 2448 oen.
1331 2407 1350 2448 a.

89 2503 184 2545 arcae
205 2483 282 2547 illius
298 2483 399 2546 diluvii
418 2495 548 2570 tempore
566 2483 801 2569 dispositionem,
824 2483 854 2546 in
873 2505 929 2567 qua
946 2485 1078 2548 homines
1092 2495 1159 2548 octo
1175 2485 1245 2550 libe·

91 2584 148 2648 rati
169 2594 252 2664 sont,
286 2585 441 2650 manifeste
462 2587 620 2650 salutarem
642 2585 677 2648 ad
698 2582 867 2669 Ogdoadem
890 2597 1022 2671 spectare
1044 2589 1243 2671 pronuntiant,
1257 2609 1342 2704 caaq.
1355 2611 1387 2667 m,

91 2698 124 2750 ut
142 2698 174 2750 et
190 2686 332 2751 Davidem
350 2687 462 2772 ipsum,
488 2688 535 2772 qni
553 2699 656 2752 octavo
673 2699 739 2772 post
756 2689 863 2750 lratros
880 2687 945 2751 loco
963 2687 991 2750 io
1008 2688 1102 2752 locem
1120 2699 1166 2754 est
1183 2691 1244 2754 edi·
1283 2663 1315 2719 ¹⁰¹
1342 2663 1361 2705 ¹'

94 2799 153 2852 tos.
186 2789 307 2852 Addunt
321 2801 350 2853 et
365 2789 616 2854 circumcisionem
632 2803 735 2854 octavo
750 2789 797 2852 die
812 2799 977 2875 susceptam
993 2791 1129 2855 coelestis
1147 2788 1247 2875 Ogdo·
1261 2805 1399 2864 accrate

93 2891 158 2954 adis
175 2891 426 2955 circumcisionem
443 2893 612 2956 ostendere.
658 2891 774 2977 Atque,
798 2903 830 2955 ut
845 2914 902 2956 uno
918 2893 1008 2956 verbo
1025 2892 1135 2972 dicam,
1160 2914 1247 2978 quae·

93 3013 219 3077 cumque
242 2993 335 3058 sacris
357 2993 387 3057 io
412 2994 492 3058 libris
512 2995 713 3080 reperiuntur,
745 3015 819 3078 qnae
839 2996 873 3058 ad
895 2994 1075 3058 octonarium
1096 3015 1247 3059 numerum

93 3095 171 3160 trabi
188 3106 343 3182 utcumque
361 3107 499 3180 possunt,
523 3097 559 3160 ad
577 3096 787 3160 conficiendum
809 3092 958 3180 Ogdoadis
976 3098 1145 3182 mysterium
1164 3119 1249 3161 osor-

93 3208 177 3284 pant.
221 3195 383 3262 Enimvero
399 3197 545 3262 Decedam
564 3199 731 3284 perdecem
750 3199 814 3262 illas
830 3197 966 3262 nationes
982 3199 1104 3263 indicari
1123 3221 1180 3263 non
1197 3201 1248 3263 do·
1262 3217 1399 3274 uectore.

93 3302 205 3380 bitant,
237 3322 358 3385 quarum
378 3302 595 3386 possessionem
616 3303 687 3365 deus
706 3300 874 3363 Abrahamo
891 3301 1076 3385 promiserat.
1122 3299 1249 3365 Eodem-

94 3425 151 3488 que
173 3401 284 3468 Sarrae
302 3401 453 3466 oonsilium
474 3404 635 3490 applicant,
667 3425 730 3466 cnm
751 3413 816 3488 post
832 3423 924 3466 annos
941 3405 1040 3466 decem
1058 3403 1192 3468 ancillam
1208 3403 1249 3466 illi
1263 3422 1391 3478 eantqu-

94 3527 177 3569 suam
192 3506 322 3589 Agarem
338 3505 496 3585 concessit,
516 3505 625 3569 liberos
642 3515 672 3569 ut
686 3525 725 3569 ex
740 3525 774 3568 ea
790 3505 965 3590 susciperet.
1012 3503 1091 3588 Quin
1107 3516 1137 3568 et
1152 3505 1248 3570 Abra·
1263 3527 1400 3592 decanta.

95 3609 152 3670 ami
178 3627 282 3671 servus
304 3607 338 3671 ad
360 3605 527 3671 Rebeccam
551 3607 673 3686 missus,
707 3607 755 3691 qui
775 3607 902 3670 armillas
925 3607 950 3670 ei
971 3609 1193 3672 deoemaureas
1212 3609 1248 3672 ad
1317 3579 1349 3622 ω’

94 3721 212 3793 puteum
233 3709 353 3788 obtulit,
384 3729 438 3774 neo
456 3731 514 3774 non
533 3713 638 3774 tratres
656 3710 750 3788 illios,
780 3709 826 3792 qui
845 3710 944 3772 decem
961 3710 1023 3772 dies
1041 3731 1104 3773 eam
1121 3711 1249 3774 retinue-

94 3821 174 3874 runt.
220 3807 350 3896 ltemque
371 3809 576 3891 leroboamus,
610 3812 655 3874 cui
677 3813 776 3874 decem
798 3811 889 3874 tribas
908 3812 1086 3894 assignatae.
1132 3812 1350 3914 Taberdplllpp·

95 3913 193 3976 naculi
215 3933 329 3996 quoquc
351 3913 481 3977 cortinae
505 3915 623 3992 decem,
655 3913 863 3996 eoluoruaeqoe
880 3914 1041 3978 cubitorum
1061 3915 1179 3992 decem,
1211 3936 1246 3977 ao
1260 3903 1329 3964 Bell·
1340 3923 1372 3976 ¹⁶.
1383 3923 1400 3966 ¹·

98 4013 197 4078 lacobi
221 4014 338 4078 totidem
362 4017 410 4078 lilii
427 4016 577 4080 coemendi
598 4016 734 4080 frumenti
753 4036 857 4079 caussa
879 4017 908 4078 io
925 4015 1091 4102 Aegyptum
1111 4015 1245 4103 profecti.
1261 4005 1379 4120 Bpptff'pt.

129 4150 155 4202 2.
171 4149 279 4219 στοίχοις
292 4153 375 4203 Billius
387 4155 536 4204 etPelooiue.
563 4149 657 4221 στίχοις
690 4155 742 4215 tic,
759 4157 779 4201 el
794 4154 819 4202 ln
836 4154 889 4202 edil.
903 4155 977 4214 princ.
1259 4128 1387 4182 (Μηνὶ

96 4221 235 4270 llossutttte.
723 4221 747 4270 tt.
766 4217 810 4270 atel
827 4215 872 4283 ripe
888 4221 938 4286 τῆς
954 4222 1004 4270 cod.
1022 4223 1096 4270 Venel.

130 4287 155 4338 3.
173 4286 235 4353 μήτι
252 4284 295 4340 ads
311 4289 379 4339 codd.
397 4291 450 4340 Van.
470 4291 541 4339 lotio.
558 4289 655 4352 llbedip.
723 4285 747 4339 7.
768 4281 857 4346 αὐλοὶ,
875 4290 909 4336 uti
921 4303 1008 4351 sumo,
1026 4290 1094 4339 codd.
1108 4293 1160 4340 l'en.
1175 4291 1248 4341 Vetto.

98 4355 173 4418 Vutpo
190 4351 226 4420 ptri
245 4351 295 4408 adr.
689 4357 786 4418 aaran.
805 4357 893 4416 Poris,
911 4361 931 4405 et
945 4358 981 4405 ed.
991 4360 1081 4420 princ,
1098 4363 1119 4406 el
1134 4357 1196 4407 atria
1212 4359 1250 4408 bic

130 4420 157 4473 4.
176 4423 394 4486 l'lttumed.prine.
429 4419 498 4477 clads
513 4421 571 4490 plat
586 4426 656 4475 Peto·
689 4436 778 4485 quoqne
793 4425 861 4473 certat
878 4423 923 4474 Vct.
938 4425 1059 4486 lnteapres.
1093 4421 1195 4478 adlatae
1211 4427 1250 4476 td.

97 4493 151 4540 olus
168 4493 259 4540 amotis
275 4505 318 4553 ope
334 4495 384 4542 cod.
401 4493 474 4542 l'ultc.
690 4493 789 4542 Petuotr'.

132 4559 156 4608 b.
172 4557 229 4624 cept
241 4558 384 4610 desideratur
397 4563 423 4610 a'n
435 4561 503 4610 codd.
517 4562 567 4610 Van.
578 4565 599 4610 et
609 4561 656 4608 Vo-

976 4628 1046 4696 30*
