3036 4998
326 317 332 333 .
354 285 488 336 romanu
508 287 570 336 uun.
584 287 602 336 r.
620 287 702 338 rouo.
716 288 746 336 u.
764 287 975 340 unnoaxxu.
1179 275 1239 338 323

84 401 207 468 interire
225 403 353 468 funditus
371 425 466 490 neque
483 405 540 468 ulla
558 405 603 471 sui
618 416 700 492 parte
717 407 843 470 servari.
878 403 973 470 Porro
989 415 1120 472 naturam
1138 427 1238 492 quana-

83 527 138 590 que
163 527 200 571 eo
224 505 300 571 uode
322 505 462 594 prodierit
483 508 605 573 reverti.
652 505 741 572 Velut
764 529 839 592 quoe
859 529 924 572 oum
949 510 1072 573 materia
1099 521 1237 574 concreta

82 618 146 688 est,
178 607 209 672 in
228 630 292 675 eam
312 608 402 695 ipsam
424 609 556 688 rcluodi3
589 631 628 676 ex
649 631 737 674 carne
759 631 830 674 vero
847 621 984 695 terraque
1004 621 1182 697 compactam
1206 611 1235 676 in

80 721 191 774 terra-
207 711 351 776 recidere.
392 709 509 776 Etenim
527 723 587 776 tres
601 711 641 776 illi
657 712 802 777 homiuum
820 713 937 778 ordines
953 714 1145 792 constituunt,
1168 711 1236 798 Spi-

79 811 227 894 ritalium,
249 814 446 894 Antimalium,
470 825 556 900 atque
575 811 755 880 Cornelium.
803 813 851 880 Ex
868 815 972 900 quibus
990 817 1111 902 primum
1132 837 1165 880 se
1186 836 1235 880 or-

79 915 178 980 dinem
203 917 302 982 lacere
325 916 472 997 dictitant,
506 919 547 981 uti
569 928 599 981 et
621 916 798 996 Gnostieos,
831 918 879 1003 qni
900 939 993 1003 neque
1017 919 1126 982 loboris
1149 919 1234 984 ullius
1350 905 1357 912 ⁸

78 1017 247 1102 indigeant,
280 1031 481 1104 praeterquam
506 1019 699 1104 cognitionis,
730 1019 988 1106 appellationisque
1014 1022 1232 1106 mysteriorum,

78 1139 155 1204 quae
174 1140 264 1206 penes
281 1121 347 1186 illos
361 1132 446 1200 suut,
472 1132 501 1186 et
516 1121 630 1206 quidvis
645 1121 762 1208 impune
781 1123 880 1187 lacere
899 1145 952 1209 pro
967 1122 1089 1188 arbitrio
1107 1123 1231 1208 possint.

78 1218 161 1286 Fieri
179 1224 255 1286 euim
275 1245 332 1288 nou
351 1245 456 1309 posse,
490 1225 557 1308 quin
574 1223 693 1288 omniuo
713 1245 814 1289 eornm
834 1226 924 1305 ordo,
954 1234 1054 1311 utpote
1072 1223 1231 1310 spiritalis,

78 1325 203 1389 salntem
225 1325 366 1390 obtineat.
411 1323 579 1392 Secundum
597 1325 743 1392 bominum
763 1327 811 1411 qui
829 1328 858 1391 io
876 1327 984 1392 mundo
1004 1338 1073 1392 suot
1086 1327 1230 1406 ordinem,

78 1447 165 1512 quem
190 1426 354 1492 Animalem
380 1439 504 1508 vocant,
539 1450 591 1514 per
614 1450 681 1494 sese
707 1428 829 1493 salutem
856 1430 972 1515 assequi
997 1451 1084 1516 posse
1109 1439 1229 1513 oc'gaut,

78 1529 135 1593 uisi
154 1529 304 1594 laboribus
325 1541 463 1616 reeteque
488 1530 571 1595 lactis
591 1529 646 1596 sibi
670 1552 733 1595 eam
755 1531 895 1598 viuudicet.
941 1532 983 1595 At
1003 1533 1050 1618 qui
1066 1529 1230 1596 Materialis

78 1629 227 1696 bominum
243 1632 315 1696 ordo
335 1633 456 1712 dicitur,
488 1655 554 1698 euna
570 1654 665 1718 noque
681 1655 817 1719 capacem
836 1633 1012 1718 cognitionis
1029 1654 1096 1700 csse
1117 1644 1228 1720 putant,

78 1754 174 1818 neque
192 1735 306 1799 tametsi
322 1733 410 1814 uelit,
435 1735 567 1822 recipere
585 1757 648 1800 eam
666 1757 753 1822 posse
770 1735 818 1821 qul
838 1757 877 1800 ex
893 1735 942 1800 illo
958 1757 1068 1820 genere
1084 1737 1138 1815 sit,
1163 1757 1229 1822 pro-

75 1835 203 1922 indeque
220 1846 278 1900 tam
294 1837 391 1901 anima
408 1860 493 1923 qnam
512 1859 635 1923 corpore
654 1839 768 1924 penitus
785 1838 919 1902 interire.
966 1835 1051 1921 Quod
1069 1860 1142 1905 vero
1162 1860 1230 1903 eoe-

77 1947 136 2002 tum
160 1937 197 2002 ad
219 1959 302 2003 suum
326 1940 469 2025 pertinet,
502 1963 566 2006 curn
586 1940 726 2026 spiritalis
744 1940 801 2018 sit,
834 1961 892 2004 una
912 1961 976 2004 cum
995 1941 1088 2004 altero
1106 1943 1229 2026 quodam

75 2039 212 2106 interiori
237 2063 360 2129 corpore
379 2041 493 2107 serrari
516 2042 664 2121 sentiunt,
695 2043 770 2126 quod
793 2040 848 2128 ipsi
868 2039 1007 2127 Spiritole
1026 2064 1131 2129 corpus
1150 2043 1229 2106 inani

76 2143 270 2227 persuasione
291 2155 470 2230 nutroupaot.
514 2144 667 2210 Animulas
692 2166 780 2229 porro
807 2155 873 2230 post
896 2143 1059 2210 diuturnam
1083 2145 1229 2209 exercita·

75 2243 202 2324 tionem,
226 2245 273 2310 ubi
286 2246 467 2312 conditorem
482 2246 727 2325 transcenderint,
751 2267 866 2310 sursum
882 2257 1002 2311 erectos
1015 2248 1127 2331 augelis
1143 2243 1229 2312 eurt-

75 2347 110 2410 sti
137 2347 294 2413 comitibus
320 2347 457 2428 attribui,
490 2369 583 2434 oeque
606 2347 758 2434 quiequam
783 2369 903 2413 suorum
926 2349 1034 2413 ellerro
1060 2370 1227 2434 corporum,

74 2449 125 2514 sed
150 2447 264 2514 animos
287 2451 365 2516 solas
388 2451 551 2516 absolutum
576 2461 682 2514 statum
707 2449 883 2535 cognitionis
906 2451 1043 2537 adoptas,
1077 2451 1228 2516 conditore

73 2562 234 2638 superato,
259 2547 371 2618 Christi
394 2551 582 2639 stipatoribus
604 2552 717 2638 augelis
739 2552 769 2616 iu
792 2552 976 2616 matrimonio
998 2552 1149 2618 collocari.

159 2651 315 2719 Eiusmodi
340 2657 402 2720 lere
426 2665 472 2720 est
494 2655 607 2720 illorum
633 2654 746 2737 labala,
780 2655 835 2720 etsi
855 2655 984 2741 pluribus
1003 2654 1123 2742 insuper
1142 2655 1228 2740 nugis
1242 2663 1377 2732 copulor.

73 2767 218 2822 contexta
235 2757 284 2822 sit.
330 2756 396 2844 Ego
412 2780 485 2825 vero
508 2779 543 2824 ea
561 2758 704 2822 duntaxat
722 2757 859 2842 proposui
878 2755 999 2842 quaein
1018 2758 1141 2822 medium
1161 2780 1227 2844 pro-

72 2859 145 2924 lerri
163 2870 301 2944 oportere
315 2859 398 2940 duxi,
417 2871 502 2945 prout
516 2859 553 2924 ad
568 2881 622 2924 nos
639 2860 741 2925 notitia
756 2861 906 2946 pervenite
931 2859 1066 2924 nimirum
1082 2860 1226 2924 undenam

71 2961 216 3028 mundus
235 2961 291 3028 iste
311 2963 416 3043 luerit,
447 2985 504 3049 quo
522 2973 652 3048 tempore
669 2962 797 3042 vixerit,
831 2962 907 3026 unde
928 2960 1038 3026 erroris
1056 2973 1228 3046 argumenta

70 3064 249 3152 sumpserit,
281 3085 356 3150 qnae
375 3065 509 3130 sitillins
528 3064 676 3145 doctrina,
709 3085 764 3148 qua
784 3065 814 3128 in
832 3083 864 3127 re
884 3073 994 3128 tantum
1012 3064 1116 3128 malum
1135 3074 1227 3127 terra-

69 3187 135 3232 runt
157 3165 222 3230 orbi
241 3168 404 3252 pullularit,
434 3168 486 3232 sed
503 3167 579 3254 quod
594 3168 629 3232 ad
649 3167 809 3231 doctrinam
827 3177 956 3252 spectat,
989 3187 1052 3230 eam
1069 3176 1101 3229 nt
1120 3166 1225 3229 dictum

69 3280 133 3350 est,
170 3269 311 3334 duntaxat
330 3291 369 3334 cx
388 3281 471 3356 parte
489 3269 719 3348 deelaravimus,
735 3278 850 3333 'cetera
876 3289 929 3353 per
953 3289 999 3332 me
1018 3267 1152 3332 subtilius
1172 3288 1227 3331 ex-

69 3371 184 3456 plicare
201 3371 301 3452 nolui,
330 3394 394 3438 cum
411 3373 554 3437 adversus
572 3370 750 3436 haereticum
768 3371 890 3435 eundem
909 3369 1106 3436 eluueubratam
1125 3390 1142 3434 a
1158 3391 1225 3434 sao-

68 3473 205 3540 ctissimo
227 3469 354 3539 lreuaeo
376 3474 599 3558 disputationem
623 3473 783 3538 inventiam.
830 3469 978 3556 Quocirca
1000 3471 1098 3558 paucis
1120 3470 1225 3537 baens-

68 3596 124 3658 qnc
141 3597 161 3640 a
178 3595 225 3640 me
241 3576 489 3654 commemoratis,
512 3575 626 3660 reliqua
642 3595 680 3640 ex
697 3575 774 3640 illius
791 3573 882 3660 ipsius
899 3573 945 3638 dei
961 3574 1040 3638 servi
1056 3593 1144 3659 opere
1160 3594 1226 3657 per·

67 3687 190 3756 mam,
219 3689 307 3764 atque
329 3678 454 3764 ipsamet
478 3673 593 3743 irenaei
618 3676 728 3755 verba,
760 3697 797 3742 ne
823 3686 933 3741 mutata
959 3675 1074 3760 quidem
1099 3675 1223 3761 syllaba,

66 3777 236 3845 subiiciam.
282 3777 359 3846 Sunt
380 3779 453 3846 baec
475 3779 634 3846 eiusmodi:

510 3967 558 4019 EX
581 3969 606 4018 S.
632 3965 785 4018 tuurtauo.

154 4083 232 4154 Cum
252 4085 384 4173 plerique
402 4087 527 4152 veritate
546 4096 711 4171 contempta
730 4086 819 4165 salsas
837 4085 974 4169 quasdam
995 4083 1177 4148 narrationes
1195 4093 1225 4146 et
1243 4087 1302 4158 esp.
1316 4089 1361 4142 tx.

64 4189 175 4256 inanes
191 4188 380 4276 genealogias
399 4187 570 4267 obtrudant,
594 4207 668 4273 quae
689 4186 878 4273 quaestiones
894 4195 1044 4272 praestant
1059 4186 1170 4270 magis,
1194 4195 1227 4248 ut

96 4379 122 4432 2
140 4373 210 4432 'Eat
226 4379 263 4429 ru
276 4379 352 4440 praec
378 4380 447 4430 ram
460 4378 575 4440 rumpo
588 4377 635 4428 trc-
702 4371 727 4426 t.
746 4378 782 4426 uu
798 4375 865 4425 aaa.
884 4377 957 4426 uuus
976 4376 1031 4424 reo.
1046 4379 1067 4424 u
1084 4375 1110 4422 ν.
1128 4377 1225 4436 remp.

64 4452 119 4500 acet
134 4449 208 4500 tutet
224 4447 360 4508 Quatenus.
393 4447 454 4498 uere
469 4447 504 4508 t..
520 4445 600 4507 Pouet
667 4444 756 4494 trenam·
766 4445 806 4507 qut
817 4445 886 4494 lutet
895 4440 1011 4493 infinitas.
1033 4444 1106 4507 tutuo
1118 4441 1226 4509 ματαίας

97 4515 125 4570 ὅ.
143 4512 193 4570 καὶ
209 4527 257 4566 aar.
274 4515 330 4564 tro.
669 4515 739 4564 estut
992 4591 1009 4634 *

939 4595 976 4660 21
