3008 4996
350 260 485 312 causan
503 259 564 310 Lib.
581 261 600 310 i·
618 259 699 312 ΤΟΜ.
715 259 745 310 tt.
764 257 864 310 nasu.
880 257 987 312 xxvrt.
1184 249 1245 310 215

6 361 7 404 ³
90 378 276 468 explicabilis
298 379 393 444 virtus
415 378 537 442 aliorum
561 377 731 463 angelorum
756 397 845 440 causa
867 376 937 456 fuit,
972 377 1021 441 rei
1042 378 1069 440 ci
1092 377 1245 443 tribuenda

92 484 152 547 crit
167 481 333 566 ignorantia
349 481 397 564 qui
415 479 453 542 sit
467 480 671 546 universorum
688 499 812 564 parens,
836 479 912 562 quod
927 479 1047 562 ignarus
1064 500 1165 544 eorum
1183 483 1245 544 iue-

89 584 126 648 rit
144 603 220 668 quac
236 581 322 646 iidem
339 582 379 646 iiii
396 602 469 666 quos
488 579 660 664 designabat
675 580 807 644 effectori
823 590 909 644 erant
923 581 1033 664 angeli,
1056 603 1152 666 oeque
1166 582 1243 646 istud

88 684 228 763 sciverit,
252 683 455 750 subtracturos
472 703 506 746 se
524 682 560 745 ab
578 681 642 746 eius
656 691 819 766 potestate,
844 703 937 767 eaque
952 704 1027 767 qnae
1044 682 1162 747 minime
1182 685 1243 748 vei·
1366 754 1371 763 .

89 787 130 851 let
145 787 301 870 aliquando
318 804 384 850 esse
402 783 549 847 factumst
573 783 622 847 vei
639 785 681 847 sic
696 783 762 848 iilos
779 804 953 868 procreasse
969 784 1107 876 dicendus
1125 797 1188 864 est,
1211 797 1245 850 ut

90 887 166 974 quod
179 886 244 951 beri
259 887 352 951 uoilet
367 886 497 948 facturos
511 905 578 949 esse
594 895 801 969 cognosceret,
818 887 894 969 qnod
908 885 944 949 iis
959 884 1127 951 auctoribus
1141 898 1244 972 postea

90 991 127 1054 sit
148 999 300 1067 secutum,
331 998 418 1072 atquc
441 986 496 1051 boc
513 987 600 1051 modo
617 987 754 1072 quicquid
772 986 836 1050 ausi
853 985 902 1050 isti
919 986 1046 1067 inerint,
1079 987 1134 1052 boc
1148 988 1197 1053 iiie
1213 1000 1244 1054 et

90 1091 213 1154 seientia
228 1091 290 1175 ipsa
305 1101 335 1154 et
347 1087 544 1154 consensione
562 1110 596 1152 ac
609 1088 760 1154 voluntate
775 1089 909 1172 perfecit.
953 1085 1047 1172 igitur
1061 1089 1104 1168 si,
1129 1101 1161 1154 ut
1174 1101 1243 1154 ante

90 1193 198 1256 dictum
220 1203 282 1270 cst,
312 1211 348 1258 ea
367 1201 470 1254 nosset
486 1210 561 1274 quae
581 1189 686 1254 tacturi
703 1201 788 1254 crant
806 1190 920 1275 angeli,
952 1211 1046 1274 neque
1066 1201 1161 1254 tamen
1179 1193 1241 1255 ficri

90 1294 195 1372 vellet,
219 1313 273 1357 cur
286 1313 338 1358 eos
353 1293 444 1378 quiid
463 1292 578 1377 egerint
592 1291 731 1377 produxit
747 1313 884 1376 unquam,
910 1301 942 1355 ut
958 1313 1032 1376 quae
1047 1293 1138 1355 notiet
1152 1293 1242 1356 aude·

91 1407 155 1460 rent
171 1395 327 1480 aliquando
344 1395 461 1458 iacere?
504 1391 559 1458 Sin
577 1393 697 1478 angelos
715 1393 777 1478 ipse
796 1394 942 1473 condidit,
966 1415 1019 1457 aua
1036 1404 1069 1458 ut
1084 1393 1133 1457 illu
1152 1414 1242 1478 opera

91 1506 286 1583 praestarent,
309 1495 372 1559 beri
386 1495 475 1580 igitur
491 1516 524 1560 aa
542 1516 599 1559 noo
614 1494 718 1574 noluit,
742 1516 807 1558 oum
825 1495 891 1558 ideo
907 1505 1042 1560 auctores
1055 1495 1171 1558 iliorum
1189 1515 1242 1558 an·

92 1600 173 1682 gaius
189 1607 259 1662 ante
275 1596 457 1682 produxerit.
502 1594 589 1679 Quod
608 1597 633 1660 si
650 1597 684 1658 ad
702 1597 803 1660 eadem
817 1597 866 1660 ilia
884 1596 1015 1660 iacienda
1033 1595 1187 1682 produxit,
1212 1607 1242 1659 et

92 1722 124 1766 ea
146 1711 245 1762 tameo
265 1721 338 1784 quae
362 1700 437 1762 iacta
457 1708 525 1762 aunt
546 1697 716 1776 interdixit,
747 1697 898 1762 enimvero
916 1699 1061 1762 calumnia
1080 1720 1115 1761 ac
1131 1698 1242 1762 malitia

94 1802 233 1886 quaedam
252 1799 430 1864 intercessit.
475 1795 509 1864 Si
528 1820 600 1864 vero
619 1799 676 1862 iliis
691 1811 723 1862 ut
740 1799 887 1864 efficerent
901 1800 1050 1885 permisit,
1082 1821 1155 1883 quae
1170 1821 1242 1863 vcro

92 1903 209 1966 suntab
226 1901 263 1964 iis
279 1903 401 1980 effecta,
424 1900 557 1963 homines
572 1900 709 1965 videlicet
725 1911 755 1963 et
770 1901 895 1980 autimas,
919 1912 1036 1987 praeter
1050 1901 1173 1964 istorum
1189 1923 1242 1963 vo·

93 2005 230 2068 luotatem
252 2003 287 2066 ad
304 2023 372 2066 sese
392 2021 556 2086 aggregare
575 2003 689 2080 studet,
720 2001 774 2066 boc
793 2002 906 2064 demum
924 2002 993 2066 oibii
1015 2001 1072 2066 erit
1088 2002 1165 2065 aliud
1185 2003 1241 2065 nisi

94 2105 235 2191 cupiditas
250 2104 388 2188 quaedam
403 2101 565 2166 alienorum
579 2113 730 2188 appetens,
755 2125 821 2168 cum
834 2103 966 2168 bomioes
980 2103 1016 2166 ab
1032 2103 1144 2188 angelis
1157 2105 1242 2167 efficti

92 2207 193 2270 iisdem
210 2205 282 2292 ipsis
300 2205 399 2269 invitis
417 2225 434 2266 a
450 2225 587 2290 supremo
602 2205 652 2268 iilo
669 2205 852 2268 dominatore
869 2206 1030 2290 rapiuntur.
1076 2201 1140 2269 imo
1156 2205 1242 2269 etiam

92 2304 297 2372 imbecillitatis
320 2306 397 2370 istud
419 2306 492 2386 erit,
525 2328 589 2370 cum
608 2306 670 2392 ipse
689 2305 745 2370 sibi
764 2306 861 2369 moliri
878 2317 1002 2390 nequeat
1024 2327 1099 2390 qnae
1117 2318 1186 2370 sont
1206 2306 1243 2369 ab

92 2408 128 2473 iis
146 2411 222 2473 iacta
239 2427 361 2493 quornm
382 2418 427 2470 est
445 2417 547 2472 auctor
563 2429 616 2493 per
632 2408 689 2472 vim
708 2429 742 2473 ac
761 2405 931 2473 violentiam
949 2409 1077 2472 auterre.
1123 2403 1190 2490 Quo
1214 2409 1244 2470 tit

94 2521 125 2573 at
146 2512 181 2573 ad
205 2509 292 2574 inane
317 2520 510 2574 commentum
534 2531 569 2573 ae
592 2509 718 2574 sabotam
739 2520 801 2574 tota
822 2509 938 2573 illorum
963 2509 1094 2572 doctrina
1119 2509 1241 2585 recidat,

94 2631 166 2694 quae
182 2611 237 2674 boo
253 2622 386 2690 asserat3
410 2611 525 2674 tametsi
540 2612 656 2674 intimae
671 2611 795 2676 virtutes
810 2612 1005 2675 mediocribus
1020 2611 1202 2690 subiaceant,
1226 2631 1244 2672 a

94 2713 288 2778 mediocribus
304 2723 420 2792 tamen,
444 2733 517 2796 quae
535 2713 648 2776 iliarum
666 2723 1023 2798 caussocsuot,1poenas
1039 2712 1155 2797 expeti,
1179 2711 1244 2774 infi-

94 2835 212 2898 masqoe
233 2813 430 2877 mediocribus
451 2813 596 2898 superatis
616 2815 652 2878 ad
671 2835 837 2900 supremum
859 2815 986 2878 omnium
1005 2827 1154 2878 auctorem
1173 2833 1244 2876 evo·

94 2915 168 2994 iare,
191 2937 226 2980 ac
241 2915 405 2984 libertatem
419 2916 570 3000 consequi,
595 2915 650 2980 boo
665 2927 712 2980 cst
725 2917 837 2980 animas
850 2935 925 3000 qnae
941 2916 972 2980 io
988 2916 1042 2980 hac
1058 2937 1155 2979 rerum
1173 2936 1244 2979 oon·

95 3017 217 3082 diturum
232 3017 424 3082 universitate
438 3018 638 3082 continentur.
671 3016 867 3101 Quamobrem
883 3037 1035 3101 supremus
1048 3016 1109 3098 iile,
1129 3017 1178 3100 qui
1192 3037 1244 3080 eas

96 3139 197 3185 meare
215 3118 398 3205 nequiverit,
420 3118 625 3183 imbeciititatis
638 3128 788 3203 arguetur.
834 3116 917 3201 Quos
931 3119 995 3203 ipse
1009 3137 1082 3182 vero
1097 3119 1244 3203 produxe·

96 3219 150 3300 rit,
179 3220 323 3286 eiusmodi
339 3241 406 3286 esse
420 3220 596 3308 videbuntur
611 3219 660 3305 qni
677 3241 711 3284 ea
729 3222 827 3284 iacere
844 3220 958 3304 possint
974 3239 1047 3305 quae
1063 3221 1111 3284 vei
1126 3220 1174 3283 itte
1191 3237 1244 3282 no·

96 3319 197 3404 luerit,
229 3323 279 3387 vei
302 3333 333 3386 ot
353 3323 481 3387 maxime
498 3323 604 3404 vellet,
637 3324 735 3386 iacere
754 3322 833 3386 nullo
851 3320 937 3384 modo
955 3322 1093 3406 potuerit.
1136 3319 1244 3404 Neque

97 3424 171 3487 enim
186 3445 311 3510 quorum
327 3425 377 3488 ilic
395 3425 540 3488 desiderio
556 3433 690 3504 tenetur,
720 3444 756 3488 ea
774 3422 829 3508 ipsi
847 3422 924 3486 maia
941 3443 1007 3488 esse
1025 3432 1165 3509 possunt,
1197 3423 1246 3486 vet

97 3527 209 3590 amalis
226 3527 378 3612 producta.
421 3523 500 3590 Nam
518 3523 542 3588 si
558 3527 633 3589 maia
650 3536 733 3602 suot,
758 3524 855 3609 perire
874 3525 1002 3588 funditus
1019 3524 1157 3609 oportuit.
1190 3521 1245 3588 Sin

97 3645 163 3708 pars
179 3639 225 3693 est
245 3629 343 3714 operis
359 3626 456 3712 aiiqoa
473 3628 636 3705 servanda,
667 3627 772 3690 maium
789 3627 884 3712 ipsum
907 3645 974 3690 esse
996 3647 1054 3689 non
1075 3636 1189 3712 potest,
1219 3624 1246 3686 si
1303 3679 1308 3686 .

97 3729 145 3792 vei
161 3729 223 3794 eius
238 3731 297 3793 nita
316 3750 383 3815 pars
400 3729 482 3794 salva
499 3730 661 3814 reperitur,
693 3748 788 3813 oeque
805 3730 923 3814 ipsimet
937 3728 1063 3792 artifices
1081 3727 1146 3792 mali
1163 3735 1244 3804 sont,

98 3829 145 3913 qni
162 3849 225 3894 cum
241 3831 291 3915 qui
306 3832 470 3895 servandos
483 3841 530 3896 est
544 3830 675 3895 fabricati
690 3831 809 3894 ducunt.
855 3829 916 3895 lam
933 3830 958 3893 si
975 3831 1011 3894 ab
1025 3829 1139 3914 angelis
1154 3828 1247 3891 omoi-

98 3952 136 3994 no
153 3943 311 4018 propagata
327 3932 366 3996 sit
385 3931 497 4011 anima,
522 3944 606 4018 atque
623 3933 653 3996 in
672 3933 765 3997 lucem
785 3933 925 4018 producta
942 3931 1001 3994 rim
1019 3930 1161 4016 quandam
1179 3951 1248 3994 coe-

99 4029 166 4096 litus
180 4035 344 4118 acccperit,
373 4034 463 4098 multo
486 4033 576 4119 igitur
592 4033 685 4118 magis
703 4034 828 4098 sadotem
845 4033 1019 4098 obtinebunt
1037 4033 1150 4116 angeli,
1181 4053 1247 4097 cum

98 4133 136 4198 ab
148 4133 218 4218 ipsis
232 4137 326 4200 anima
342 4135 428 4200 etiam
444 4137 529 4200 maiis
544 4145 699 4221 procreata
712 4148 860 4201 servetur.
894 4133 1030 4219 Denique
1046 4135 1070 4198 si
1085 4135 1165 4199 solva
1180 4153 1248 4199 esse

99 4236 191 4320 possit
206 4237 318 4320 anima,
349 4259 445 4324 neque
461 4239 526 4324 ipsa
542 4239 617 4302 mala
636 4238 693 4301 erit
708 4239 743 4302 ab
763 4240 875 4324 angelis
895 4239 1053 4324 producta,
1084 4257 1179 4321 oeque
1197 4257 1248 4300 ao·

102 4335 177 4418 gebi,
199 4359 216 4401 a
238 4340 341 4423 quibos
363 4341 436 4405 haec
457 4352 553 4405 ortum
577 4339 721 4405 babuerit.

185 4440 414 4528 Aequicumque
431 4444 516 4510 banuo
535 4455 565 4508 et
583 4443 729 4508 constanti
749 4443 867 4530 ingenio
888 4441 1037 4528 praeditus
1057 4453 1119 4520 est,
1142 4439 1249 4505 intelli·
1270 4446 1403 4514 Capvttt.
