3036 4998
386 317 522 368 ransart
539 317 601 368 mn
612 317 631 366 r.
649 317 770 370 romu.
790 317 888 368 naen.
898 318 986 370 xxx.
1196 308 1253 372 301

115 437 275 502 mitterent.
319 435 366 500 Ao
382 457 439 502 non
455 436 624 501 sacerdotes
639 435 731 500 solum
746 435 801 500 boc
815 437 891 522 ipso,
915 438 990 522 quod
1006 458 1043 502 ne
1060 437 1180 502 sabbato
1196 439 1259 524 qni·
1280 475 1283 486 ·

114 541 177 604 dem
197 549 299 606 essent
314 538 428 618 ieriati,
451 539 577 604 solutum
593 539 661 603 iilud
678 537 778 602 iriadio
795 549 863 602 ante
880 540 1135 624 praenuntiabant,
1160 545 1211 608 sed
1230 554 1260 606 et

113 642 296 708 circumcisio
319 642 384 728 ipsa
406 641 550 707 solvebat.
602 637 676 706 Cum
704 642 779 704 enim
808 641 928 706 sabbato
953 663 1026 726 puer
1047 663 1258 728 saepenumero

115 753 303 823 nasceretur,
328 744 389 810 eius
408 744 465 810 diei
482 744 650 828 religionem
667 742 849 808 circumcisio
866 744 1002 824 toiiebat3
1026 757 1112 832 atquc
1130 747 1169 811 ita
1189 749 1258 812 dua·
1285 775 1288 780 ·

113 847 167 912 bus
187 846 246 912 iiiis
268 847 355 912 rebus
375 847 487 912 sabbati
504 847 655 930 abrogatio
669 846 829 932 significato
846 859 914 911 ante
932 848 1055 912 videtur.
1101 847 1166 914 dioc
1180 850 1256 914 eninr

113 960 240 1030 constat,
264 949 377 1036 eosqui
393 961 492 1014 natum
507 950 535 1012 in
550 949 671 1014 sabbato
687 969 806 1034 puerum
821 948 1073 1030 circumciderent,
1097 952 1161 1016 sive
1178 964 1258 1018 nota·

113 1073 180 1116 rum
198 1052 273 1116 diem
289 1065 424 1117 accurate
441 1052 600 1116 observare
616 1051 741 1130 redient,
772 1053 847 1136 quod
866 1051 892 1116 is
906 1053 935 1116 in
951 1051 1101 1118 sabbatum
1117 1054 1257 1120 incurris-

114 1165 171 1233 set,
195 1156 297 1219 eodem
314 1153 376 1241 ipso
392 1155 619 1232 circumcidisse,
644 1175 678 1218 ac
693 1153 814 1240 proinde
828 1154 924 1237 operis
937 1155 1043 1239 aliquid
1060 1155 1168 1240 egisse,
1192 1157 1258 1221 sah·

114 1256 268 1342 hatumquc
291 1257 430 1322 violasse.
481 1254 536 1323 Sin
560 1257 718 1342 abrogandi
745 1255 855 1321 sabbati
880 1267 958 1320 metu
980 1257 1148 1338 differrent,
1180 1281 1257 1324 nono

114 1359 229 1424 demum
246 1360 292 1424 die
310 1359 559 1426 circumcisionem
576 1359 755 1436 adhibuisse,
779 1369 865 1442 atque
879 1359 964 1424 huius
979 1360 1052 1425 adeo
1065 1361 1159 1446 legem
1175 1383 1258 1447 prue-

114 1461 304 1548 stitutumque
325 1463 435 1528 dicrum
459 1473 525 1527 octo
547 1483 699 1526 rrumerum
720 1460 838 1526 minime
862 1461 1002 1528 tenuisse.

200 1561 261 1630 Sed
283 1587 320 1630 ne
343 1565 407 1651 ipsa
429 1564 542 1650 quidem
568 1564 660 1651 prima
684 1575 749 1629 erat
772 1565 902 1649 perfecta
919 1565 1119 1646 circumcisio,
1152 1587 1253 1632 rerum
1304 1575 1364 1644 cap.

113 1666 189 1750 sigui
215 1666 309 1730 instar
331 1669 367 1764 ad
391 1687 490 1732 eorum
512 1688 586 1753 quae
616 1677 718 1752 postca
746 1667 1000 1751 consequebantur
1024 1669 1255 1734 recordationem
1271 1645 1396 1698 mm·

113 1788 273 1848 concessa,
297 1789 331 1833 oc
348 1771 520 1855 praesertim
546 1771 583 1834 ob
602 1770 759 1848 Ahmami,
791 1769 833 1832 uti
851 1768 997 1850 diximus,
1022 1770 1255 1850 haesitationem,

113 1871 274 1936 comitium
294 1872 365 1937 deus
383 1873 544 1958 redarguit,
566 1883 626 1936 tum
643 1873 677 1936 ad
697 1871 816 1936 maioris
833 1871 926 1952 iilius,
950 1883 1037 1958 atque
1053 1873 1213 1958 aequaliter
1228 1875 1257 1938 in

113 1973 150 2038 iis
169 1974 349 2058 quiquidem
369 1975 477 2060 dignati
496 1973 603 2039 inerint
621 1973 718 2038 omnia
737 1973 924 2058 perficientis,
948 1975 1172 2040 adumbraodam
1186 1977 1258 2040 ima·

113 2075 225 2160 ginem.
270 2074 387 2140 Etenim
409 2075 435 2140 si
453 2076 668 2161 ingenemndae
690 2075 853 2140 sanctitatis
870 2077 1044 2142 coelestisne
1068 2078 1152 2163 regni
1177 2079 1257 2143 velut

113 2178 289 2242 hereditatio
310 2179 375 2242 iure
393 2177 562 2243 conterendi
580 2179 675 2264 gratia
692 2189 772 2243 esset
788 2178 936 2259 instituta,
959 2201 1142 2264 consequens
1165 2191 1255 2260 esset,

114 2276 255 2359 Sarram,
277 2301 312 2344 ao
328 2278 510 2360 Rebeccam,
540 2292 570 2344 et
586 2278 670 2344 Liam
688 2301 723 2344 ac
742 2278 918 2361 Racheiem,
948 2292 978 2346 et
997 2279 1199 2364 iochabetam,
1223 2304 1257 2346 ac

112 2379 242 2448 Mariam
256 2379 372 2468 Moysis
390 2403 539 2462 sororem,
563 2393 734 2468 ceterosque
752 2393 867 2448 sanctus
881 2384 1018 2449 mutieres
1035 2405 1070 2449 eo
1085 2405 1151 2450 esse
1165 2406 1256 2470 regno

113 2486 263 2571 privatas,
288 2506 342 2550 nec
358 2486 514 2551 coelestem
534 2485 612 2550 iiiam
633 2485 822 2550 hereditatem
839 2507 925 2570 posse
944 2507 1116 2571 capessere,
1141 2497 1257 2574 propte·

113 2609 167 2653 rea
188 2589 265 2674 qnod
283 2587 422 2652 Abruami
447 2587 668 2653 circumsionem
695 2607 835 2672 usurpare
860 2588 1060 2672 nequiverint,
1091 2611 1195 2674 quam,
1225 2599 1257 2655 ut

112 2691 163 2754 isti
181 2690 296 2768 volunt,
319 2690 390 2754 deus
406 2690 447 2754 iiii
463 2689 584 2774 largitos
601 2701 657 2754 est.
692 2687 777 2773 Quod
795 2689 819 2754 si
839 2689 960 2754 coelesti
977 2689 1042 2754 idae
1060 2711 1162 2774 regno,
1182 2705 1255 2756 tam-

114 2791 171 2856 etsi
191 2791 379 2858 circumcisae
397 2814 455 2856 non
479 2793 603 2872 fuerint,
633 2792 750 2857 minime
768 2802 941 2871 caruerunt,
973 2792 1043 2856 nihii
1066 2791 1155 2876 igitur
1170 2797 1255 2860 modo

113 2893 213 2958 carnis
230 2893 279 2958 iiia
295 2894 478 2960 circumcisio
494 2896 622 2980 prodest.
668 2891 708 2958 Et
723 2916 794 2960 rero
809 2894 874 2979 quid
891 2905 954 2974 est,
978 2895 1052 2979 quod
1069 2893 1164 2960 Ebion
1183 2898 1255 2961 adeo

112 2997 150 3061 de
169 2995 391 3062 circumcisione
409 3017 462 3062 sua
476 2997 632 3082 glorietur,
657 3018 721 3062 cum
735 3007 765 3062 et
779 2996 920 3061 idolorum
935 2997 1062 3062 cultores
1076 3009 1106 3061 et
1119 3000 1256 3064 sacerdo·

114 3111 163 3164 tes
177 3098 316 3184 Aegyptii
338 3099 452 3184 seipsos
475 3120 589 3184 quoque
613 3099 831 3164 circumcidant.
877 3097 962 3182 Quod
985 3111 1013 3163 et
1038 3097 1196 3181 Saraceni,
1228 3113 1257 3166 et

112 3199 284 3266 Ismadiitae
307 3223 341 3265 ac
356 3199 551 3281 Samaritani,
575 3198 692 3280 iudaei,
716 3198 863 3280 idumaei,
895 3213 925 3266 et
944 3200 1110 3268 {homeritae
1134 3204 1255 3270 iaciunt.

114 3301 250 3388 Quorum
267 3303 295 3367 id
315 3304 445 3390 plerique
460 3325 518 3368 non
535 3303 630 3389 aiiqua
647 3305 728 3390 iege,
752 3304 804 3367 sed
820 3305 1028 3369 consuetudine
1045 3306 1165 3390 quodam
1183 3307 1256 3370 citra

113 3407 204 3470 uliam
226 3403 369 3470 rationem
391 3407 561 3493 suscipiunt.

201 3505 336 3592 Denique
348 3509 500 3594 plurimum
516 3531 534 3574 a
548 3529 594 3573 me
609 3507 746 3594 temporis
760 3508 866 3572 insnmi
886 3527 1007 3574 necesse
1024 3509 1080 3589 sit,
1111 3511 1135 3574 si
1157 3512 1187 3574 in
1209 3533 1256 3575 re-

115 3607 254 3676 fellendis
267 3610 344 3676 iiiios
360 3611 444 3696 nugis
465 3610 620 3675 inhaerere
636 3611 770 3688 voluero,
794 3612 841 3694 qni
863 3611 918 3675 hoc
934 3633 993 3676 uno
1008 3610 1162 3678 salvatoris
1180 3614 1256 3678 dioto

113 3716 227 3780 trason
245 3712 362 3778 nititnra
391 3713 505 3794 Srpffim't
518 3717 654 3795 &capulo
671 3718 699 3775 sa'
713 3719 754 3775 sit
766 3717 841 3775 sabut
855 3717 989 3794 mogsbter
1004 3720 1080 3792 ether
1104 3726 1136 3780 ut
1148 3725 1179 3780 et
1191 3716 1254 3801 ipse
1280 3711 1369 3810 {¹⁰⁸²ss

114 3826 239 3903 propter
260 3835 324 3878 eam
346 3836 430 3900 qnam
457 3815 487 3878 in
514 3836 547 3880 se
564 3817 668 3880 merito
684 3811 819 3880 Christus
839 3817 985 3902 expressit
1008 3817 1256 3882 circumcisionem
1316 3797 1323 3820 ’

115 3939 203 3983 suam
227 3927 399 4002 arroganter
416 3928 554 3982 ostentet.
596 3915 806 3982 Verumtamen
823 3918 957 4002 quoniam
976 3918 1012 3982 ob
1032 3915 1140 3983 Christi
1162 3920 1257 3984 imita-

115 4021 229 4085 tionem
244 4041 281 4085 ea
296 4041 329 4084 se
345 4021 488 4084 sententis
507 4041 595 4106 pecus
615 4019 664 4083 ilia
684 4020 829 4098 defendit,
853 4020 949 4084 dicere
966 4019 1038 4086 baud
1058 4021 1184 4086 verebor
1205 4043 1257 4088 nc·

116 4144 263 4208 quaquam
285 4123 362 4186 iiiam
381 4143 417 4188 eo
440 4123 598 4207 pertinere.
644 4119 747 4186 Statim
769 4121 845 4185 enirn
866 4122 998 4187 dominus
1018 4122 1123 4186 adiecit
1143 4145 1200 4188 non
1223 4145 1256 4188 se

116 4225 176 4290 deo
194 4225 252 4290 ista
271 4225 400 4302 dixisse,
424 4225 474 4289 sed
496 4224 532 4289 ob
554 4225 724 4310 ingruentes
742 4211 957 4308 exagitationes
975 4222 1204 4312 ludaeorumqoe
1226 4228 1255 4291 in

150 4361 178 4414 2
195 4360 281 4428 μιαροὶ
303 4361 378 4425 ἱερεῖς
402 4375 454 4412 men
479 4366 512 4412 stt
536 4363 672 4412 mandatio.
756 4357 1002 4411 ticircnmcisionem
1018 4359 1118 4412 hubent.

114 4433 231 4482 encoma
242 4432 332 4480 ootsbot
344 4429 419 4496 tapete
434 4432 575 4492 snpttciter.
608 4431 672 4480 Libri
781 4430 855 4479 Verbo
870 4427 913 4482 sab
927 4423 961 4482 δι’
975 4423 1052 4483 adaco
1067 4430 1257 4496 καταλυθεῖσαν,

114 4501 203 4549 bobum
233 4501 346 4564 μιαιρείς.
389 4499 515 4548 Cumanus
547 4501 670 4548 cononttt:
702 4511 762 4560 meae
782 4499 853 4560 ontpo
873 4499 1049 4562 dsmdnontur,
1071 4502 1190 4562 receptes
1206 4501 1257 4550 eod.

114 4564 219 4634 quando
233 4565 308 4616 οᾱιω
320 4563 441 4617 idolatras
455 4575 481 4616 st
496 4564 668 4618 sociemtibe·
704 4567 822 4617 Vaticano.
