2984 4996
272 273 333 338 698
562 275 575 302 ‘'
693 282 814 336 εεαοτι
831 283 999 336 mmm!

272 400 371 469 αῦτῦν
392 407 450 468 νῦν
467 406 590 488 γραροῑν
611 397 810 484 εόρεθήσεσθε
831 398 1025 487 ἐλεγχόμενοι,
1042 409 1172 489 ’πρῶτον
1193 404 1261 487 μὲν,
1288 401 1335 472 ῦτι
1357 403 1418 470 κατ’

271 504 372 572 εἰκόνα
385 512 461 571 θεοῦ
474 507 609 586 ἐποίησεν
623 500 642 568 ό
654 502 727 580 θεδς
740 502 792 570 τόν
804 501 974 589 ῦνθρωπον.
1003 502 1036 570 Ὁ
1049 507 1081 572 δὲ
1093 505 1223 588 ποιήσας
1235 510 1305 588 ἔφη,
1324 506 1417 590 Ποιή·

272 631 366 691 σωμεν
383 606 546 694 ἄνθρωπον
565 603 627 673 κατ’
643 604 743 672 εἰκόνα
760 603 916 692 ἡμετέραν,
945 609 996 694 καί
1014 605 1083 674 καθ’
1099 605 1254 691 όμοίοισιν·
1277 606 1321 686 αἱς
1336 613 1419 686 εἴτις

272 709 331 778 όπδ
355 719 407 794 τῆς
431 732 485 776 σου
500 710 723 792 πεπλανημένης
743 711 879 792 αἰρίσεως
895 711 1078 796 ίπιστρίψειε
1099 710 1174 796 πρός
1193 710 1249 794 τήν
1265 707 1418 794 άλήθειαι,

263 811 312 906 ,ἰός
327 812 385 880 άπό
401 811 524 888 σκότους
539 809 710 896 ἀποδράσας
726 814 776 877 ιιαλ
791 809 855 880 άπό
870 811 976 889 νυκτός
991 810 1130 891 οίναστδς,
1154 812 1235 898 εῦροε
1254 813 1292 879 δν
1309 813 1342 880 τδ
1357 821 1419 896 φῦς

272 914 350 1006 αῦσῷ
370 915 521 982 άνατεῖλαν
538 921 590 998 τῆς
610 921 664 980 τοῦ
681 921 757 980 θεοῦ
774 912 906 1000 γυεόσεως
927 912 1013 998 ήλίου
1035 918 1134 997 δίκην,
1156 917 1203 980 καὶ
1227 912 1305 1002 ὑπὲρ
1330 917 1416 1000 ἥλιον.

216 1069 219 1074 -
273 1018 438 1103 Φανήσεται
451 1016 507 1104 γάρ
524 1019 610 1082 παντὶ
626 1022 666 1105 τηῦ
681 1015 732 1082 τόν
749 1015 867 1103 εῦλογον
881 1016 1018 1102 λογισμόν
1033 1020 1199 1108 κεκτημένῳ
1219 1019 1267 1086 ὅτι
1283 1018 1302 1085 ό
1320 1017 1415 1096 εἰπόν,

148 1465 200 1510 ιιι·
212 1453 257 1500 ³⁸⁴·

273 1121 450 1206 Ποιήσωμεν
464 1118 644 1205 ἄνθρωπον,
666 1115 684 1185 ό
698 1117 770 1195 θεός
786 1121 861 1186 ἔστιν
875 1117 893 1186 ό
906 1127 964 1184 τῶν
981 1117 1058 1188 ὅλων
1071 1120 1176 1206 πατήρ.
1222 1129 1414 1208 Συγκαλεῖτσι

271 1226 302 1290 δὲ
323 1222 390 1308 μεθ’
413 1225 519 1290 ἑαυτοῦ
539 1220 591 1288 τόν
608 1219 652 1288 άελ
669 1219 739 1288 όντα
754 1220 808 1288 σόν
824 1220 904 1312 αῦιηῦ
920 1220 993 1288 θεόν
1008 1220 1096 1308 λόγον
1112 1222 1178 1290 υίδν
1197 1231 1362 1310 μονογενῆ,
1390 1227 1416 1300 ἰξ

271 1325 363 1394 αῦτοῦ
379 1324 513 1412 άνάργως
527 1327 577 1392 καί
592 1321 724 1410 όγρόνως
737 1327 959 1411 γεγεννημένον,
989 1325 1049 1408 δίμο
1066 1325 1097 1390 δὲ
1113 1328 1163 1390 καὶ
1178 1323 1211 1392 τό
1228 1325 1317 1411 ῦγισν
1330 1324 1416 1391 σῦτοῦ

271 1437 396 1512 πνεῦμα,
418 1427 450 1495 τό
466 1426 521 1494 οόιι
536 1425 686 1512 οίλλόνριον
698 1425 806 1505 αῦσοῦ,
830 1425 899 1494 οῦδὲ
915 1434 968 1493 τοῦ
981 1424 1072 1494 αῦιοῦ
1088 1430 1167 1494 ἰδίου
1184 1431 1266 1494 υίοῦ.
1313 1433 1355 1494 Εἰ
1364 1429 1414 1515 γάρ

270 1531 356 1608 ῦλλος
377 1524 414 1614 ήν
436 1527 453 1597 ό
471 1530 584 1608 πλάσας
600 1529 652 1598 τόν
669 1529 832 1616 άνθρωπον
847 1531 898 1596 καί
913 1528 964 1596 τόν
977 1527 1089 1612 κόσμον
1105 1535 1221 1610 κτίσας,
1250 1529 1338 1608 ἄλλος
1354 1529 1415 1596 δὲό

269 1633 330 1702 άνα
353 1632 468 1719 άγαθός
489 1632 560 1710 θεός
582 1631 649 1718 παρ’
673 1625 710 1698 οῦ
731 1641 876 1716 κατῆλθεν
896 1630 914 1706 ό
936 1631 1080 1718 Χριστός,
1110 1631 1166 1699 οῦκ
1189 1630 1227 1697 ῦν
1251 1630 1271 1698 ό
1283 1615 1415 1720 ’Χριστός

213 1723 225 1742 Ι
269 1735 428 1820 ἐλάμβανεν
442 1738 537 1826 ἑαυτηῦ
552 1743 637 1820 σῶμα
653 1737 703 1800 καλ
716 1738 820 1802 λ’πλασε
836 1736 891 1820 τήν
908 1735 1009 1802 εἰκόνα
1025 1742 1078 1801 τοῦ
1091 1739 1278 1821 δημιουργοῦ
1297 1739 1338 1813 είς
1353 1737 1414 1800 ἔαυ-

123 4526 190 4590 Κιφ.
209 4525 237 4580 ι’.

139 4608 246 4665 utm-

268 1838 320 1906 τόν
337 1836 509 1918 άνατυπῦν,
539 1837 610 1904 άλλά
628 1841 718 1922 δῆλον
735 1837 781 1905 ὅτι
797 1837 887 1915 αότός
902 1841 979 1904 ἔστιν
997 1831 1016 1904 ό
1034 1836 1213 1923 δημιουργός
1229 1845 1285 1903 τοῦ
1301 1836 1412 1922 αἰνθρά·

269 1969 329 2008 που
351 1943 402 2008 καλ
423 1948 476 2007 τοῦ
492 1938 619 2024 κόσμου,
650 1932 673 2029 β
698 1937 778 2006 εἶπεν
799 1939 945 2026 όπατήρ,
978 1939 1155 2024 Ποιήσωμεν
1172 1927 1340 2026 άνθρωπον
1356 1939 1413 2006 κατ’

268 2043 367 2110 εἰκόνα
384 2041 526 2129 ήμεείραν
543 2047 593 2110 καὶ
607 2040 677 2108 καθ’
692 2040 841 2126 ὁμοίωσιν.
883 2041 955 2110 Ἀπδ
971 2044 1003 2109 δὲ
1017 2049 1070 2110 τοῦ
1086 2042 1152 2119 ἑνός
1169 2045 1258 2128 ἔργον
1276 2043 1412 2126 σταθήσε·

269 2175 315 2214 ται
333 2148 461 2234 φανερός
477 2145 630 2233 γενόμενος
650 2142 667 2210 ό
682 2151 825 2229 τεχνίτης,
854 2145 899 2212 ότι
917 2138 1006 2222 οὗτός
1023 2148 1098 2210 ἔστιν
1116 2143 1135 2210 ό
1149 2142 1213 2211 τότε
1229 2144 1284 2211 τόν
1300 2145 1411 2232 ἄνθρω-

267 2275 324 2316 πον
343 2249 528 2334 πεποιηκός,
550 2247 663 2325 πλάσας
683 2273 712 2314 τε
735 2251 767 2314 ίκ
785 2256 839 2334 γῆς
860 2246 893 2314 τό
910 2256 965 2313 τοῦ
981 2245 1072 2331 Ἀδοίμ
1094 2253 1195 2330 σῶμα,
1218 2251 1271 2312 καί
1290 2247 1412 2332 ποιήσας

266 2349 338 2418 αῦτό
356 2355 398 2428 εἰς
414 2351 514 2436 ψυχήν
530 2358 632 2430 ζεῦσαν.
676 2350 732 2416 Διό
750 2354 800 2416 καλ
815 2350 1013 2436 ἐμαρτύρησεν
1035 2349 1052 2416 ό
1067 2349 1151 2435 όίγιος
1163 2347 1305 2434 Ἰωάννης
1325 2353 1357 2418 ἕν
1374 2357 1410 2438 τῷ

265 2452 338 2544 άγίηι
356 2453 509 2542 εόαγγελίφ
525 2455 616 2539 λέγων
632 2452 693 2530 ὅτι,
714 2451 765 2518 Ἐν
780 2451 853 2543 άργή
871 2446 909 2534 ήν
927 2451 1061 2538 όλόγυς,
1083 2455 1131 2518 καί
1151 2450 1170 2518 ό
1186 2451 1275 2538 λόγος
1290 2446 1328 2535 ήν
1342 2451 1411 2536 πρός

265 2555 316 2624 τόν
336 2555 426 2635 θεόν,
456 2558 506 2622 καλ
530 2554 602 2632 θεός
623 2550 661 2638 ήν
681 2553 698 2621 ό
715 2555 815 2641 λόγος,
846 2547 933 2632 οὗτος
953 2548 991 2638 ήν
1013 2557 1045 2622 ἐν
1067 2552 1141 2642 α’ρχῇ
1160 2554 1238 2640 πρός
1257 2554 1313 2622 τόν
1329 2553 1409 2622 θεόν·

263 2658 360 2725 πάντα
374 2657 411 2724 δι’
426 2657 517 2724 αότοῦ
532 2659 653 2744 ἐγένετο,
675 2660 725 2724 καὶ
738 2661 827 2742 χωρίς
842 2655 934 2724 αότοῦ
948 2659 1059 2743 ίγένετο
1075 2652 1145 2722 οῦδὲ
1159 2661 1204 2734 ἓν,
1227 2660 1280 2723 καλ
1293 2658 1330 2724 τά
1343 2659 1408 2739 ἓξής.

261 2765 305 2826 Εἰ
320 2763 351 2826 δί
368 2764 400 2828 ἐν
415 2758 495 2849 αῦτηῦ
511 2763 637 2846 ίγίνετο,
667 2762 718 2826 καλ
735 2755 785 2824 ὑπ’
803 2757 895 2826 αότοῦ
913 2761 1040 2846 ἐγένετο,
1070 2756 1159 2836 αόιός
1174 2757 1239 2824 τότε
1255 2759 1310 2827 τόν
1324 2759 1409 2841 Ἀδάμ

263 2866 377 2943 ἔπλασε,
394 2865 445 2928 καί
459 2860 548 2938 αόιός
561 2861 647 2928 πάλιν
659 2861 691 2928 τό
707 2869 791 2945 σῶμα
805 2860 866 2928 α’πό
882 2867 1003 2948 Μαρίας
1015 2868 1067 2945 τῆς
1080 2863 1236 2947 παρθένον
1251 2865 1295 2940 εἰς
1309 2859 1404 2928 ἑαυτόν

263 2963 460 3044 άνεπλάσατο,
490 2967 541 3031 καί
563 2971 674 3042 τελείως
694 2961 748 3046 τήν
768 2971 867 3030 πᾶσαν
890 2961 982 3030 αὐτοῦ
1002 2961 1237 3051 ίνανθροίπησιν
1252 2964 1406 3049 συνήνυσε,

262 3066 316 3150 τήν
332 3064 381 3135 ὑπ’
396 3064 488 3134 αότοῦ
503 3066 568 3134 τότε
580 3074 780 3145 πλασθεῑσαν,
809 3069 860 3132 καὶ
875 3073 930 3132 νῦν
945 3069 977 3132 ἔν
991 3068 1085 3155 ἐαυτῷ
1102 3076 1331 3134 συνενωθεῖσαν.
1371 3067 1407 3130 Εἰ

263 3171 296 3236 δὲ
313 3167 464 3255 όλλοτρίαν
480 3171 616 3254 ἐργασίαν
631 3172 673 3244 εἰς
689 3167 797 3234 ἔαυτόν
814 3171 898 3252 ἔλαβε
914 3177 967 3234 τοῦ
982 3175 1082 3244 κακεῦς
1098 3168 1150 3251 τήν
1165 3169 1273 3235 πλάσιν
1289 3173 1404 3236 πλάσαν-

261 3299 311 3349 τος
327 3274 376 3338 ιιαλ
393 3279 487 3338 κακοῦ
503 3269 686 3358 ὑπάρχοντος
701 3269 775 3338 κατά
790 3271 843 3352 τήν
859 3291 914 3338 σου
931 3271 1136 3349 διδασκαλίαν,
1167 3274 1217 3336 καί
1236 3275 1264 3336 εἰ
1276 3271 1352 3349 ῦλυς
1366 3271 1404 3336 τί

261 3401 365 3459 γρηται
379 3383 441 3448 τοῖς
456 3382 561 3450 πανοῖς
575 3373 738 3457 ποιήμασιν
756 3370 802 3450 οίς
819 3370 837 3440 ό
854 3371 928 3463 ρασά
948 3373 980 3439 οἰ
996 3371 1088 3449 κακός
1104 3371 1231 3456 ποιητής
1248 3373 1403 3460 εἰργάσατο,

262 3475 320 3562 ῦρα
336 3478 458 3562 ἐπεμίγη
479 3481 621 3566 τήκαιιίηι
641 3483 695 3543 τοῦ
712 3482 853 3558 ποιητοῦ,
884 3474 983 3561 χρήσει
1000 3499 1031 3540 τε
1046 3477 1097 3540 καί
1113 3472 1277 3564 εῦεργεσίρ,
1309 3479 1403 3562 καλιῇ

261 3582 323 3668 ἰδίγ
342 3576 435 3646 αῦιοῦ
457 3577 556 3646 εἰκόνι.
597 3577 668 3644 Ἀλλ’
691 3575 746 3644 οῦκ
768 3578 918 3660 ἐνδέχεται.
962 3579 1005 3642 Εἰ
1023 3575 1079 3664 γάρ
1101 3577 1344 3663 ίνηιθροίηοεν,
1370 3572 1403 3641 οό

260 3681 353 3765 μόνον
370 3679 464 3765 σάρκα
479 3683 614 3762 είληφεν,
637 3678 707 3746 ἄλλοί
723 3682 772 3746 καί
788 3678 897 3764 ψυχήν.
941 3685 1039 3762 Δήλου
1057 3679 1115 3766 γάρ.
1128 3682 1209 3746 ἔσται
1224 3688 1325 3746 τοῦτο·
1346 3680 1402 3746 διαί

261 3782 358 3850 πόθεν
371 3786 473 3869 λ’λεγεν,
494 3781 646 3861 Ἐξονσίαν
661 3786 715 3866 ἔχω
731 3787 830 3866 λαβεῖν
845 3767 898 3865 άήν
912 3781 1012 3866 φυγήν
1027 3809 1101 3866 μου,
1124 3784 1174 3848 καί
1187 3790 1287 3848 θεῖναι
1302 3779 1399 3863 αότήν,

265 3883 325 3968 Τήν
343 3893 441 3952 πῦσαν
458 3889 558 3952 τοίνυν
575 3889 775 3974 πραγματείαν
793 3883 1018 3967 άναλεξόμενος,
1048 3883 1102 3968 τήν
1118 3889 1262 3969 ῥηθεῖσαν
1279 3882 1335 3950 όιιδ
1351 3889 1399 3948 τοῦ

260 3990 444 4074 δημιουργοῦ
459 3986 576 4069 εἰκόνα,
606 3995 704 4054 πᾶσαν
721 3992 918 4074 πραγματείαν
933 3985 1103 4067 άνεδίξατο,
1125 3990 1158 4053 ίν
1174 3995 1215 4076 τῷ
1231 3987 1337 4071 σοι’μστι
1351 3987 1397 4050 ταί

260 4097 343 4180 ψυχή
359 4089 456 4156 ἐλθόν
470 4088 597 4176 όλόγυς,
618 4093 714 4156 καλίν
726 4086 843 4166 όποίοις
856 4087 966 4156 ἅπασίν
979 4092 1056 4156 ἐστιν
1069 4087 1087 4154 ό
1100 4089 1274 4174 άνθρωπος·
1294 4087 1398 4154 τοῦτον

262 4193 294 4257 δὲ
315 4192 411 4269 οῦτοος
431 4194 623 4260 τελεσθέντων
641 4191 801 4270 ίξάπαντος
816 4190 988 4277 ήμαόρωταί
1010 4213 1064 4260 σου
1084 4190 1118 4258 τό
1136 4194 1322 4277 δηλητήριον,
1348 4191 1397 4254 καί

261 4295 345 4361 ίπεσί
359 4315 415 4360 σου
429 4292 450 4377 ή
463 4293 562 4370 στάσις
578 4292 598 4377 ή
612 4293 824 4378 Ἰῦθεμελίατος,
847 4294 888 4379 μή
903 4297 1009 4378 ἔχουσα
1025 4299 1112 4378 πῆξιν
1126 4294 1318 4382 ίδραιοίμοτος
1331 4289 1394 4374 α’λη·

261 4401 355 4473 θείας.

345 4502 387 4564 Εἰ
402 4501 497 4568 δὲκαὶ
513 4500 532 4566 δί
548 4499 647 4583 βοόλει
662 4499 820 4585 λαμβάνεις
833 4497 893 4568 άπό
908 4505 962 4583 τῆς
976 4503 1060 4577 θείας
1074 4507 1208 4587 γραφῆς,
1235 4501 1283 4566 ιιαλ
1296 4495 1314 4564 δ
1328 4493 1394 4580 βοά·
