3008 4996
372 336 506 390 eunoun
524 337 585 390 nra.
597 338 617 390 r.
634 339 715 392 ron.
729 338 761 390 n.
778 338 876 391 naen.
887 338 988 392 xxix.
1191 325 1252 390 233

195 451 252 519 llic
268 456 345 518 enirn
360 454 476 542 losephi
492 477 530 520 ex
546 457 603 522 alia
620 458 673 522 luit
688 479 772 542 quam
780 455 877 522 illaria
892 459 1015 541 continge
1032 455 1119 536 lilius,
1135 456 1162 519 id
1176 458 1251 540 quod
1271 470 1330 540 cap.
1342 472 1385 524 tv.

109 555 240 644 pluribus
258 555 330 620 locis
352 578 370 620 a
393 578 440 620 me
461 570 716 622 commemoratum
738 569 791 622 est·
806 559 1044 642 manifestiusque
1065 558 1250 642 disputatum.

111 655 282 740 Quinetiam
297 678 314 721 e
331 655 454 721 llaridis
467 679 576 743 genere
596 670 783 746 propagatum
799 659 878 723 illum
896 659 1068 742 reperimus,
1093 669 1190 743 utpote
1205 657 1254 722 lo·

109 759 192 842 sepbi
218 760 325 836 lilium,
346 761 526 844 eundemque
543 760 743 825 Nazaraeum.
786 758 865 824 Nam
887 758 1000 844 losepbi
1029 760 1185 824 liberorum
1208 760 1254 824 bic

109 860 222 946 primus
238 881 274 924 ac
290 871 481 925 consecratus
501 862 566 926 luit.
610 859 674 926 lmo
692 873 722 926 et
744 863 883 926 sacerdos
905 881 946 925 ex
964 863 1075 924 veteris
1096 861 1173 924 illius
1195 860 1254 926 ritu

111 961 270 1026 acerdotii
288 960 378 1026 luisse
395 963 572 1047 perbihetur.
606 962 802 1046 Quamobrem
821 963 911 1027 semel
929 962 954 1026 ei
972 961 1125 1046 quotannis
1141 961 1170 1026 io
1186 983 1255 1025 san·

111 1074 159 1128 eta
176 1074 344 1128 sanctorum
359 1084 530 1128 concessum
549 1074 595 1128 est
610 1064 741 1148 ingredi,
764 1065 1000 1147 quemadmodum
1019 1062 1139 1127 summis
1155 1083 1255 1128 sacer·

111 1165 229 1229 dotibus
243 1165 309 1248 lege
326 1185 393 1228 esse
409 1165 617 1250 praescriptum
635 1187 652 1230 e
667 1166 761 1230 sacris
773 1166 867 1230 literis
885 1165 1047 1228 didicimus.
1087 1161 1173 1246 Quod
1191 1162 1255 1248 qui·

112 1268 177 1330 dem
196 1267 232 1329 de
249 1263 357 1330 laccho
375 1265 503 1350 plerique
528 1277 596 1330 ante
619 1288 672 1330 cos
694 1267 852 1331 memoriae
871 1264 1074 1350 prodiderunt,
1107 1277 1139 1329 ut
1159 1264 1256 1330 Euse-

111 1369 195 1446 bius,
225 1365 364 1432 Clemens
387 1366 498 1430 etalii.
544 1365 658 1433 Sedet
682 1368 829 1432 bracteam
852 1369 945 1432 eidem
969 1367 998 1433 in
1023 1367 1116 1451 capite
1138 1377 1255 1448 gestare

111 1471 232 1534 licuisse
249 1491 321 1554 quos
338 1469 470 1554 proxime
492 1470 638 1532 nominavi
661 1469 758 1533 idonei
776 1469 935 1555 scriptores
955 1469 1172 1534 commentariis
1193 1469 1255 1532 suis

110 1581 249 1638 testatum
267 1569 457 1654 reliquerunt.
503 1567 661 1651 Quocirca,
685 1575 833 1644 Snemdos,
860 1571 899 1634 uti
916 1570 1054 1647 diximus,
1076 1573 1155 1632 Iesus
1171 1573 1398 1639 christetem·

112 1687 174 1736 stus
188 1678 316 1736 domabas
337 1684 433 1733 noster
454 1675 732 1754 murmurasset,
756 1676 905 1734 secumdum
921 1677 1044 1734 ordinem
1058 1673 1252 1744 Melcdr'sedec,

111 1775 247 1858 idemque
269 1794 324 1837 rex
345 1773 503 1838 seeundum
527 1772 708 1856 superiorem
736 1794 770 1836 ac
789 1774 946 1838 coelestem
965 1771 1114 1848 ordinem,
1145 1780 1177 1834 ut
1198 1791 1255 1834 nna

112 1899 177 1941 cum
195 1877 262 1958 lege
279 1875 471 1938 sacerdotium
490 1875 675 1937 transferret.
719 1871 789 1938 Fuit
805 1895 877 1938 rere
894 1885 1012 1960 propter
1032 1871 1071 1936 B.
1091 1870 1216 1936 Mariam
1238 1893 1256 1936 e

112 1977 236 2042 Doridis
251 1975 392 2039 oriundus
411 1975 519 2059 stirpe,
542 1986 629 2058 etque
650 1975 679 2038 iu
703 1975 795 2058 regali
814 1975 888 2038 solio
904 1980 983 2038 sedet
997 1981 1026 2037 a'n
1045 1985 1204 2048 ortmann,
1228 1985 1257 2036 et

112 2085 199 2160 regni
211 2081 291 2140 allius
305 2098 359 2138 non
374 2080 520 2157 err'tfim's.
550 2073 696 2140 Nimirum
715 2078 874 2141 transferre
889 2076 967 2140 illurn
986 2097 1044 2139 nou
1062 2075 1157 2140 miuus
1173 2074 1256 2158 regni

113 2203 198 2268 quam
217 2177 375 2244 sacerdotii
391 2177 522 2240 ordinem
535 2176 678 2261 oportuitq
710 2177 814 2262 qnippe
832 2199 897 2240 cunr
915 2178 977 2241 eius
997 2198 1117 2260 regnum
1139 2176 1257 2240 minime

115 2303 155 2348 en
169 2283 227 2346 boo
242 2279 349 2342 mundo
369 2278 419 2356 sit,
440 2287 473 2342 ut
488 2275 595 2341 Pontio
609 2275 704 2342 Pilato
721 2277 751 2342 iu
768 2279 920 2361 evaugelio
936 2278 1123 2364 respondisse
1145 2280 1253 2341 fertura

113 2390 239 2465 llegnum
261 2403 349 2442 areum
369 2402 425 2442 non
447 2391 490 2441 eat
505 2384 539 2442 de
554 2383 606 2440 loc
620 2383 730 2441 mundo.
778 2374 852 2443 Cum
876 2381 952 2444 enim
971 2377 1107 2444 Christus
1125 2378 1179 2442 sub
1194 2377 1256 2461 qui·
1302 2389 1368 2424 ⁰⁸⁸¹·

113 2485 236 2550 busdam
256 2482 449 2566 aerriqmatum
471 2480 629 2544 involucris
652 2479 788 2544 uniuersa
813 2481 991 2566 compleret,
1022 2480 1097 2564 qnod
1117 2479 1255 2544 lnocteuus
1316 2461 1324 2487 ’

113 2586 273 2670 gerebatur
296 2582 420 2668 perluit
443 2581 540 2666 aliquo
564 2591 649 2646 tenum
672 2580 838 2666 pervenire.
882 2579 989 2666 Neque
1004 2601 1077 2644 rero
1096 2580 1161 2642 ideo
1177 2579 1258 2642 veuit

114 2699 145 2750 ot
160 2687 210 2772 qui
226 2694 381 2768 regnasset
397 2683 536 2746 hactenns
555 2680 701 2766 imperare
717 2703 804 2767 porro
822 2692 974 2768 pergeret,
998 2682 1049 2746 sed
1067 2681 1104 2744 iis
1121 2701 1254 2762 regnum,

115 2810 188 2872 qnos
204 2787 397 2850 constituerat
411 2783 475 2868 ipse
490 2784 639 2868 dilargitus
654 2794 711 2863 est,
735 2805 772 2854 ne
787 2806 804 2846 a
821 2783 981 2848 minoribus
995 2782 1129 2866 progredi
1145 2782 1180 2845 ad
1195 2801 1256 2846 ma·

115 2889 177 2953 iera
193 2887 251 2951 dici
267 2887 371 2970 possit.
402 2889 502 2947 Manet
516 2888 616 2966 qut'pupe
628 2889 706 2946 sedes
720 2889 808 2959 alleba,
826 2897 854 2947 et
867 2888 953 2966 regni
966 2889 1026 2945 eries
1041 2905 1096 2946 non
1109 2885 1254 2964 err'tflnsir,

114 3001 201 3075 atquc
227 2989 258 3052 iu
282 2983 404 3049 Daridis
431 2985 506 3050 solio
530 2986 678 3062 considet,
711 2997 864 3071 propterea
888 2986 962 3069 quod
986 2981 1109 3048 llaridis
1135 3003 1257 3066 regnum

114 3088 285 3167 morstadt,
309 3088 392 3172 idque
406 3087 499 3172 ipsum
517 3107 574 3150 una
590 3107 654 3150 cum
669 3088 836 3173 pontificatu
851 3085 947 3150 serris
964 3086 1026 3150 suis
1044 3084 1179 3162 indulsit,
1204 3083 1258 3148 boo

115 3203 160 3257 est
175 3187 338 3256 cadrolicaa
360 3187 505 3252 ecclesiae
528 3187 722 3274 pontilicibus.
769 3185 828 3252 Sed
852 3187 940 3250 multa
956 3188 991 3250 de
1015 3207 1049 3250 ea
1068 3207 1101 3250 re
1117 3184 1258 3268 disputari

113 3300 251 3378 possunt.
297 3287 441 3372 Quoniam
459 3309 531 3352 uero
549 3290 584 3353 od
605 3309 669 3352 eum
689 3289 785 3352 locum
808 3288 916 3372 delapsi
940 3308 1040 3353 sumus
1062 3297 1094 3349 ut
1111 3287 1257 3350 reddenda

113 3415 219 3458 musso
238 3390 322 3455 nobis
335 3402 414 3456 esset
427 3412 480 3454 cur
495 3391 515 3454 ii
531 3389 579 3475 qni
590 3387 709 3456 (limato
725 3410 830 3454 nomen
843 3389 984 3452 dederant
999 3388 1163 3474 priusquam
1173 3383 1260 3451 Cbri-

114 3497 278 3560 stianorom
298 3512 403 3556 nomeu
423 3502 523 3556 essent
544 3492 640 3577 adepti
661 3487 773 3554 lessaei
790 3500 984 3568 vocarentur,
1014 3488 1122 3552 idcirco
1147 3487 1259 3552 monui·

114 3619 181 3662 mus
197 3593 347 3659 lessaeom
368 3591 491 3657 Doridis
509 3604 618 3678 patrem
635 3591 737 3656 luisse.
773 3591 835 3654 alut
850 3590 952 3655 abillo
967 3589 1056 3674 igitur
1073 3587 1186 3668 lessae,
1209 3598 1261 3652 aut

114 3720 133 3762 a
149 3694 219 3760 lesu
239 3689 350 3758 Cbristi
369 3692 476 3757 domiui
493 3695 584 3757 nostri
601 3693 791 3778 appellatione
807 3689 990 3758 lessaeorum
1006 3711 1112 3754 nomen
1127 3690 1259 3754 obtinue-

113 3809 204 3875 rnnt,
227 3795 303 3879 qnod
322 3793 358 3858 ab
378 3791 444 3858 lesu
463 3794 614 3880 disciplina
631 3796 770 3880 proiecti,
794 3794 982 3877 eiusdemque
998 3791 1129 3874 discipuli
1147 3792 1258 3870 iorcntq

115 3908 168 3962 ant
187 3897 257 3960 illud
279 3895 403 3980 denique
425 3915 465 3958 ex
487 3896 635 3960 cendone
654 3897 715 3981 ipsa
736 3895 877 3973 nominis,
908 3915 965 3979 quo
982 3892 1116 3958 domiuus
1137 3902 1259 3956 vocatus

115 4010 175 4077 est,
199 3996 341 4082 originem
357 3996 480 4082 accepit.
512 3993 597 4060 lesus
615 3995 691 4060 enim
707 3995 853 4061 llebraice
869 4005 1046 4072 curatorem,
1069 3995 1124 4058 boc
1140 4005 1186 4058 est
1199 4013 1260 4057 me·

115 4101 213 4164 dicum
233 4118 268 4162 ae
286 4107 484 4178 servatorem,
508 4097 662 4184 siguificat.
706 4095 850 4182 Quicquid
868 4097 923 4176 sit,
947 4107 1060 4162 constat
1078 4116 1114 4158 eo
1129 4093 1257 4173 nomina,

116 4201 284 4287 prinsquam
304 4193 465 4262 Christiani
478 4209 671 4277 vocarentur,
695 4198 855 4285 appellatos
875 4197 978 4262 luisse.
1022 4201 1118 4280 Atque
1134 4194 1170 4260 ab
1189 4195 1260 4259 urbe

115 4305 233 4366 demum
254 4299 427 4377 Antiochia,
457 4299 497 4362 uti
517 4321 604 4386 supra
628 4287 825 4379 meminimus,
858 4300 987 4384 adeoque
1004 4299 1067 4383 ipsa
1091 4298 1134 4362 rei
1152 4297 1260 4362 veritas

115 4401 300 4487 comprobat,
324 4400 533 4484 condiscipuli
550 4399 618 4485 ipsi,
642 4411 701 4464 tum
719 4403 813 4465 omnis
830 4401 953 4466 ecclesia
969 4400 1015 4464 dei
1028 4395 1260 4465 Christianorum

116 4504 262 4568 vocabulo
284 4488 503 4588 comprehensa.
