3008 4996
260 276 321 340 218
682 283 802 338 ειεεοτι
820 283 988 336 εεοευιοιι

259 409 314 468 τοῦ
333 398 429 483 Ἰησοῦ
451 399 521 467 ἀνα.
567 400 751 466 Πεπονθότα
771 401 805 466 δὲ
825 399 878 466 τόν
895 396 1010 483 Ἰησοῦν
1030 401 1081 466 καί
1103 400 1191 466 πόλιν
1210 402 1409 488 ἐγηγερμένον,

262 501 391 588 Χριστόν
414 503 448 568 δέ
467 501 520 568 τόν
541 500 660 566 ἀνωθεν
677 500 803 567 ἐλθόντα
824 503 866 577 είς
884 498 975 566 αάτόν
993 498 1101 584 ἀπαθῆ
1119 500 1305 582 ἀναπτάντα,
1335 501 1409 588 ὅπερ

259 606 319 670 ἐστί
337 602 370 670 τό
384 602 530 670 κατελθόν
545 606 576 670 ίν
590 607 660 668 είίει
674 609 853 688 περιστερᾶς,
871 604 921 670 καί
936 600 974 669 οό
987 601 1040 669 τόν
1052 600 1166 686 Ἰησοῦν
1180 602 1255 670 εἶναι
1270 603 1410 690 Χριστόν.

124 795 191 861 Κεφ·
210 791 243 864 β’·
343 803 527 872 Ἐοοπίπτωκε
541 806 574 872 δέ
589 807 641 871 καί
657 797 760 884 οὗτος,
789 801 831 882 οίς
846 802 934 891 όρῖιτε
950 804 1058 882 πάντες
1074 809 1105 873 οί
1117 813 1172 890 τῆς
1188 804 1330 890 ἀληθείας
1345 809 1412 894 ἐρα·

259 911 334 974 σταί
380 907 492 974 Φάσκει
507 905 563 992 γάρ
577 905 630 972 τόν
645 904 738 989 νόμον
753 903 902 972 δεδωκότα
917 904 973 972 οόκ
986 903 1120 992 ἀγαθόν,
1143 900 1181 974 οό
1195 915 1237 998 τηῖ
1251 907 1334 996 νόμῳ
1349 913 1411 976 πεί-

258 1019 371 1076 θεσθαι
387 1014 484 1089 δοκεῖ,
513 1013 602 1092 δῆλον
616 1009 649 1074 δέ
665 1007 709 1074 ότι
727 1005 768 1085 ός
782 1004 898 1097 ἀγαθῷ.
944 1015 1018 1086 Παῖς
1031 1000 1087 1074 οὖν
1101 1006 1120 1074 ό
1133 1009 1264 1096 πονηρός
1275 1008 1328 1076 τόν
1341 1008 1412 1096 ἀγα-

260 1111 319 1178 θόν
335 1109 426 1195 νόμον
443 1113 586 1190 mmm
616 1113 660 1175 Εί
671 1108 728 1195 γάρ
744 1107 836 1175 καλόν
851 1106 884 1174 τό
902 1106 943 1192 μη
956 1108 1118 1193 μοιχεύειν,
1145 1113 1197 1176 καί
1214 1109 1304 1178 καλόν
1318 1109 1353 1177 τό
1369 1109 1412 1196 μὴ

259 1211 413 1294 φονεύειν,
441 1212 526 1302 πόσην
547 1237 579 1298 γε
598 1217 706 1294 μᾶλλον
726 1207 745 1276 ό
764 1206 962 1293 ἐντειλάμενος
978 1215 1099 1294 βελτίων
1119 1215 1180 1296 τίη,
1210 1211 1264 1279 ἐόν
1278 1238 1311 1298 ηε
1332 1210 1351 1279 ό
1369 1212 1412 1298 μη

259 1312 374 1400 πράξας
388 1311 505 1400 ἀγαθός
524 1321 535 1360 ¹
547 1311 737 1398 όμολογῖηταις
765 1319 830 1388 πῶς
844 1313 876 1377 ἀί
890 1312 1165 1399 κατηγορηθὴσεται
1179 1311 1257 1380 κακά
1273 1314 1412 1401 πρόπαν

258 1413 279 1482 ό
293 1412 327 1482 τό
345 1412 462 1501 ἀγαθόν
477 1413 688 1498 συμβουλεύων
704 1416 756 1480 καί
772 1411 890 1500 ἀγαθόν
905 1410 1007 1490 διίοάς
1024 1413 1131 1497 νόμους
1159 1412 1243 1482 Ἀλλά
1259 1415 1413 1500 μανιάθης

258 1515 277 1584 ό
298 1514 374 1603 ἀνὴρ
394 1516 542 1593 τοιούτοις
562 1519 705 1602 ἐγχειρῶν.
752 1508 848 1591 Οὗτος
865 1516 898 1580 δέ
913 1516 1006 1595 ἐστιν,
1035 1513 1199 1601 ἀγαπητοί,
1226 1513 1270 1593 είς
1286 1524 1346 1584 τοῖν
1360 1520 1411 1584 ἐπί

257 1625 318 1686 τιῖν
335 1617 507 1686 ἀποστόλων
524 1615 610 1702 ότήν
625 1615 755 1705 ταραχήν
771 1615 982 1702 ἐργασόμενος,
1012 1615 1063 1683 ότε
1079 1622 1111 1684 οί
1123 1620 1192 1703 περί
1206 1615 1347 1702 Ἰότιοοβον
1365 1645 1413 1704 ςε-

258 1717 406 1808 ςράφασιν
422 1723 464 1796 είς
479 1717 535 1804 τὴν
549 1717 726 1802 Ἀντιόχειαν
743 1717 912 1801 έπιστολην,
933 1721 1064 1804 λέγοντες
1079 1719 1141 1802 ότι,
1155 1718 1309 1806 Ἓγναμίν
1329 1748 1414 1798 τινας

259 1825 290 1900 ἐξ
307 1820 393 1906 ἡμῶν
407 1819 483 1908 πρός
498 1819 576 1904 ἀμᾶς
590 1820 733 1897 ἐλθόντας
747 1823 798 1886 καί
811 1819 995 1904 ταράξαντας
1009 1818 1089 1902 ἀμοῖς
1103 1821 1216 1908 λόγοις,
1238 1819 1285 1899 οἷς
1299 1820 1338 1888 οά
1353 1828 1413 1890 διε·

258 1923 424 2007 τειλόμεθα.
469 1925 529 1988 Καί
544 1916 633 1998 οὗτος
648 1919 690 1998 είς
702 1925 763 1988 ἐστι
775 1929 836 1988 τοῖν
848 1919 1045 1988 ἀντιστάντων
1058 1930 1098 2012 τῷ
1112 1920 1186 2012 ἀγίιμ
1202 1925 1319 2014 Πέτρην,
1335 1928 1414 1992 ἐπει-

259 2023 298 2108 θή
320 2027 436 2109 είςῆλθε
456 2021 532 2112 πρός
549 2021 714 2110 Κορνήλιον
733 2021 785 2088 τόν
804 2023 904 2109 ἀγιον,
933 2022 982 2088 ὅτε
1000 2029 1193 2106 μετεστείλατο
1214 2023 1305 2091 αότόν
1324 2053 1415 2093 κατα·

258 2129 379 2205 ξιαθείς
393 2125 535 2202 ὀπτασίας
551 2123 689 2211 ἀγγέλου,
719 2127 771 2190 καί
787 2121 804 2190 ό
820 2127 935 2211 Πέτρος
950 2127 1090 2206 ἐδίσταζε,
1119 2129 1172 2192 καλ
1186 2123 1244 2192 είίε
1258 2125 1292 2192 τό
1309 2126 1415 2212 όραμα

258 2235 311 2311 τῆς
326 2225 440 2310 ἀθόνης
451 2230 504 2294 καί
522 2225 558 2292 τό
576 2229 608 2294 ἐν
624 2223 716 2315 αότῇ,
737 2228 788 2292 καί
802 2225 911 2310 ἤκουσε
927 2224 1007 2313 παρά
1020 2231 1126 2312 κυρίου
1143 2229 1234 2312 μηδέν
1248 2227 1350 2294 κοινόν
1368 2232 1413 2295 λέ·

257 2354 319 2415 γειν
334 2327 356 2413 ἢ
372 2326 553 2415 ἀκάθαρτον.
600 2320 695 2403 Οὗτος
711 2321 767 2393 οὖν
781 2333 929 2414 παρεκίνει
944 2329 1010 2415 περί
1027 2336 1082 2394 τοῦ
1100 2333 1218 2416 Πέτρου
1233 2327 1415 2408 ἀνελθόντος

257 2434 300 2508 τίς
313 2427 502 2517 Ἰερουσαλὴμ
518 2427 555 2495 τοί
571 2427 675 2512 πλήθη
691 2436 750 2496 τοῖν
766 2432 798 2495 έκ
816 2437 977 2516 περιτομῆς
990 2431 1082 2515 λέγων
1097 2431 1159 2512 ὅτι,
1189 2435 1320 2515 Είςῆλθε
1336 2431 1415 2518 πρός

258 2531 370 2617 ἀνδρας
387 2530 584 2618 ἀκροβυστίαν
601 2533 728 2614 ίχοντας.
769 2529 904 2614 Ἐποίησε
923 2533 955 2598 δέ
972 2539 1058 2598 τοῦτο
1078 2531 1234 2618 Κόρινθος
1251 2535 1323 2618 πρίν
1342 2533 1365 2616 ἢ
1383 2537 1415 2600 ἐν

226 2659 232 2668 ·
257 2642 294 2724 τῇ
310 2632 392 2723 Ἀσίηι
407 2633 532 2721 κηρύξαι
546 2630 580 2698 τό
596 2630 690 2698 αότοῦ
704 2632 855 2719 κηρυγμα,
883 2635 934 2700 καί
949 2636 1085 2716 ἐμπεσεῖν
1100 2637 1142 2710 τίς
1155 2632 1189 2700 τό
1205 2633 1415 2722 περισσότερον

257 2742 312 2820 τῆς
326 2738 434 2802 ἐαυτοῦ
450 2733 595 2811 ἀπωλείας
609 2733 775 2821 βάραθρον.
817 2733 878 2800 Διά
894 2733 950 2821 ράρ
967 2733 1001 2801 τό
1017 2733 1093 2801 είναι
1108 2732 1200 2804 αότόν
1215 2739 1415 2822 ἐμπερίτομον

259 2841 353 2920 θῆθεν
372 2834 535 2913 ἀντιθιτίας
555 2839 640 2902 ἕνεκα
660 2844 720 2902 τοῖν
741 2839 772 2904 ἐν
789 2834 968 2926 ἀτροβνστίρ
985 2843 1096 2904 πιστῶν
1115 2838 1165 2904 διό
1183 2845 1236 2922 τῆς
1251 2847 1417 2924 περιτομῆς

257 2936 313 3023 τήν
333 2938 485 3026 πρόφασιν
505 2936 681 3023 έθηράσατν.

122 3361 190 3431 Κεφ.
205 3361 238 3430 η.
347 3352 408 3412 Τοῦ
427 3347 460 3411 δέ
474 3349 579 3432 κυρίου
595 3346 721 3414 πάντοτε
736 3346 790 3432 την
805 3349 970 3433 ἐπιμέλειαν
986 3355 1040 3432 τῆς
1053 3346 1289 3434 ἀνθρωπότητος
1305 3374 1414 3416 ποιου-

258 3449 361 3531 μένου,
381 3450 433 3513 καί
446 3447 479 3513 τό
492 3449 586 3530 σαφές
599 3456 652 3532 τῆς
665 3447 805 3534 ἀληθείας
817 3452 851 3516 ἐν
866 3459 928 3529 τοῖς
941 3458 995 3534 τῆς
1007 3449 1149 3533 ἀληθείας
1159 3455 1239 3528 υἱοῖς
1252 3447 1414 3531 ἀσφαλιζο·

258 3551 365 3633 μένου,
386 3551 437 3616 καί
454 3547 557 3626 δόντος
574 3552 679 3639 Πέτρρο
697 3560 739 3640 τῷ
755 3549 829 3642 ἀρίρο
844 3550 1001 3640 ἀποστόλρο
1016 3551 1202 3635 ποιήσασθαι
1224 3550 1319 3627 ινοτίς
1335 3551 1416 3639 πρός

258 3648 350 3718 αάτόν
366 3652 418 3716 καί
431 3649 502 3727 τοός
515 3649 607 3717 αὐτοῦ
624 3655 765 3739 ἐλέγχους,
787 3651 901 3740 φανερά
914 3660 1023 3740 γίνεται
1037 3651 1058 3739 ἦ
1071 3661 1125 3720 τοῦ
1139 3658 1298 3739 Κηρίνθον
1314 3651 1417 3720 ἀνοια.

259 3755 339 3836 Φησί
355 3751 411 3839 γάρ
428 3749 447 3818 ό
465 3752 548 3840 ἀγιος
567 3755 697 3840 Πέτρος,
726 3753 800 3840 Ἐμοί
816 3754 897 3838 ἥμην
913 3757 946 3821 ίν
961 3754 1043 3822 πόλει
1060 3753 1183 3845 Ἰόππη,
1212 3757 1264 3822 καί
1280 3751 1368 3820 είθον
1385 3757 1420 3821 ἐν

136 3876 189 3922 με·
203 3865 247 3910 112
261 3857 335 3946 μίση
347 3863 384 3945 τῇ
395 3853 490 3943 ημέρηι
502 3858 570 3941 περί
584 3855 665 3942 ἀραν
677 3858 763 3939 ἕκτην
775 3854 891 3940 σ’θόνην
906 3859 1087 3940 καθιεμένην
1105 3860 1137 3924 ἐν
1153 3859 1285 3941 τέτρασιν
1298 3853 1418 3941 ἀρχαῖς,

258 3959 292 4022 έν
305 3949 327 4047 ᾖ
342 3949 489 4039 ἦνπόντα
502 3954 538 4021 τό
552 3955 718 4040 τετράποία
732 3960 784 4023 καί
796 3957 916 4044 έρπετά·
938 3961 990 4024 καί
1006 3956 1070 4024 είτιέ
1085 3983 1146 4041 μοι,
1171 3957 1272 4046 Θόσον
1284 3959 1337 4022 καλ
1354 3957 1417 4040 φό-

258 4083 302 4144 yn·
324 4057 381 4144 ἐγεό
397 4059 430 4124 δέ
444 4055 544 4137 εἷπον,
568 4057 661 4145 Κόριε
678 4063 838 4143 μηθαμοῖς,
861 4059 908 4126 ότι
925 4058 1067 4127 offlam
1082 4058 1185 4128 κοινόν
1203 4059 1224 4144 ἢ
1239 4057 1420 4146 ἀτιάθαρνσν
1497 4141 1498 4146 ¹

259 4159 393 4241 είςῖρλθεν
407 4163 448 4236 τίς
465 4157 497 4226 τό
517 4159 611 4244 στόμα
627 4187 699 4244 μου·
721 4160 870 4248 ἀπεκρίθη
886 4164 919 4227 δέ
936 4189 986 4245 μοι
1003 4165 1036 4230 ἐκ
1051 4163 1191 4248 δευτέρου
1206 4159 1293 4244 φοινη
1308 4163 1344 4227 ἐπ
1362 4171 1420 4228 τοῦ
1497 4155 1498 4161 ¹

259 4257 401 4346 οάρανοῖ,
415 4259 455 4325 “A
469 4257 489 4325 ό
505 4259 577 4338 θεός
593 4261 764 4350 ίκαθάριοε,
786 4262 824 4330 οό
838 4263 879 4348 μὴ
892 4268 1012 4330 κοίνου·
1034 4266 1085 4330 καί
1101 4266 1132 4342 ἐξ
1147 4261 1239 4347 αὐτῆς
1256 4260 1336 4341 ίθοό,
1360 4263 1421 4330 θόο

294 4413 356 4463 (λιν.
374 4417 404 4464 11.
429 4443 459 4454 -
490 4413 512 4467 ί.
530 4419 557 4468 ln
579 4420 645 4470 λιθεῖε
663 4421 734 4483 υυίρο
756 4425 820 4471 ταλαί
886 4419 946 4469 Gn.
961 4420 1052 4470 111.-
1066 4419 1088 4470 1.
1103 4421 1219 4482 θεσπῖμεί
1231 4415 1351 4482 τοῦςμτν
1365 4419 1422 4482 τόν,

260 4478 426 4548 ὁμολογεῖται
852 4490 915 4551 quod
931 4491 957 4538 ῖτι
973 4491 1039 4540 libris
1054 4493 1095 4540 στί.
