3036 4998
356 331 603 387 rinocorurae.
623 331 971 390 rott11.nrra.xxx.
1174 323 1234 391 nrt
1315 389 1318 401 ,

91 452 115 516 is
129 451 178 537 qni
195 451 272 518 illius
288 460 335 518 ent
349 471 453 516 carrea
470 450 627 536 productas
647 447 773 519 lornoea
790 471 830 516 ex
846 451 944 516 divino
959 449 1154 537 promissione
1172 450 1235 516 Eli-

91 553 212 618 zabetba
228 563 389 638 prognatus
405 553 461 630 sit,
484 551 554 618 licet
567 552 649 618 illum
671 561 826 636 antequam
847 564 964 635 pareret
982 565 1076 618 mater
1091 555 1235 639 portorio·

90 654 146 718 riti
181 651 316 737 Quianam
333 673 406 738 ergo
423 655 518 718 fronte
537 655 644 718 nodum
662 651 808 718 bominem
827 653 919 720 icisse
935 655 1112 722 stipatorem
1127 657 1236 722 audent

89 759 243 822 amrerei
265 754 351 839 Quod
367 755 393 819 si
408 773 511 820 rernm
528 764 620 834 creet,
645 775 742 820 corone
759 755 926 839 cognitione
947 757 1153 837 comprehendi
1169 779 1236 844 pos·

89 868 149 935 oct,
173 867 378 940 contraquam
396 856 433 920 do
450 875 486 919 eo
503 853 668 920 Hieremias
686 857 828 920 usutmt
856 861 961 930 Homo,
985 857 1098 943 iuquit,
1121 872 1180 934 eet,
1203 871 1233 924 et
1244 887 1307 931 urar,
1321 887 1352 942 n,
1364 889 1384 930 n.

90 965 150 1040 qm'r
165 970 317 1039 mguoreet
329 962 442 1039 marm?
470 954 588 1022 Etenim
606 957 643 1022 de
659 977 695 1024 cc
710 956 834 1041 loquens
848 957 987 1043 propbeta
1005 959 1080 1024 istud
1095 971 1232 1047 usurpate
1286 979 1289 986 ·

91 1065 158 1140 Quoi
171 1071 324 1140 eognoscat
334 1064 448 1139 aprum?
469 1057 560 1141 Atqui
575 1057 735 1143 simplicem
749 1059 773 1122 ai
787 1059 934 1124 bominem
948 1059 1103 1144 intelligat,
1116 1063 1235 1128 omnino

89 1163 136 1226 rel
161 1183 228 1225 eum
248 1170 334 1246 poter
347 1160 428 1245 lpse,
458 1159 508 1224 rel
529 1169 624 1224 mater
645 1159 819 1244 cognatique
839 1179 959 1242 omnes,
990 1181 1025 1228 rc
1043 1162 1150 1240 ruini,
1174 1173 1235 1231 tum

88 1263 315 1327 contubernales
329 1281 365 1326 ac
384 1261 466 1325 cives
483 1271 708 1344 cognoscerent.
744 1258 806 1326 lam
821 1281 895 1328 vero
911 1264 1047 1346 quonictn
1062 1263 1103 1333 ita
1118 1261 1236 1330 blaciae

90 1365 136 1429 illc
155 1367 230 1428 ictus
245 1363 362 1442 extitit,
384 1361 460 1428 idem
475 1373 508 1428 ut
521 1363 568 1426 dei
585 1361 705 1428 verbum
722 1383 739 1426 c
758 1356 842 1426 coelo
859 1363 1017 1447 prodierit,
1041 1385 1137 1449 neque
1158 1365 1236 1431 virili

88 1467 270 1544 desemine,
293 1467 345 1528 sed
361 1464 482 1529 coelesti
501 1475 583 1548 patre
602 1462 736 1546 genitus,
761 1463 825 1530 sinc
847 1475 977 1548 tempore
1000 1465 1141 1550 initioque
1162 1467 1234 1546 allo,

88 1567 245 1654 postremis
260 1565 438 1651 temporibus
460 1566 489 1629 io
514 1577 628 1630 ntorum
643 1563 793 1632 insinuare
810 1585 844 1630 sc
860 1565 1002 1648 virginis,
1027 1569 1237 1654 icrmammque

88 1691 126 1734 ex
144 1690 178 1732 er
192 1687 311 1732 carnem
328 1667 450 1732 induere
463 1666 573 1743 voluit,
596 1675 768 1752 propterea,
791 1671 879 1729 Homo
897 1671 1080 1747 ponderaret,
1105 1669 1165 1748 ait,
1187 1675 1239 1734 ord

87 1777 151 1853 piei
167 1780 320 1850 cognoscet
329 1774 436 1850 mrum,-
459 1767 690 1852 quandoquidem
706 1768 778 1832 deus
793 1787 810 1832 e
826 1769 909 1834 coelo
927 1769 1090 1850 deseendit,
1109 1771 1237 1855 unigena
1295 1759 1296 1762 ¹

87 1873 183 1949 libna,
213 1891 249 1934 ac
270 1871 343 1935 dens
365 1869 499 1936 verbnm.
545 1865 605 1934 Sed
622 1868 801 1934 incredibilis
818 1869 957 1952 quaedam
978 1881 1025 1934 ort
1040 1870 1236 1942 aberrantum

87 1995 105 2038 a
123 1974 248 2040 veritate
268 1973 390 2035 ictorum
408 1969 565 2038 infelicitas
583 1969 633 2054 qul
649 1969 872 2054 prophetarum,
903 1970 1134 2058 angelorumque
1154 1973 1238 2038 testi·

87 2075 196 2142 moniis
218 2071 329 2137 relictio
346 2072 383 2136 ad
401 2071 579 2136 barnuinum
595 2068 740 2136 Ebionem
754 2071 967 2140 adhaerescere
982 2073 1165 2152 maluerunt,
1188 2075 1237 2158 qni

88 2197 127 2240 ex
147 2173 237 2240 animi
255 2174 300 2236 oni
323 2172 441 2236 libidine
460 2171 578 2236 ludrica
595 2173 727 2234 instituta
750 2172 923 2256 complexos
939 2193 1007 2240 oeae
1033 2183 1130 2243 umen
1153 2173 1238 2243 clu·

86 2277 170 2342 dacis
189 2274 377 2342 abalienavit.
423 2270 537 2359 Quippe
555 2270 678 2338 Gabriel
701 2293 766 2342 acm
786 2273 920 2338 nundum
942 2293 1027 2340 suum
1044 2276 1079 2338 ad
1093 2277 1237 2361 virginem

87 2381 252 2466 perferret,
275 2383 451 2440 commone
471 2374 537 2456 itta‘,
569 2378 708 2452 Quomodo
725 2377 783 2454 fiet
800 2378 892 2448 iamed,
924 2381 1054 2456 quoumm
1071 2383 1161 2440 orbum
1181 2401 1236 2440 noer

85 2501 246 2561 regenero,
270 2499 327 2563 que
343 2474 495 2540 cerumtati
512 2477 680 2542 consuleret
696 2477 818 2553 adiecit,
842 2479 968 2556 Spiritus
985 2481 1093 2548 domim
1104 2501 1235 2560 superce-
1247 2492 1303 2536 tue.
1316 2492 1376 2546 rna.
1512 2447 1513 2480 ³

86 2589 149 2644 aret
163 2586 194 2647 tir
211 2592 254 2654 te,
285 2592 315 2642 et
328 2582 420 2640 orbim
437 2581 571 2640 altr'crr‘mt'
582 2578 759 2640 obumbrabit
770 2589 815 2651 te,
838 2580 953 2658 r'decque
970 2591 1001 2640 et
1014 2584 1090 2660 quod
1106 2594 1239 2644 nascetur

86 2705 125 2745 et
142 2695 171 2744 te
185 2693 329 2755 raretum,
354 2680 593 2760 certicefore
609 2682 665 2742 dci.
711 2675 769 2742 Ubi
786 2677 1052 2762 probatiorem,
1086 2683 1166 2758 Quod
1186 2704 1238 2744 raca

84 2797 202 2856 creec,
228 2782 265 2846 ab
281 2781 344 2866 ipsc
367 2801 503 2859 caruem,
532 2790 563 2844 et
580 2779 715 2864 quioquid
738 2779 774 2843 ad
800 2779 954 2847 humanam
976 2782 1110 2849 naturam
1132 2781 1238 2849 attinet

85 2885 213 2950 duxisse
235 2883 398 2967 signifieat,
430 2891 492 2946 tom
508 2880 646 2946 virtutem
671 2880 824 2960 altissimi,
855 2902 890 2944 ac
910 2881 1042 2966 spiritum
1064 2894 1196 2951 sanctum
1220 2905 1237 2953 e

84 2989 175 3050 coelo
205 2996 337 3050 sanctam
360 2982 505 3067 virginem
532 2981 741 3060 obumbrasse,
772 2981 985 3068 unigenamque
1010 2984 1057 3048 dci
1084 2984 1173 3055 lilium
1203 3005 1238 3050 ae

86 3089 175 3152 tecm
190 3087 314 3149 verbum
330 3085 360 3148 in
377 3094 474 3148 terras
491 3083 640 3168 delapsum
659 3083 804 3146 bominem
821 3103 888 3147 esse
906 3085 1025 3164 lactum,
1049 3107 1084 3150 ac
1100 3087 1136 3150 de
1152 3085 1239 3152 beata

83 3189 205 3272 virgine
221 3205 328 3251 revera
343 3195 538 3271 procreatum.
570 3182 666 3268 Quam
682 3183 773 3249 multa
788 3195 858 3249 suut
873 3184 1234 3252 istiusmoditeatimonial

84 3287 156 3374 Ego
174 3309 249 3352 nero
271 3287 509 3372 quemadmodum
533 3286 677 3372 pollicitus
702 3306 785 3366 sum,
816 3305 854 3349 ne
878 3285 994 3370 longior
1017 3287 1073 3354 boo
1094 3288 1124 3358 itt
1147 3309 1238 3375 opere

83 3410 157 3458 eree
180 3409 287 3473 cogar,
310 3389 397 3457 letius
418 3389 538 3474 evagari
561 3409 620 3452 non
642 3387 735 3453 soleo.

174 3489 273 3555 Venio
297 3511 375 3554 nuic
402 3490 438 3557 ed
461 3509 497 3554 ea
526 3509 601 3573 qnae
622 3490 659 3554 de
681 3485 772 3557 Petro
797 3509 831 3552 ac
856 3487 964 3556 cenna
988 3490 1129 3574 apostolis
1153 3506 1389 3574 men-cop.xxt.

82 3593 214 3658 duntur.
257 3597 374 3666 rece,
398 3591 547 3674 inquiunt,
571 3593 835 3672 leccdctqcotidrir,
855 3594 1020 3672 piusquam
1036 3595 1127 3656 cabum
1146 3615 1237 3659 mute·

82 3707 141 3758 ret.
191 3691 224 3758 ln
244 3713 302 3778 quo
321 3692 526 3758 circulatorum
547 3690 690 3756 eiusmodi
702 3691 902 3762 incredibilem
920 3693 1112 3772 calumniam,
1135 3716 1170 3760 ac
1185 3717 1237 3764 ra-

81 3795 241 3862 ierrimtam
256 3795 286 3860 in
303 3815 338 3858 ea
357 3793 498 3860 amoma
516 3791 668 3879 discipboa
682 3791 834 3860 consilium
849 3793 976 3861 intuere.
1020 3792 1140 3864 Etenim
1161 3797 1237 3880 quod

82 3895 280 3981 inquinantur
301 3895 419 3981 saepius
441 3914 476 3959 ac
501 3913 553 3979 per
568 3893 716 3958 lasciviam
737 3896 875 3979 pleraque
890 3894 921 3958 in
938 3895 997 3959 vita
1015 3909 1155 3983 peccant,
1178 3919 1237 3982 quo

80 3997 143 4062 eibi
165 4007 277 4062 cenom
298 4017 380 4082 spera
394 4017 429 4062 ec
450 3996 582 4062 fiduciam
605 3994 780 4074 concilient,
810 4017 882 4080 aqna
906 3995 1015 4080 largiar
1038 4008 1175 4080 utuntur,
1206 4011 1239 4073 ut
1334 4007 1341 4020 “

80 4098 206 4184 seipsos
227 4097 391 4183 decipiant,
423 4099 490 4166 dum
513 4097 647 4184 repetitis
677 4096 757 4162 bieco
781 4097 976 4162 lavadonibue
1000 4121 1090 4184 puros
1111 4121 1145 4167 se
1169 4105 1269 4168 esse*

79 4219 177 4286 posse
195 4200 355 4264 confidunt.
388 4199 487 4285 Atque
503 4199 576 4264 baec
594 4218 646 4285 per
664 4219 803 4264 summam
821 4199 1024 4268 contumeliam
1042 4201 1073 4266 in
1087 4205 1238 4289 apostolos

114 4452 145 4506 4.
168 4455 251 4506 roem
268 4453 329 4510 broi
346 4469 393 4506 eron
408 4456 477 4506 babet
492 4456 544 4506 rod.
557 4458 629 4507 totle.
681 4459 703 4504 et
714 4456 752 4506 ed
767 4457 848 4510 reon.
875 4451 979 4512 barcilon
994 4459 1151 4524 codltltediq
1166 4465 1187 4512 et
1201 4461 1239 4511 ed

117 4521 328 4574 cn.xxt.-
354 4514 647 4578 oberenmunester.
679 4525 755 4584 pone
954 4597 993 4660 18
1010 4593 1025 4624 *
