3018 4994
290 291 424 343 rinnau
441 291 505 342 ma.
517 293 535 342 1.
554 292 635 342 rou.
652 293 695 342 ιιι.
713 293 810 343 nana.
824 294 949 346 xxxiv.
1129 283 1189 345 433

61 421 142 474 antem
158 412 393 490 incantamenta,
416 421 575 497 peragunt,
599 410 694 474 subito
710 422 912 492 commutatur,
938 424 969 476 ut
984 413 1059 478 aliud
1076 414 1194 498 sangui·

62 512 116 590 nei,
139 515 275 599 purpurei
291 515 385 593 aliud,
410 513 487 576 aliud
504 513 629 577 caerulei
646 514 753 578 coloris
770 526 917 600 appareat,
962 513 1027 600 Ego
1043 537 1131 597 vero,
1156 537 1193 582 ne

60 625 141 678 actum
158 638 247 700 agere
262 617 381 694 videar,
408 615 480 679 satis
495 637 561 678 csse
577 617 645 678 mibi
661 619 802 701 persuasi,
827 618 851 680 si
868 617 903 680 iis
919 628 1019 680 uterer
1034 640 1108 702 quae
1124 640 1194 681 con·

61 727 99 779 tra
111 716 241 782 Marcam
258 719 333 781 bunc
347 718 468 802 eiusque
483 717 651 802 disciplinae
667 719 813 782 studiosos
829 741 845 782 a
860 720 1045 784 sanctissimo
1060 720 1194 784 beatissi-

60 839 151 904 moque
169 818 295 884 Irenaeo
315 821 457 906 disputata
473 820 625 904 leguntur,
658 843 732 905 quae
751 823 865 906 quidem
887 822 1061 886 adverbum
1081 822 1127 886 bic
1145 824 1195 886 ad-

60 923 201 985 scribenda
219 922 332 986 censui.
378 921 454 988 Sunt
472 934 568 986 autem
588 923 745 1002 eiusmodi,
770 945 843 1009 quae
861 925 890 987 in
908 925 1022 988 illorum
1039 945 1196 990 recensen-

59 1022 97 1085 dis
116 1025 297 1110 dogmatibus
320 1027 484 1111 pertexuit:

509 1214 557 1264 EX
580 1213 731 1264 insusse.

131 1329 241 1395 Pocrrla
258 1332 327 1395 vino
343 1343 518 1417 temperata,
541 1332 699 1416 gratiarum
716 1333 860 1396 actionem
874 1333 1024 1411 simulans,
1054 1343 1083 1396 et
1098 1333 1196 1398 solen·
1215 1346 1273 1397 cm.
1293 1349 1323 1398 tt.

58 1452 114 1494 nen
132 1435 310 1519 precationis
328 1435 477 1498 lorntulam
493 1435 652 1517 longiorem
669 1435 826 1513 adhibens,
850 1457 994 1520 purpurea
1007 1435 1150 1519 rubraque
1167 1446 1197 1499 ut

58 1549 208 1618 appareant
229 1537 331 1617 efficit3
363 1538 436 1599 adeo
459 1547 490 1600 ut
509 1559 665 1622 supernam
686 1537 764 1602 illam
785 1539 999 1622 coelestemque
1017 1537 1138 1620 gratiam
1161 1539 1196 1601 ad

59 1638 113 1699 eins
131 1639 346 1702 invocationem
367 1661 449 1703 suum
468 1639 497 1702 in
515 1639 562 1702 illa
580 1661 649 1702 rasa
668 1641 838 1723 sangninem
854 1639 994 1702 instillare
1013 1651 1095 1724 putes
1112 1651 1197 1723 atque

57 1740 224 1805 adstantium
248 1762 333 1804 nemo
355 1743 394 1805 sit
410 1742 457 1825 qni
477 1763 533 1805 non
551 1741 691 1825 liquorem
713 1743 787 1806 lrurrc
804 1753 924 1827 gustare
943 1742 1131 1806 veliementer
1148 1763 1199 1827 ap-

58 1854 145 1923 petat,
179 1844 317 1928 quoeius
336 1845 462 1907 animum
481 1844 578 1908 divina
600 1845 667 1920 illa,
701 1865 784 1927 quam
804 1845 1074 1928 magusimplorat,
1106 1845 1200 1926 gratia

58 1943 198 2009 uberrime
216 1948 379 2032 perfundat.
425 1943 584 2009 Praetereo
600 1946 768 2010 mulieribus
784 1957 942 2032 temperata
957 1946 1004 2009 illa
1019 1967 1089 2010 vasa
1106 1946 1200 2032 porri·

57 2065 122 2126 gens
140 2068 239 2112 coram
256 2069 288 2112 se
306 2048 478 2111 benedicere
496 2049 585 2112 iubet.
632 2047 707 2112 Tum
726 2049 801 2111 aliod
817 2050 950 2133 poculum
968 2069 1004 2111 eo
1019 2049 1064 2112 cui
1081 2048 1200 2110 benedi·

56 2145 176 2213 edonem
195 2151 298 2214 mulier
314 2150 453 2234 impertiit
469 2152 555 2234 longe
573 2152 707 2234 capacius
725 2153 894 2235 proferens,
919 2161 947 2214 et
964 2151 993 2213 in
1009 2150 1037 2212 id
1055 2150 1200 2214 eminere

57 2247 101 2310 illo
117 2253 342 2330 transfundens,
366 2254 406 2315 ita
422 2254 586 2337 praelator:
612 2257 709 2314 Gratata
726 2257 781 2327 dei,
805 2275 876 2334 qnae
891 2265 956 2314 ante
971 2256 1062 2313 omnio
1076 2262 1127 2324 est,
1151 2273 1200 2314 ne·

56 2373 105 2429 pue
121 2360 215 2416 antino
231 2359 343 2435 concipi
357 2367 410 2416 ant
424 2357 565 2435 replicari
574 2367 683 2436 potest,
709 2360 867 2417 interrorem
884 2366 960 2416 mum
975 2357 1110 2415 lamonem
1126 2374 1200 2414 com·

53 2456 141 2530 pleat,
167 2479 203 2518 ae
217 2479 295 2518 snam
312 2461 341 2518 in
358 2470 384 2518 te
397 2462 581 2536 cognitionem
597 2470 710 2537 augeat,
734 2480 855 2538 gram
870 2461 976 2537 senapis
989 2461 1018 2517 in
1034 2457 1132 2518 bonam
1145 2467 1201 2516 ter·
1309 2507 1312 2516 .

54 2577 112 2617 ram
127 2563 282 2621 demittens.
325 2558 378 2622 llis
395 2559 479 2622 dictis
494 2559 591 2622 statim
606 2559 751 2622 infelicem
768 2560 843 2623 illam
859 2560 1029 2622 insererem
1046 2558 1147 2635 vertit,
1171 2567 1202 2620 et

56 2661 274 2745 praestigiarum
292 2682 324 2723 se
341 2661 481 2724 artificem
497 2661 676 2746 comprobat.
717 2660 852 2747 Repente
867 2661 944 2724 enim
959 2659 1052 2724 mains
1067 2659 1134 2722 illud
1150 2681 1201 2745 po·

55 2761 160 2840 culum,
186 2763 215 2825 in
234 2765 307 2848 qnod
323 2764 417 2826 minus
433 2765 563 2828 defusum
580 2776 636 2844 est,
660 2763 703 2827 sio
718 2764 847 2848 repletur
863 2775 894 2826 ut
908 2783 975 2826 sese
991 2762 1085 2846 liquor
1100 2781 1202 2846 super·

56 2861 164 2928 laedat.
213 2864 295 2928 llaec
318 2875 347 2928 et
368 2848 405 2928 tts'
427 2866 532 2930 similia
551 2867 688 2951 pleraque
710 2866 820 2928 iaciens
838 2866 1033 2951 conrpluribus
1054 2863 1146 2927 illusit
1167 2885 1200 2926 ac

55 2983 149 3029 secum
168 2968 301 3031 abduxit.
349 2965 497 3032 Credibile
513 2979 559 3032 est
574 2968 677 3032 adesse
693 2969 733 3032 illi
750 2970 920 3031 daemonem
937 2967 1095 3052 quendam,
1119 2966 1202 3028 cuias

56 3086 141 3151 opera
156 3081 189 3133 et
205 3070 357 3134 vaticinari
376 3071 510 3152 videptur
528 3081 573 3149 et,
598 3093 669 3156 quas
686 3091 752 3135 esse
770 3070 872 3153 dignas
890 3071 1055 3149 censuerit,
1080 3068 1202 3132 eandem

54 3169 106 3232 illis
125 3172 277 3235 divinandi
299 3172 356 3235 vim
377 3173 495 3236 tribuat.
540 3171 616 3236 Nam
636 3196 699 3236 earm
719 3173 886 3236 mulieribus
905 3172 1083 3256 potissimum
1102 3191 1203 3234 versa-

55 3281 116 3350 tur,
148 3275 319 3358 eisdemque
339 3275 463 3360 eleganti
484 3287 588 3339 ornatu
606 3299 639 3340 ac
656 3297 782 3361 purpura
798 3275 990 3360 praetextatis
1008 3285 1037 3337 et
1052 3273 1202 3358 locupleti-

53 3372 122 3454 bus,
155 3397 229 3462 quas
251 3387 282 3439 ut
301 3377 337 3439 ad
356 3397 423 3440 sese
443 3377 586 3462 pelliciat,
618 3379 661 3441 sic
681 3399 732 3442 eas
750 3376 900 3441 blandiens
919 3377 1089 3461 alloquitur:
1123 3377 1206 3437 Libet

50 3484 165 3554 gratiae
180 3482 234 3541 tibi
247 3501 322 3540 meae
335 3483 444 3560 alr'qaid
459 3500 624 3561 aspergere,
648 3485 776 3562 qnonabm
790 3502 885 3542 rerum
901 3485 1020 3540 omnibns
1033 3503 1138 3560 parens
1152 3502 1203 3542 an-

51 3583 144 3656 gelum
163 3595 242 3643 taam
258 3586 371 3643 asselino
389 3604 483 3644 eoram
501 3606 561 3645 sese
579 3587 661 3645 ardet.
708 3588 799 3645 Locus
814 3605 901 3664 porro
920 3586 1120 3661 magnitudinis
1139 3594 1203 3644 tuae

53 3685 79 3742 r'n
102 3686 186 3746 nobis
207 3697 259 3745 ert.
307 3688 340 3745 In
362 3707 446 3746 unam
468 3689 624 3747 coalescere
643 3707 694 3748 nos
711 3698 828 3767 oportet.
874 3689 997 3746 lbr'rnnm
1019 3689 1110 3764 igitar
1128 3707 1145 3746 a
1161 3707 1204 3746 me

53 3803 83 3842 ae
104 3809 161 3865 per
184 3809 227 3848 me
247 3791 371 3866 gratim
396 3792 500 3868 caepae.
553 3792 695 3868 Prospera
720 3799 746 3848 te
771 3799 900 3868 tanquam
926 3809 1054 3868 sponsam
1074 3808 1203 3868 moneam

52 3919 122 3982 pot-no
130 3937 233 3974 rasurae
242 3925 342 3984 uestigia
350 3927 402 3972 runt
412 3927 545 3986 conspicuo,
556 3939 615 3986 qaae
681 3923 706 3975 8.
725 3925 760 3974 lto
772 3925 840 3973 codd.
850 3926 922 3974 Votic.
936 3926 1010 3973 Venet.
1021 3925 1126 3987 Itbedig,
1140 3926 1203 3976 adid.

52 3989 154 4040 deornm
170 3993 218 4055 {ere
231 3993 351 4040 literarum
363 3994 465 4052 mortem
478 3995 597 4054 complent.
646 3995 721 4054 princ.
738 3997 759 4042 et
775 3994 871 4055 Petam,
895 4006 942 4043 non
958 3987 1052 4057 edroi,
1078 3998 1104 4043 ut
1120 3995 1204 4056 tenitas

83 4057 107 4107 5.
127 4058 221 4124 μικροῦ
239 4061 306 4108 codd.
323 4061 394 4109 Vottc.
412 4064 433 4110 et
452 4062 543 4122 Venet,
559 4063 613 4110 edit
647 4063 710 4110 olibi.

50 4127 131 4176 Petcu.
156 4121 268 4192 μεγάλου
284 4127 613 4190 consonantissimam.
679 4125 704 4178 9.
721 4137 779 4179 tuae
789 4127 963 4196 magnitudinis
972 4131 1039 4180 babet
1050 4131 1096 4181 Vct
1106 4133 1203 4194 tonsor.

82 4191 106 4244 6.
124 4189 281 4262 αἰιηγείοχεν
296 4195 363 4243 codd.
379 4195 454 4244 Venit.
468 4197 540 4244 Vatia.
553 4196 613 4245 aaa·
644 4198 739 4246 irenaei.

50 4261 97 4324 dig.
117 4267 139 4312 et
156 4263 213 4312 edit.
227 4265 304 4324 princ.
338 4254 484 4330 α’πηγτῖοχει
501 4265 554 4312 edit.
568 4266 612 4314 Pe·
683 4264 721 4314 10.
743 4258 775 4316 δι’
800 4259 871 4330 ἡμᾶς
898 4263 934 4324 εἰς
959 4263 987 4320 rb
1013 4264 1203 4334 ἐγκαταστῆσαι

49 4333 95 4378 ιαυ.
121 4331 164 4381 Sic
179 4331 241 4392 inira
255 4331 320 4380 beer.
329 4327 371 4392 66,
381 4329 421 4382 71.
433 4334 546 4394 reperitur
558 4347 613 4384 mrs-
646 4333 714 4381 codd.
733 4334 808 4382 Venit.
832 4339 853 4382 et
872 4335 944 4383 Vatia.
987 4337 1059 4396 Vulgo
1084 4341 1146 4385 astat
1170 4332 1202 4389 δι’

50 4395 158 4464 ardepe-
646 4395 717 4464 ἡμᾶς
728 4397 926 4466 ἐγκαταστῆσαι.
953 4403 998 4451 Vct.
1009 4405 1137 4466 interpres:
1153 4403 1203 4452 Lo·

83 4465 106 4516 ῖ.
124 4468 164 4516 Ita
180 4466 368 4515 calidiomeam
382 4467 454 4518 Vatia.
468 4471 554 4518 adedit.
568 4471 613 4519 Ps-
647 4483 689 4516 cras
711 4478 792 4516 eutem
812 4477 869 4518 tuae
886 4467 1060 4534 magnitudinis
1083 4471 1109 4520 in
1131 4470 1202 4520 nobis

49 4537 95 4582 toa.
132 4529 283 4585 κολακεύειν
300 4534 439 4596 astiterint.
647 4547 699 4596 ειη
725 4545 825 4602 oportet
850 4553 896 4587 nos
916 4536 942 4586 io
966 4553 1040 4587 anum
1063 4538 1201 4590 convenire.

100 4612 197 4671 Corpus
210 4611 345 4660 ffiemseot
359 4613 387 4660 n.
959 4626 1000 4690 28
