3010 5000
301 295 437 350 neuneu
455 295 551 349 crem.
568 293 974 348 rou.1u.naea.xxxvn.
1152 285 1213 351 503

60 438 119 502 qne
136 417 180 481 sic
196 415 342 482 immissos
364 413 454 478 Evam
473 414 586 480 lelellit.
633 411 708 478 lloic
727 415 804 477 euim
822 415 991 480 auscultans
1010 416 1060 482 illa
1077 425 1212 502 tunquam

60 521 108 582 dei
129 519 188 583 lilio
207 519 290 583 lecilc
312 529 342 582 ιιι
359 519 395 580 de
414 517 520 582 arbore
540 517 680 580 scientiae
701 527 873 581 vesceretur
889 516 919 579 in
938 518 1064 582 animum
1084 519 1211 584 induxit.

148 720 260 786 Deinde
280 733 429 808 postquam
449 721 544 786 aniles
563 721 635 786 istas
654 741 747 806 nugas
767 741 801 784 ec
820 720 940 785 ridicule
959 723 1113 788 affectatas
1132 723 1214 790 lebu-
1233 727 1293 796 cup.
1310 727 1340 780 V·

59 829 105 890 las
122 825 176 889 boc
191 825 276 888 modo
290 834 516 909 proposuerunt,
537 823 675 906 tragicum
692 826 833 906 quendam
848 823 1008 886 istiusmodi
1024 837 1131 904 actum,
1149 827 1213 892 sive

59 928 204 992 comicum
221 927 328 1012 potius,
351 924 539 989 instituentes
555 924 692 988 erorruulln
709 927 743 988 ad
760 926 841 988 lictus
854 925 919 988 illos
935 926 1005 988 deos
1021 929 1213 1013 ccrrrproban-

59 1031 114 1092 dos
129 1028 160 1092 in
178 1029 302 1092 medium
315 1027 451 1090 afferunt.
496 1026 623 1105 Nonne,
646 1025 792 1111 inquiunt,
815 1037 845 1088 et
860 1025 996 1090 intestina
1011 1041 1124 1106 nostra,
1149 1031 1212 1113 apoi-

59 1133 115 1194 bos
135 1131 260 1194 vivimus
278 1139 308 1192 et
325 1130 447 1206 alimur,
471 1130 615 1214 serpentis
633 1129 754 1210 effigiem
774 1129 927 1192 relrruutl
969 1130 1090 1192 Addunt
1108 1143 1138 1194 et
1154 1134 1212 1198 alia

59 1234 216 1318 ploraque,
251 1253 324 1316 quae
350 1233 385 1294 ad
410 1251 542 1294 errorum
566 1251 600 1294 ec
623 1229 789 1294 deliciorum
811 1250 928 1294 suorum
951 1231 1108 1296 sarciendam
1128 1237 1211 1301 tidem

57 1334 256 1398 sectatoribus
277 1335 339 1398 suis
361 1332 511 1396 obiiciunt.
557 1329 717 1416 Propterea
740 1333 835 1409 euim,
865 1332 1014 1418 inquiunt,
1044 1348 1211 1421 serpentem

57 1437 200 1514 colimus,
230 1439 305 1522 qracd
324 1438 395 1500 dens
413 1436 468 1498 iste
487 1434 659 1498 nudtitcdini
680 1434 825 1498 leontinum
842 1435 983 1499 scientiae
1000 1457 1035 1500 uc
1051 1440 1211 1520 cognitioni

58 1560 195 1604 caussam
214 1538 321 1604 attulit.
367 1536 534 1601 laldabaotb
551 1557 705 1621 supremae
721 1534 828 1600 Matris
842 1559 876 1599 ac
891 1534 1027 1602 Parentis
1042 1541 1211 1604 memoriam

57 1643 220 1706 extinctam
241 1641 319 1704 iuter
340 1640 471 1704 homines
493 1659 561 1702 esse
580 1638 726 1723 cupiebat.
772 1636 831 1702 Sed
852 1639 887 1702 iis
910 1641 1056 1725 persuasit
1073 1662 1209 1727 serpens,

56 1766 93 1808 ac
116 1727 268 1808 scientiam
291 1741 474 1828 importavit,
504 1751 650 1825 totamque
666 1742 739 1804 adeo
757 1740 919 1806 divinorum
938 1744 1142 1828 mysteriorum
1160 1766 1211 1809 co-

56 1846 221 1932 guitiouem
243 1867 307 1908 cum
331 1844 395 1908 viro
417 1865 451 1908 ac
473 1843 595 1908 muliere
613 1833 848 1908 communicavit.
894 1841 941 1908 Ob
962 1845 990 1908 id
1010 1843 1102 1910 iratus
1123 1845 1210 1910 l’atcr

57 1947 248 2026 letdebeotlr,
280 1968 315 2010 ac
337 1947 496 2010 derivatam
519 1945 548 2008 in
570 1945 636 2010 illos
657 1945 798 2008 eiusmodi
820 1945 970 2010 scientiam
993 1947 1092 2032 iniquo
1112 1949 1210 2013 antimo

59 2054 179 2128 terens,
211 2070 228 2111 c
250 2049 332 2113 coelo
352 2049 431 2112 illum
450 2048 596 2112 deturbat.
642 2044 712 2110 lnde
730 2067 829 2130 regem
847 2068 864 2111 e
882 2049 965 2112 coelo
981 2050 1127 2136 delapsum
1145 2071 1210 2116 ser·

56 2164 176 2240 pentem
199 2172 266 2216 esse
286 2151 417 2215 dictitant
439 2152 458 2214 ii
482 2151 530 2236 qui
553 2171 611 2212 non
630 2149 751 2214 alterius
768 2171 802 2212 se
819 2171 903 2234 puram
919 2154 1064 2234 serpentis
1080 2154 1209 2238 partibas

56 2255 247 2318 addixerunt.
293 2251 387 2338 lgitur
405 2263 523 2338 propter
544 2251 619 2316 bano
641 2252 677 2314 ab
696 2253 745 2314 illo
762 2273 932 2316 corucessam
950 2255 1100 2320 scientiam
1118 2277 1209 2320 vene·

57 2356 119 2421 rari
138 2377 173 2420 se
189 2367 354 2442 serpentem
371 2358 513 2434 latemur,
531 2345 621 2440 ¹eique
639 2375 742 2439 parerem
762 2355 881 2439 insuper
898 2355 1049 2420 obiiciunt.
1095 2355 1207 2422 Verum

56 2460 165 2545 quippe
182 2472 347 2544 serpentem
367 2460 396 2522 iu
416 2459 488 2522 cista
507 2457 654 2534 nutriunt,
686 2477 770 2540 quem
787 2457 991 2544 mysteriorum
1011 2468 1140 2543 tempore
1156 2459 1208 2524 sti-

56 2563 134 2648 patis
149 2563 184 2624 ad
200 2559 264 2624 eius
281 2581 435 2624 cavernam
452 2561 481 2622 in
495 2579 595 2624 ntensc
614 2558 735 2644 partibus
750 2559 889 2622 invitant:
913 2559 995 2644 isque
1012 2573 1113 2646 aperto
1130 2562 1207 2626 lore·
1229 2571 1236 2584 “

55 2667 138 2728 oriere
153 2683 170 2726 e
187 2661 306 2728 latebris
322 2663 463 2748 erumpit,
487 2672 573 2746 atque
589 2661 636 2722 ubi
654 2681 706 2745 pro
723 2680 775 2722 sate
794 2662 950 2728 caulliditate
966 2662 1153 2726 stoliditatem
1173 2664 1207 2727 il-

54 2767 153 2830 lorum
168 2766 298 2848 ognovit,
323 2785 450 2829 mensam
466 2764 667 2828 coresceudeus
683 2764 790 2826 circum
807 2785 896 2848 panes
912 2763 1085 2848 implicatur.
1120 2764 1206 2830 llane

55 2867 306 2930 absolutissimum
329 2887 396 2930 esse
419 2865 590 2930 sacriticiom
612 2875 744 2928 censent.
790 2864 892 2945 Unde,
925 2877 956 2930 ιιι
977 2888 994 2930 a
1016 2869 1138 2951 quodam
1159 2889 1207 2932 ao·

55 2969 141 3054 cepi,
172 2990 229 3033 non
253 2971 338 3033 modo
360 2989 450 3054 penes
472 2968 544 3032 istos
563 2967 666 3052 ‹patibus
685 2969 910 3032 circumvolutus
928 2979 974 3033 est
989 2989 1110 3054 serpens
1128 2971 1206 3033 trau-

54 3081 132 3156 gunt
153 3092 187 3133 ec
209 3072 400 3148 distribuunt,
431 3071 482 3133 sed
506 3071 592 3133 etiam
616 3071 736 3154 quilibet
758 3071 873 3133 admoto
896 3092 946 3135 ore
966 3083 1130 3158 serpentem
1152 3093 1206 3136 ex·

56 3173 224 3251 osculatur,
247 3175 312 3238 sive
328 3172 510 3237 cautionibus
527 3171 695 3256 quibusdam
712 3173 745 3235 ad
762 3174 1009 3236 manusuetudiuem
1026 3175 1117 3238 bestia
1134 3175 1206 3237 mol-

56 3277 145 3354 litur,
174 3275 238 3338 sive
260 3277 317 3340 elio
340 3274 489 3340 daemonis
511 3274 633 3338 artificio
653 3275 777 3338 innocuo
800 3276 939 3340 redditur.
984 3275 1069 3340 llaato
1091 3277 1205 3360 quidem

55 3382 184 3442 adorant
199 3378 296 3442 miseri
313 3388 343 3440 et
357 3377 561 3440 eucharistiam
578 3389 695 3456 vccmu,
718 3378 946 3463 cum‘appositcs
962 3399 1050 3463 panos
1066 3379 1205 3442 tortuosis

54 3480 183 3544 flexibus
205 3501 240 3544 ac
258 3479 565 3546 circumvolutionibus
583 3479 728 3544 ambierit.
773 3481 819 3544 Ac
837 3481 949 3544 demum
966 3501 1130 3566 supremum
1155 3503 1205 3566 pa-

55 3593 172 3646 rentem
194 3582 364 3668 perillum,
389 3593 419 3646 ut
441 3582 537 3662 aiunt,
562 3581 744 3646 celebrantes
767 3583 906 3669 mysteria
927 3603 981 3646 sua
1002 3581 1166 3668 perficiunt.

143 3784 226 3870 Ques
248 3787 362 3871 quidem
385 3787 509 3873 ineptias
532 3787 707 3852 vanissimos
729 3807 796 3852 esse
818 3787 998 3872 ludibrioque
1019 3787 1204 3872 dignissimas
1222 3792 1282 3862 Cap.
1296 3793 1339 3845 Vt.

55 3911 146 3954 nemo
162 3911 220 3954 non
239 3889 363 3968 dixerit,
395 3911 489 3973 neque
506 3911 576 3956 vero
594 3890 701 3954 divinis
720 3911 759 3954 ex
773 3891 915 3976 scriptura
932 3891 1109 3978 depromptis
1124 3892 1205 3955 testi·

55 3991 164 4056 moniis
187 3992 283 4056 acrius
301 3993 494 4072 refellendas,
530 4013 592 4057 com
617 4013 669 4080 per
690 4014 758 4058 sese
776 3993 911 4072 cuilibet,
943 3995 991 4079 qui
1009 3995 1046 4058 sit
1065 3995 1204 4060 rrotrmrllo

55 4093 178 4179 iugenio
201 4095 347 4180 praeditus
372 4117 456 4178 quam
479 4094 629 4160 ridiculum
651 4097 691 4160 sit
713 4107 804 4160 totum
826 4096 895 4160 illud
917 4098 1062 4180 negotium
1085 4098 1204 4160 demun·

56 4197 145 4260 strari
164 4197 266 4282 possit.
310 4195 393 4261 Nilril
412 4199 487 4260 enim
508 4209 623 4283 praeter
640 4199 900 4284 contemptissimus
920 4199 1084 4264 fabulosae
1103 4201 1204 4264 deliria

55 4381 205 4450 ιιιιιοιιργιαι
217 4377 271 4450 ἤδη
282 4381 411 4451 γινώσκων
425 4383 472 4450 τὴν
482 4387 615 4437 destdercn·
685 4386 742 4436 Cur.
757 4387 799 4437 Vt.
817 4415 848 4426 -
874 4387 894 4439 l.
913 4391 1027 4451 nempe·
1043 4390 1086 4442 δεῖ
1097 4404 1141 4452 pro
1159 4387 1204 4450 cle,

56 4459 95 4502 tur
116 4457 141 4502 ιιι
162 4455 216 4502 cdtt.
231 4457 307 4515 petae
340 4457 450 4518 Repomtt
463 4469 493 4505 ec
507 4458 617 4507 Petoee'ru
649 4457 711 4518 qrrod
725 4469 804 4506 omues
816 4462 889 4507 tenent
902 4460 969 4518 tr'bre',
987 4459 1027 4507 sed
1039 4463 1132 4520 praeter
1142 4465 1204 4508 stru·

56 4535 87 4570 es
103 4521 155 4572 cod.
173 4523 291 4572 venenuo.
649 4529 740 4574 moram
756 4530 824 4588 etque
840 4529 982 4576 renuntiem.
