3018 4994
361 325 497 378 rurtuttu
514 325 578 377 Llll.
593 327 612 377 l.
629 325 709 378 TOld.
722 327 766 377 lli.
783 325 882 378 HAER.
893 327 1015 378 xxxw.
1201 315 1259 378 461

107 456 180 510 sunt
201 445 249 530 qni
273 457 330 509 tam
352 457 571 512 sacrosanctam
591 447 763 530 religionem
783 467 910 530 vereque
930 445 1143 530 inexplicabilis
1162 458 1262 530 poten·

108 548 172 610 tiae
190 548 434 632 magnitudinem,
459 559 569 614 tautam
588 549 711 633 denique
729 547 817 612 divini
837 548 963 612 numinis
981 549 1191 635 providentiam
1211 569 1263 634 per

107 650 181 713 illud
198 671 282 714 suum
299 651 401 736 alpina,
433 652 500 715 beta
517 663 691 737 ceterosque
709 671 847 714 numeros
866 661 923 713 tam
941 651 1045 734 lrigide
1060 651 1262 735 violenterque

108 753 275 817 traducant.
320 755 366 818 Ac
390 755 562 838 quicumque
586 775 619 819 sc
642 755 677 818 ab
702 753 828 818 eeclesia
850 764 1024 837 segregant,
1056 763 1088 818 ut
1110 755 1146 816 ad
1170 754 1262 817 aniles

108 855 201 920 lrasee
227 855 337 920 fabulas
362 857 589 934 adhaerescunt,
626 877 697 920 sane
720 860 884 936 suometr’psr'
902 860 1006 916 sudeam
1029 859 1157 918 damnate·
1178 867 1395 932 sunr,·ru·u1⁰-

105 979 181 1040 quos
196 963 346 1022 secuudum
366 981 447 1021 auum
465 963 637 1041 adduamque
651 963 852 1040 mrrepn'ouem
866 961 990 1020 deuitare
1006 955 1113 1020 Paulus
1132 959 1263 1022 hortatus

106 1071 167 1124 est.
214 1059 341 1125 loannes
359 1083 432 1126 nero
451 1058 563 1124 Christi
582 1061 741 1146 discipulus
759 1059 870 1124 maiore
889 1058 956 1122 illos
974 1079 1067 1143 poena
1088 1061 1264 1124 condemna·

106 1162 164 1240 vit,
188 1184 254 1226 cum
271 1185 307 1228 ue
324 1164 445 1228 salutari
460 1164 575 1248 quidem
593 1185 610 1226 a
627 1163 710 1227 nobis
726 1162 862 1249 patiatur.
908 1165 965 1240 Qui
976 1167 1058 1235 euriu,
1083 1161 1187 1246 iuquit,
1210 1174 1413 1224 uocatomnu.

106 1268 169 1327 e'lde's
192 1269 314 1342 dr'sterr't,
346 1273 531 1330 communicet
549 1269 679 1347 operr'bus
708 1269 821 1327 allorum
846 1268 987 1345 undgrei.
1038 1261 1148 1328 Merito
1177 1285 1259 1328 saue.

106 1372 208 1450 Neque
229 1375 377 1451 eurupam
394 1381 439 1431 est
453 1374 560 1451 rinpr'r's,
585 1369 656 1432 dicit
671 1369 815 1432 domiuus.
861 1367 902 1430 At
920 1367 1040 1430 istorum
1059 1366 1191 1452 impietas
1208 1367 1261 1429 im·
1272 1381 1412 1436 mantem.

107 1471 250 1555 pietatem
266 1493 380 1534 omnem
396 1482 532 1557 supernt3
557 1471 605 1556 qui
621 1471 695 1534 coeli
710 1482 863 1554 terraeque
880 1468 1095 1546 fabricatorem,
1119 1489 1154 1532 ac
1169 1468 1262 1533 solum

109 1573 340 1658 omnipotentem
357 1574 459 1653 deum,
490 1595 577 1660 supra
594 1595 678 1658 quem
696 1572 792 1636 nullus
808 1572 882 1636 alius
898 1582 944 1636 est
960 1573 1049 1651 deus,
1079 1591 1119 1634 ex
1134 1571 1260 1650 delectu,

106 1676 157 1760 qni
181 1687 211 1738 et
232 1675 294 1761 ipse
320 1697 358 1740 ex
380 1677 437 1740 alio
456 1675 495 1740 sit
513 1687 595 1740 ortus
612 1678 743 1754 delectu,
776 1674 939 1738 derivatum
955 1673 1142 1750 existimant,
1175 1685 1205 1736 ut
1223 1694 1261 1736 ex

105 1776 226 1841 illorum
246 1779 384 1862 opinione
406 1779 494 1842 tertio
517 1780 640 1862 quodam
663 1800 701 1841 ex
722 1779 839 1842 delectu
862 1776 1013 1861 prodierit.
1058 1774 1125 1859 era
1147 1775 1260 1859 quidem

106 1881 232 1965 explosa
248 1881 440 1965 damnataque
458 1883 602 1944 sententia
618 1880 770 1966 proculab
787 1879 842 1943 illis
857 1880 1022 1963 lugiendum
1040 1889 1085 1942 ost
1101 1900 1147 1958 ac,
1172 1899 1261 1962 quan-

105 1992 137 2045 to
160 1991 230 2045 sunt
252 1983 282 2046 in
301 2003 404 2047 errore
422 1985 634 2069 pertinaciores
652 1983 837 2067 inventisque
857 1981 990 2064 pessimis
1009 1982 1166 2067 impensius
1184 1981 1262 2044 dele·

106 2094 236 2162 etantur,
255 2095 335 2148 taum
352 2105 404 2149 eos
419 2085 511 2168 magis
524 2087 680 2171 putandum
693 2096 740 2149 est
752 2085 788 2148 ab
801 2081 1076 2148 scelestissimorum
1090 2084 1262 2148 daemonum

107 2182 251 2272 Ogdoade
269 2188 421 2252 concitari.
468 2187 516 2253 Uti
533 2188 708 2274 phreneticis
724 2186 844 2264 accidit,
869 2185 932 2270 qui,
956 2208 1014 2269 quo
1029 2186 1151 2271 amplius
1167 2186 1263 2248 rident

107 2308 143 2352 ac
162 2299 269 2372 vegeto
288 2309 355 2353 esse
371 2311 495 2376 corpore
511 2293 663 2369 videntur,
688 2289 841 2373 omniaque
858 2309 912 2352 oen
927 2289 1060 2352 valentes
1075 2309 1109 2352 ac
1127 2287 1203 2363 sani,
1227 2307 1261 2350 ac

108 2390 250 2455 nonnulla
270 2392 357 2455 etiam
376 2392 523 2476 aliquanto
535 2415 625 2478 quam
644 2393 670 2456 si
687 2393 750 2456 sani
771 2401 871 2456 essent
889 2390 1054 2466 robustius,
1078 2400 1201 2474 gerunt,
1226 2409 1262 2452 eo

108 2513 178 2556 sese
198 2494 327 2558 deterius
346 2495 463 2559 habent.
510 2492 654 2561 Similiter
674 2495 723 2558 isti
746 2515 803 2578 quo
820 2491 1023 2558 vehementius
1041 2512 1145 2576 sapere
1161 2492 1261 2554 riden-

109 2605 175 2673 tur,
207 2615 298 2680 seque
319 2595 400 2682 ipsos
422 2609 582 2677 enervant,
615 2598 681 2661 duam
700 2597 812 2660 intento
836 2595 916 2658 velut
933 2594 1031 2658 acrius
1053 2614 1123 2657 arou
1142 2593 1262 2676 sagittas

109 2697 264 2774 emittunt,
288 2717 324 2760 eo
342 2695 452 2762 maiore
471 2701 592 2764 vesania
612 2709 759 2764 tenentur.
805 2695 939 2783 Impurus
958 2695 1061 2780 quippe
1079 2693 1263 2778 ignorantiae

108 2799 230 2884 spiritus
248 2799 420 2882 egrediens,
452 2823 562 2886 eosque
578 2823 636 2866 non
655 2803 726 2880 deo,
756 2801 807 2864 sed
826 2799 958 2885 profanis
975 2794 1218 2881 quaestionibus
1209 2817 1263 2858 rm-

109 2900 234 2986 plieatos
251 2902 420 2988 reperiens,
451 2906 585 2966 auertant
601 2917 703 2985 septem
721 2906 787 2966 alr'r's
804 2907 893 2982 sepum
911 2901 1107 2981 nequrmr'dus,
1139 2897 1261 2960 inllntis-
1275 2908 1359 3018 ιιέιιίιιι.

109 3025 165 3087 que
189 3023 266 3068 vana
290 3005 479 3089 persuasione
502 3007 616 3070 illorum
639 3005 761 3082 animis,
794 3025 876 3088 qunsr
868 3003 943 3066 vel
961 3021 1048 3085 supra
1066 3000 1175 3066 deum
1167 3019 1260 3085 ipsum

109 3107 247 3170 attollere
266 3127 298 3170 se
315 3107 483 3191 cognitione
500 3108 628 3192 possint,
662 3108 709 3170 ubi
725 3108 846 3170 idoneos
862 3116 1097 3189 opportunosque
1115 3100 1263 3166 lraudilrus

109 3210 173 3273 suis
189 3209 359 3288 reddiderit,
380 3211 523 3293 quandam
539 3209 704 3276 stoliditatis
717 3208 912 3293 improborum
925 3207 1077 3293 spirituum
1093 3201 1263 3288 Ogdoadem

109 3311 139 3374 iu
159 3311 226 3374 illos
245 3312 383 3375 immittit.

196 3414 262 3497 Age
282 3435 354 3478 vero
372 3415 440 3478 illud
459 3415 580 3500 insuper
599 3434 796 3500 exponamus,
828 3410 1065 3496 quemadmodum
1084 3403 1198 3474 creatas
1214 3428 1262 3472 res
1275 3417 1414 3485 Gapxtv.

110 3535 215 3578 omnes
238 3517 273 3579 ad
292 3535 391 3579 eorum
410 3537 485 3600 quae
502 3516 596 3580 videri
614 3527 763 3600 nequeunt
779 3513 996 3578 similitudinem
1019 3533 1036 3575 a
1054 3512 1204 3576 eorrditorc
1221 3510 1264 3574 sio

110 3616 268 3702 productas
286 3630 436 3696 asserant,
462 3629 543 3682 uteo
560 3619 626 3703 quid
644 3627 745 3702 ageret
761 3616 911 3680 nesciente
927 3613 1070 3676 beneficio
1085 3611 1191 3678 Matris
1210 3633 1264 3676 err·

111 3718 236 3782 titeriut.
281 3718 429 3806 Principio
450 3719 594 3784 elementa
613 3719 660 3782 illa
681 3707 824 3803 quatuor,
854 3717 968 3801 ignem,
995 3737 1116 3800 aquam,
1141 3726 1262 3794 terram,

110 3829 229 3901 aierem,
254 3824 288 3885 ad
306 3843 437 3887 summae
455 3821 621 3906 primaeque
641 3819 780 3884 Tetradis
798 3820 918 3902 effigiem
937 3841 1004 3884 esse
1022 3818 1178 3882 constituta
1198 3839 1264 3881 nar·

111 3934 190 3987 rant.
237 3921 368 4006 Quorum
385 3925 420 3989 ad
437 3925 579 4010 agendum
594 3924 797 3999 efficacitates,
823 3933 890 4006 puta
906 3921 1050 3996 calorem,
1075 3920 1183 4004 frigus,
1207 3921 1264 3982 sic·

111 4026 227 4089 citatem
252 4036 281 4088 et
303 4027 471 4104 humorem,
504 4035 640 4088 exactam
663 4021 812 4110 Ogdoadis
836 4023 989 4106 imaginem
1014 4024 1138 4086 relerre.
1185 4021 1263 4085 Tum

112 4129 213 4192 decem
241 4127 295 4191 lroc
320 4131 404 4192 modo
430 4126 561 4192 Virtutes
586 4139 769 4192 enumerant.
815 4124 944 4191 Primum
967 4134 1079 4210 septem
1106 4144 1263 4210 corporeos

145 4281 170 4334 7.
188 4279 340 4348 ignorantiae
356 4283 423 4332 lubet
439 4283 486 4332 Vct.
500 4283 630 4346 Interpres,
646 4289 672 4334 ot
738 4281 762 4332 7.
780 4283 815 4332 ltu
836 4283 957 4342 rescripsi,
979 4293 1048 4329 sensu
1068 4281 1213 4340 postulante,
1237 4279 1265 4328 de
1354 4327 1357 4338 ,

111 4343 214 4416 ἀγνοίας
230 4352 337 4400 uidentur
354 4353 460 4433 lauisse.
706 4353 842 4400 cerdorttcte
862 4352 907 4397 t'et.
924 4349 1056 4409 luterpntis
1073 4353 1093 4396 et
1107 4348 1208 4398 Pseudo·
1213 4348 1266 4398 Orr-

148 4418 200 4467 Cur
219 4417 338 4469 xm.-
359 4421 380 4468 1.
397 4408 460 4479 ἐξ*
441 4435 474 4482 ης
489 4433 533 4481 pro
551 4415 613 4482 ἑξῆς
629 4419 672 4468 lo·
705 4420 777 4481 pente.
802 4417 930 4480 Epaphum
942 4418 996 4466 trtrr
1007 4417 1120 4478 praebent
1134 4410 1267 4482 σωματικὰ

111 4490 146 4537 bet
160 4487 269 4536 Pseudo·
259 4487 387 4550 -ortpenee
400 4493 421 4537 et
435 4489 480 4539 Vet.
494 4487 616 4550 interpres,
633 4487 674 4550 qut
706 4485 849 4551 κυκλοειδῆ.

113 4571 143 4604 ex
161 4569 211 4622 que
226 4556 303 4605 vertit.
