2994 5024
272 293 333 356 σοι
692 303 1001 356 ιιααιιεειειτιιιιι

272 428 325 504 τῆς
339 421 471 486 ἐνταῦθα
485 426 560 503 ζωῆς
574 419 750 506 παρειιτιιιός
766 418 823 499 όν,
845 422 896 486 ιιαλ
910 425 963 504 τῆς
976 417 1152 504 μελλούσης,
1177 418 1292 495 ’θινός
1307 419 1365 502 μέν
1380 443 1419 482 τε-

270 521 480 606 λευτήσαντας,
502 525 582 607 φημί
595 524 627 588 δὲ
641 520 780 609 Λάζαρον
794 524 845 587 καί
864 521 916 588 τόν
931 520 998 588 υίόν
1012 529 1066 606 τῆς
1080 522 1173 607 χήρας
1190 524 1240 586 ml
1256 520 1312 604 τὴν
1328 529 1419 607 θυγα-

272 626 342 710 τέρα
357 633 410 690 τοῦ
423 624 672 711 α’ρχισυναγόγου,
694 621 754 690 όπό
772 631 883 708 νεκρόν
896 627 1018 710 ἐγείρας,
1041 623 1096 691 ουίι
1109 627 1152 700 είς
1164 623 1299 708 πονηρδν
1313 621 1420 699 αότοός

272 729 387 813 φέρων,
411 724 452 803 ός
468 725 551 794 αότολ
571 725 603 792 τό
620 734 704 810 σῶμα
718 725 853 810 φυλακὴν
868 724 943 792 είναι
959 730 1196 812 δογματίζουσιν,
1218 724 1290 791 όλλό
1306 724 1420 812 όγαθότ

146 861 196 904 μς.
209 848 254 892 σοι.
272 837 376 910 ποιόν,
399 831 451 896 καί
463 827 616 915 γινώσκων
630 827 677 895 ὅτι
690 832 739 894 καί
754 828 775 912 ἡ
790 833 921 896 ἐνταῦθα
936 831 968 894 έν
981 831 1068 914 οαριιλ
1083 828 1244 914 παραμονὴ
1260 826 1314 894 ὕπ’
1332 827 1420 894 αὐτοῦ

272 931 406 1018 όίρισται,
436 934 485 998 ιιαλ
503 929 524 1014 ἦ
539 933 680 1013 μέλλουσα
697 930 805 1018 σαρκός
821 933 872 996 καὶ
889 939 988 1014 ψυχῆς
1005 929 1171 1008 όνόοεασις.
1215 933 1276 996 Καὶ
1294 933 1324 996 εί
1338 930 1420 996 πόλιν

274 1033 336 1124 ᾔδει
351 1032 397 1100 ότι
410 1038 463 1117 μία
478 1033 561 1117 ψυχή
579 1037 655 1099 ἐστιν
671 1032 690 1118 ἦ
704 1037 736 1099 έν
752 1033 839 1112 ζόοις
854 1035 904 1099 καὶ
921 1037 953 1099 έν
971 1032 1162 1121 όνθροίποις,
1184 1040 1285 1116 ψυχῆς
1301 1034 1335 1098 δέ
1350 1027 1420 1116 ἦλθε

249 1134 454 1219 ιποιήσαοθαι
473 1133 527 1218 τήν
547 1141 708 1222 σωτηρίαν,
739 1135 795 1202 οόιι
817 1139 875 1202 ἔδει
899 1133 991 1204 αότόν
1013 1139 1066 1202 ἕνα
1090 1140 1295 1220 παθαρίοανεα
1321 1139 1419 1218 δαιμο-

271 1243 395 1319 νιοῖντα,
424 1240 497 1324 λέγω
521 1237 559 1322 δὴ
578 1236 631 1304 τόν
653 1236 713 1304 όπό
734 1246 793 1304 τόν
812 1243 961 1322 μνημείων
979 1237 1180 1324 έξερχόμενον,
1209 1245 1345 1304 κελεῦσαι
1363 1245 1419 1312 τοῖς

271 1343 403 1423 δαίμοσιν
420 1337 561 1406 όπελθείν
581 1342 631 1407 καί
649 1338 819 1408 όποιιτεῖναι
838 1345 994 1424 διςχιλίονς
1010 1347 1144 1428 χοίρους,
1175 1342 1201 1404 εί
1218 1343 1279 1406 ίσαι
1298 1331 1375 1422 ἦσαν
1393 1341 1422 1404 σί

269 1445 363 1526 ψυχαὶ
383 1449 443 1508 τῶν
461 1439 633 1528 α’νθρόπων
653 1445 704 1509 ταί
723 1451 781 1509 τῶν
798 1446 914 1528 χοίρων.
961 1449 1034 1520 Πός
1051 1442 1106 1530 γδρ
1126 1450 1195 1526 μιᾶς
1214 1444 1419 1524 ἐπιμελόμενος

271 1549 415 1628 διςχιλίων
431 1547 524 1610 ἐποίει
538 1543 679 1632 όλεθρονς
710 1549 752 1610 Εί
766 1547 800 1612 δὲ
812 1544 900 1612 πόλιν
916 1542 957 1622 τίς
973 1543 1043 1628 όφις
1059 1544 1201 1611 σιτολιεόει
1213 1542 1420 1628 μηχανώμενος

270 1649 322 1713 καί
335 1649 426 1733 λέγων
443 1645 503 1726 ὅτι,
516 1646 641 1713 Ἔλυσεν
657 1647 749 1724 αὐτός
764 1646 823 1714 όπό
840 1655 900 1714 των
917 1646 1077 1732 σωμάτων,
1099 1651 1149 1714 ίνα
1165 1644 1343 1726 όνέλθωσιν,
1364 1649 1418 1712 έδει

270 1747 321 1815 τόν
337 1749 475 1834 Λάζαρον
493 1752 621 1816 λυθέντα
635 1757 689 1816 τοῦ
707 1749 843 1834 σώματος
861 1749 902 1834 μὴ
920 1753 1095 1836 ἐπιστρέψαι
1113 1748 1200 1816 πόλιν
1216 1752 1261 1826 είς
1276 1748 1311 1814 τό
1328 1757 1419 1831 σιῑμιι,

270 1856 378 1934 μᾶλλον
394 1852 486 1916 δὲκαὶ
505 1850 597 1918 αὐτόν
611 1851 663 1920 τόν
676 1857 874 1936 δαιμονιόντα
885 1860 971 1918 λῦσαι
986 1851 1056 1928 τοός
1071 1850 1196 1935 δεσμοός
1211 1858 1266 1918 τοῦ
1279 1851 1419 1933 στόματος.

268 1952 338 2019 Ἀλλ’
363 1952 419 2020 οόκ
443 1957 579 2038 ἐποίησεν
602 1954 705 2030 οὕτως.
753 1953 898 2040 Προενόει
920 1955 951 2018 δὲ
977 1963 1085 2036 μᾶλλον
1108 1955 1186 2020 οὕτω
1208 1962 1264 2020 τοῦ
1287 1952 1419 2036 στόματος

270 2055 356 2132 είδοίς
372 2056 405 2122 τό
424 2059 586 2142 συμφέρον.
630 2059 771 2123 Διέττεσεν
789 2054 806 2122 o‘
822 2059 889 2143 περὶ
906 2064 1005 2140 ψυχῆς
1021 2079 1077 2122 σου
1094 2055 1198 2143 λόγος,
1221 2049 1246 2122 τό
1263 2061 1418 2141 Μαρτίων,

269 2161 320 2225 παλ
341 2166 400 2224 τῶν
421 2157 480 2226 ότιδ
499 2167 554 2224 σοῦ
570 2161 621 2225 καὶ
638 2167 697 2226 τόν
710 2159 804 2228 όλλων
820 2162 960 2246 αίρέσεων
976 2157 1165 2245 ὁρμωμένων.
1210 2161 1275 2224 Καί
1287 2161 1355 2246 περὶ
1370 2165 1419 2239 τῆς

136 2283 146 2306 ⁸
271 2269 471 2346 προςποιητῆς
489 2283 543 2328 σου
561 2267 707 2339 πολιτείας
723 2255 814 2338 αὖθις
830 2264 888 2347 έροῖ
897 2314 904 2341 ,
935 2261 985 2328 διό
998 2261 1031 2328 τό
1047 2264 1138 2348 λέγειν
1152 2283 1183 2328 σε
1199 2259 1335 2346 πονηρόν
1350 2257 1418 2326 είναι

269 2369 320 2430 καί
336 2362 482 2446 όθέμιτον
497 2363 530 2430 τό
546 2371 665 2448 σαριιοῖν
679 2363 914 2448 μεταλαμβάνειν.
955 2362 1077 2450 Ἐλέγχει
1090 2365 1123 2429 δι’
1138 2386 1171 2429 σε
1185 2361 1204 2429 ό
1220 2362 1320 2448 σωτὴρ
1335 2364 1419 2428 πλέον

270 2487 323 2533 σου
341 2465 544 2549 ἐπιστάμενος,
572 2468 624 2532 καί
640 2468 788 2532 διδάσκων
803 2465 837 2532 τό
855 2464 990 2546 πόλλιου,
1020 2465 1079 2532 ιίπό
1098 2475 1151 2534 τοῦ
1166 2466 1307 2534 τοιούτου
1322 2470 1418 2550 (ίηιοῡ.

269 2572 358 2655 Λέγει
380 2568 450 2655 γδρ,
486 2574 557 2634 Τίνα
578 2567 596 2633 δ
618 2568 684 2643 υίός
705 2567 811 2657 αίτήση
831 2567 934 2652 ίχθόν,
966 2568 1007 2650 μὴ
1029 2567 1101 2650 ὅφιν
1121 2569 1260 2636 ἐπιδόσει
1278 2567 1372 2660 αότρλς
1400 2565 1419 2648 ἢ

270 2670 334 2738 όνεί
352 2669 413 2738 ωόῦ
433 2677 588 2757 σκορπίους
617 2674 668 2736 καί
686 2669 809 2754 ὕστερόν
827 2692 933 2753 φησιν,
965 2675 1008 2735 Et
1024 2663 1080 2736 οὖν
1094 2668 1178 2754 όμεῖς
1193 2674 1326 2756 πονηροὶ
1340 2669 1417 2746 ὄντες

271 2778 368 2840 οἴδατε
381 2772 495 2856 δόματα
509 2772 610 2859 όγαθό
626 2773 745 2839 διδόναι
760 2782 823 2848 τοῖς
838 2775 949 2848 τέκνοις
962 2770 1057 2856 όμοῐν,
1071 2772 1154 2863 πόσῳ
1170 2779 1281 2855 μᾶλλον
1295 2770 1416 2855 δπειτήρ

270 2873 353 2960 όμιόν
366 2873 384 2942 ό
398 2875 583 2962 έπουρόνιος.
617 2879 659 2940 Et
671 2879 770 2942 τοίνυν
784 2875 898 2957 δόματα
912 2873 1014 2961 όγαθοὶ
1028 2877 1166 2958 ιιέιιληιιεν
1180 2875 1271 2959 ίχθόν
1285 2877 1337 2942 παλ
1349 2873 1416 2951 όόν,

271 2977 308 3044 οό
325 2979 459 3065 πονηρόν
480 2978 513 3044 τό
536 2975 595 3059 μετ’
613 2976 793 3064 εὐχαριστίας
816 2980 849 3043 ἒιτ
867 2984 945 3044 θεοῦ
962 2979 1103 3063 χαρισθὲν
1117 2977 1415 3062 μεταλαμβανόμενον,

268 3085 320 3148 ιιαλ
341 3081 506 3168 έλήλεγιιταί
527 3101 583 3146 σου
603 3078 625 3162 ἦ
645 3084 827 3166 κακοτροπία
848 3079 1043 3162 πανταχόθεν.

354 3491 439 3574 Σχόλ.
455 3491 505 3556 ιε’.
540 3492 768 3574 Παρακέτιοπται
782 3488 816 3555 τδ
830 3493 898 3572 περί
911 3487 995 3554 Ἰωνᾶ
1007 3495 1061 3554 τοῦ
1073 3488 1240 3575 προφήτου.
1268 3486 1343 3572 Είχε
1353 3485 1413 3574 γόρ,

266 3591 306 3658 Ἡ
323 3592 406 3680 γενεαὶ
427 3593 518 3676 αὕτη,
551 3599 715 3676 Πσημεῖον
732 3590 769 3657 οὔ
789 3590 949 3675 δοθήσεται
964 3589 1050 3681 αότῇ.
1097 3588 1161 3657 Οόιι
1181 3586 1238 3674 εἶχε
1258 3592 1338 3658 7’δέ
1353 3590 1414 3672 περὶ

269 3701 437 3780 βασιλίσσης
456 3694 547 3761 νότου
567 3697 619 3761 καί
641 3701 827 3776 Σολομῶνος.

344 3798 462 3884 Ἔλεγχ.
479 3797 528 3864 ιε’.
563 3801 623 3863 Καὶ
648 3801 678 3863 έν
700 3795 801 3874 αότοῖς
818 3795 864 3874 οίς
886 3803 984 3873 δοκεῖς
1004 3794 1203 3882 παρακόπτειν
1227 3795 1265 3862 οό
1287 3794 1413 3870 δόνασαι,

270 3895 476 3985 οἶΜαριιίων,
505 3909 609 3967 λαθεῖν
630 3899 682 3983 τήν
701 3897 852 3984 ἀλήθειαν.
898 3899 964 3964 Κοῖν
983 3897 1096 3988 όφέλης
1113 3895 1168 3984 γὰρ
1185 3899 1253 3982 περὶ
1269 3896 1352 3964 Ἰωνᾶ
1366 3901 1414 3962 τοῦ

270 4003 428 4088 προφήτου
449 4003 466 4069 δ’
483 4002 536 4086 τὴν
552 4006 723 4085 οἰκονομίαν
740 4007 875 4086 σημαίνει
890 4009 943 4068 τοῦ
958 4009 1105 4086 σωτῆρος,
1136 3999 1249 4089 όφίλης
1269 4001 1302 4066 δὲ
1321 3995 1411 4064 ιταλιδ

270 4108 337 4192 περὶ
356 4115 409 4188 τῆς
424 4109 593 4188 βασιλίσσης
610 4113 664 4172 τοῦ
682 4105 772 4172 νότου
789 4107 840 4171 καλ
858 4111 1094 4186 7Ὡῑαλομοῑνιος
1108 4104 1159 4167 ιιαλ
1173 4107 1228 4184 τῆς
1246 4104 1348 4168 Νινευλ
1365 4097 1413 4182 τόν

269 4207 442 4294 σωτηριόδη
459 4205 622 4288 ὑπόθεσιν,
644 4209 694 4273 καὶ
708 4217 762 4274 τοῦ
773 4205 856 4274 Ἰωνᾶ
869 4205 903 4272 τό
917 4206 1070 4292 κήρυγμα,
1093 4202 1182 4280 αόεός
1198 4202 1216 4271 ό
1230 4207 1411 4290 τραπόμενος

303 4396 343 4450 76,
361 4396 420 4459 τοὺς
433 4396 478 4464 μίν
491 4398 687 4465 τελευτήσαντας
697 4401 829 4449 mundavit
895 4394 936 4450 77.
951 4403 1055 4464 σημεῖον
1065 4395 1139 4462 αίτιί,
1153 4395 1197 4449 ιιαλ
1210 4400 1313 4462 σημεῖον
1323 4389 1351 4448 ον’
1360 4393 1410 4448 σεδ.

270 4469 484 4596 χἐτριχησιιὲποξισει·
496 4472 566 4530 υειλςο
579 4471 662 4518 habent
674 4468 718 4520 τοῦ
732 4465 776 4532 μὲι
789 4483 829 4518 τε·
861 4469 951 4528 placuit
968 4469 1071 4516 Ρειανεο.
