2984 4996
276 337 337 400 676
694 349 814 402 amen
832 347 999 401 τειεετλιιιι

276 463 348 540 θεός
363 461 461 549 ἀγάπη
477 465 552 545 ἐστί,
574 468 625 530 καί
639 463 734 531 πάντα
749 464 785 531 τά
800 463 850 530 ἀπ’
864 463 955 532 αάτοῦ
970 464 1172 552 κηρυττόμενα
1184 464 1296 550 όμοίιις
1310 465 1356 532 ἀεὶ
1368 495 1417 550 κη·

277 566 422 653 ρόττεται,
444 569 495 632 καί
515 564 579 632 τότε
599 569 649 632 καί
670 575 740 649 νῦν,
762 573 813 635 καί
835 571 866 634 έν
887 575 998 656 παλαιῷ
1018 570 1068 634 καλ
1089 576 1177 660 καινῇ
1198 569 1341 661 διαθήκη.

153 799 205 846 ηις.
218 789 262 833 στι.
365 779 424 856 Τής
444 771 520 856 πρός
543 776 776 854 Θεσσαλονικεῑς,
806 776 940 858 πέμπτης
961 775 1114 858 ἐπιπολῆς
1136 773 1227 852 (οῦτοι
1249 775 1305 862 γάρ
1328 786 1414 841 κεῖται

274 879 305 944 ἐν
325 882 365 966 τῷ
384 878 558 960 Μαρκίανι,
587 873 695 961 ὀγδόης
711 877 744 942 δέ
761 873 852 959 οὔσης
867 875 948 961 παρά
965 883 1006 965 τῷ
1022 873 1185 965 ἀποστόλρο)
1204 877 1242 943 τά
1256 877 1351 944 πάντα
1367 886 1413 942 τοῦ

275 981 456 1067 Μαρκίωνος
474 980 706 1064 διεστραμμένας
726 977 777 1044 ἀπ’
793 976 884 1062 αάτής
899 981 1016 1062 έγοντος
1033 976 1120 1045 οάδέν
1137 983 1167 1059 ἐξ
1184 978 1278 1064 αῦτής
1295 981 1411 1066 παρεδέ

273 1093 360 1168 μεδα.
979 1128 983 1136 ·

360 1193 419 1268 Τῆς
441 1182 515 1272 πρός
537 1188 754 1260 Θεσσαλονικεῖς
774 1187 928 1270 δευτέρας,
958 1187 1043 1267 ἕκτης
1064 1185 1096 1250 δὲ
1118 1188 1257 1269 κειμένης
1276 1187 1357 1273 παρά
1377 1195 1415 1276 τῷ

273 1291 446 1375 Μαρκίωνι,
476 1285 577 1369 ἐνάτης
592 1287 624 1352 δέ
641 1285 732 1370 οόσης
748 1285 829 1374 παρά
845 1293 885 1376 τῷ
903 1284 1074 1376 ἀποστόλρι,
1103 1285 1215 1370 ὁμοίως
1233 1293 1417 1375 διαστραφεί-

272 1413 326 1475 σης
346 1387 397 1456 ἀπ’
419 1387 512 1455 αὐτοῦ
532 1397 587 1456 τοῦ
609 1393 805 1476 Μαρκίωνος,
828 1391 918 1455 πάλιν
939 1387 1027 1456 οὐδὲν
1048 1392 1217 1474 έξεθέμεθα.

272 1699 349 1756 ΤΗΣ
364 1699 464 1754 ΠΡΟΣ
482 1698 688 1768 ΕΦΕΣΙΟΥΣ,
704 1699 878 1754 mom
893 1699 1019 1754 ΟΥΣΗΣ
1032 1699 1125 1754 nm
1142 1699 1208 1754 ΤΩΙ
1224 1699 1418 1766 numum,

339 1783 526 1840 ΠΕΜΠΤΗΣ
545 1785 590 1838 ΔΕ
607 1785 700 1838 ΠΔΡΔ
718 1783 784 1838 ΤΩΙ
801 1783 1017 1840 ΔΠΟΣΤΟΛΩΙ
1035 1784 1234 1839 ΚΕΙΜΕΝΗΣ
1253 1785 1357 1840 mn.

349 1891 381 1968 ὶα’
396 1905 447 1968 καί
460 1899 500 1977 λς’
516 1900 600 1986 Σχόλ.
635 1901 889 1986 84Μυημονευέτε
906 1899 990 1986 ὑμεῖς
1003 1927 1073 1968 ποτε
1090 1901 1125 1968 τά
1142 1903 1234 1987 ἐθνη,
1257 1907 1287 1969 αι’
1298 1902 1418 1989 λεγόμε-

272 2033 318 2073 νοι
339 2003 533 2091 ἀκροβυστία,
563 2001 622 2070 όπό
644 2013 696 2088 τῆς
711 2005 866 2090 λεγομένης
882 2013 1042 2090 περιτομῆς
1059 2007 1090 2072 ἐν
1106 2009 1194 2092 σαρκὶ
1210 2005 1418 2094 χειροποιήτρι,

274 2115 309 2156 ⁸⁶
318 2107 363 2175 ότι
375 2101 426 2192 ήτε
440 2116 480 2196 τῷ
495 2115 589 2196 καιρῷ
603 2109 703 2196 ἐκείνῳ
717 2111 807 2195 χωρίς
821 2114 967 2194 Χριστοῦ,
990 2105 1254 2193 ἀπηλλοτριωμένοι
1266 2115 1321 2190 τῆς
1335 2119 1418 2175 πολι-

269 2216 348 2289 τείας
361 2219 413 2277 τοῦ
426 2207 554 2296 Ἰσραήλ,
575 2212 627 2276 καί
641 2211 718 2289 ξένοι
734 2219 794 2276 τοῖν
808 2215 964 2294 διαθηκῶν
976 2217 1031 2294 τῆς
1046 2212 1229 2298 ἐπαγγελίας,
1251 2213 1361 2277 ἐλπίδα
1378 2211 1418 2294 μή

270 2317 395 2398 ἔχοντες,
423 2315 474 2379 καλ
497 2311 584 2378 ἀθεοι
600 2315 632 2379 ἐν
646 2319 687 2402 τῷ
702 2311 817 2403 κόσμῷ·
845 2315 913 2379 νυνί
933 2313 964 2378 δέ
985 2316 1015 2379 ἐν
1035 2321 1153 2403 Χριστῷ
1169 2312 1263 2398 Ἰησοῦ
1278 2311 1372 2395 ν’μεῖς
1389 2317 1421 2379 οἳ

269 2441 339 2483 ποτε
360 2413 442 2492 όντες
463 2415 578 2500 μακράν
598 2413 754 2502 ἐγενήθητε
776 2413 861 2501 ἐγγός
882 2421 965 2504 86τῷ
981 2419 1078 2499 αἵματι
1096 2415 1195 2483 αὐτοῦ.
1238 2413 1343 2493 Αδτός
1362 2415 1418 2502 γάρ

270 2516 382 2603 ἐστινή
404 2517 504 2605 εέρήνη
530 2513 670 2601 87ήςιῦν,
692 2515 710 2584 ό
728 2517 853 2601 ποιήσας
873 2515 909 2582 τά
927 2515 1080 2606 ἀμφότερα
1103 2523 1196 2599 Μὶν,
1217 2521 1265 2584 καὶ
1280 2517 1321 2582 τά
1340 2519 1418 2601 ἑξῆς.

353 2620 379 2686 α’
395 2623 446 2687 καί
460 2619 500 2697 λς’
511 2619 628 2706 Ἕλεγχ.
663 2617 702 2686 Τό
717 2617 930 2704 Μνημονεόετε
942 2629 1050 2706 καιροῦ
1062 2626 1197 2704 σημαίνει
1207 2619 1240 2686 τό
1254 2617 1351 2700 εἶδος,
1368 2623 1419 2688 τισὶ

274 2727 314 2790 Ολ
325 2722 474 2811 λεγόμενοι
490 2721 549 2790 ἀπό
566 2731 619 2806 τῆς
636 2724 805 2810 λεγομένης,
827 2731 886 2789 τῷν
900 2723 1080 2810 πραγμάτων
1096 2721 1167 2800 τοῦς
1179 2721 1289 2799 τόπους
1305 2731 1419 2806 σημαί-

137 2805 146 2828 ·
269 2853 320 2894 νει.
364 2828 424 2891 Καὶ
439 2824 473 2892 τό
487 2824 543 2892 Ἐν
559 2827 659 2913 σαρκί,
686 2829 735 2890 ἵνα
750 2827 830 2914 δείξη
847 2823 899 2891 τόν
914 2824 1008 2893 τόπον
1025 2825 1075 2892 τόν
1090 2828 1121 2892 έν
1133 2833 1171 2916 τῇ
1185 2827 1269 2910 σαρκί
1284 2819 1415 2892 ἀπεκδε-

269 2915 392 3014 χόμενον
407 2928 459 2996 τόν
473 2937 527 2996 τοῦ
540 2927 708 3012 πνεύματος
720 2927 837 3014 καιρόν·
866 2931 916 2994 ἵνα
929 2927 965 2994 τά
979 2930 1158 3016 έντελίστερα
1172 2925 1230 2994 ἀπό
1243 2934 1295 2992 τοῦ
1312 2928 1417 2995 τόπου

269 3036 356 3123 δείξῃ.
402 3034 504 3116 Χορός
521 3030 576 3117 γάρ
595 3037 724 3118 Χριστοῦ
737 3034 881 3106 πολιτείας
897 3039 950 3097 τοῦ
963 3029 1076 3116 Ἰσραήλ
1090 3029 1111 3114 ή
1125 3028 1301 3117 ἀκροβυστία
1318 3027 1416 3115 ἀπηλ

267 3140 421 3220 λοτρίοοτο,
450 3132 705 3221 ἀπηλλοτριωμένη
724 3133 756 3200 δί
773 3135 839 3216 ξένη
856 3126 894 3216 ήν
912 3136 1083 3220 ἐπαγγελίας
1099 3135 1150 3200 καί
1166 3131 1331 3216 διαθήκης,
1363 3137 1416 3200 καί

268 3241 299 3304 ολ
317 3235 376 3304 ἀπό
400 3235 507 3320 ταύτης
525 3233 688 3320 όρμαίμενοι
711 3239 813 3302 ἐλπίδα
834 3232 889 3302 οάκ
913 3233 1003 3319 εἶχον,
1032 3232 1090 3300 ἀλλ’
1112 3235 1198 3302 ἀθεοι
1217 3228 1292 3319 ἦσαν
1314 3237 1352 3301 ἐν
1373 3243 1415 3326 τῷ

267 3339 384 3430 κόσμρι,
406 3336 447 3417 ἀς
460 3336 662 3405 ἀποδέδεικται
676 3335 736 3405 ἀπό
751 3347 810 3406 τῷν
824 3344 877 3404 τοῦ
893 3335 1057 3404 ἀποστόλου
1073 3338 1220 3424 ῷημάτοιν.
1260 3335 1350 3404 'Aua‘
1366 3339 1414 3418 σά,

268 3447 426 3530 Μαρκίων,
448 3441 515 3508 οὔτε
529 3439 611 3530 όρῷς,
632 3439 699 3507 σόει
713 3438 842 3518 ἀκούεις·
865 3443 929 3507 ἐπεί
943 3437 980 3505 ἀν
993 3439 1086 3518 ἐνόεις
1099 3443 1200 3507 πόσων
1214 3438 1343 3526 ἀγαθᾶν
1358 3469 1414 3506 ιτα-

268 3549 380 3631 ραίτιον
401 3544 452 3612 τόν
473 3543 566 3628 νόμον
580 3542 687 3624 φάσκει
710 3541 826 3630 όάγιος
841 3541 1017 3625 ἀπόστολος,
1047 3552 1107 3609 τοῖν
1126 3546 1157 3609 ἐν
1175 3549 1215 3632 τῷ
1232 3541 1312 3633 νόμην
1332 3545 1415 3630 πρός

266 3645 319 3714 τόν
333 3645 397 3713 τότε
413 3647 518 3734 καιρόν
533 3648 789 3730 πεπολιτευμένων.
830 3644 888 3712 Ἐν
904 3645 959 3733 γάρ
979 3653 1097 3735 Χριστῷ
1109 3644 1207 3729 Ἰησοῦ
1224 3649 1256 3712 οί
1269 3647 1341 3712 ποτέ
1359 3675 1414 3730 μο-

267 3748 343 3837 κράν
357 3757 411 3816 νῦν
426 3749 511 3836 έγγός
527 3753 558 3817 ἒν
574 3756 616 3840 τῷ
629 3753 727 3834 αἵματι
745 3747 844 3815 αὐτοῦ.
886 3746 985 3825 Αάτός
1003 3747 1058 3836 γάρ
1076 3751 1152 3815 ἐστιν
1165 3746 1187 3832 ή
1199 3747 1299 3834 εἰρήνη
1312 3745 1413 3834 ήμῦν,

268 3849 425 3936 όπυιήσας
442 3851 478 3918 τά
497 3850 649 3938 ἀμφότερα
670 3854 709 3918 έν.
753 3854 795 3917 El
808 3853 841 3918 δὲ
857 3849 893 3917 τά
907 3847 1060 3937 ἀμφότερα
1077 3853 1214 3934 ἐποίησεν
1226 3857 1275 3930 δν,
1304 3853 1359 3917 καλ
1375 3849 1413 3918 αά

267 3953 299 4019 τό
315 3955 367 4038 μέν
383 3951 490 4034 ἀνεῖλε,
510 3952 543 4021 τό
560 3955 592 4020 δέ
605 3957 700 4042 ἕτερον
715 3953 925 4039 συνεστήσατο,
947 3947 1005 4039 ἀρά
1022 3977 1055 4040 γε
1070 3949 1140 4020 οόδέ
1154 3953 1188 4021 τό
1202 3953 1348 4041 πρότερον
1363 3951 1413 4018 ἀλ·

94 4119 98 4126 .
147 4055 383 4142 οιαπῑλότριον
404 4053 513 4136 αὐτοῦ,
544 4055 613 4123 οῦδὲ
632 4055 664 4124 τό
683 4056 818 4145 δεύτερον
839 4061 942 4122 διεῖλεν
964 4054 1023 4122 ἀπό
1044 4063 1098 4122 τοῦ
1114 4055 1251 4142 κρότου,
1280 4053 1356 4122 ἀλλά
1375 4055 1413 4122 τά

267 4155 419 4246 ἀμφότερα
439 4161 482 4236 είς
499 4163 534 4225 ἓν
556 4157 730 4246 συνήγαγεν,
758 4157 812 4243 οάχ
828 4156 944 4240 ἀπλῷς,
974 4155 1012 4226 ον’
1028 4155 1163 4242 δοκήσει,
1192 4155 1262 4224 ἀλλά
1278 4159 1412 4246 ἐναργιίς

266 4263 299 4327 ἐν
315 4269 355 4350 τῷ
366 4265 467 4347 αἵματι
480 4259 589 4343 αῦτοῦ,
611 4258 651 4340 οός
671 4258 692 4345 ή
709 4259 842 4347 ἀσφαλής
862 4268 915 4328 τοῦ
935 4259 1099 4330 ἀποστόλου
1114 4257 1304 4330 ἀποδείκνυσι
1325 4265 1408 4330 διδα-

265 4367 375 4431 σκαλία.

299 4517 340 4572 84.
358 4523 437 4603 §upra
453 4521 661 4591 Μιημοιεῦεντες.
884 4519 924 4580 86.
937 4523 1023 4592 sum
1040 4515 1065 4582 ίι
1082 4518 1128 4599 τῷ.

299 4585 340 4642 85.
357 4605 396 4643 οτι
412 4595 475 4644 αοιιι
489 4608 570 4658 τυμτα
883 4594 925 4652 87.
942 4600 1022 4662 supra
1037 4593 1117 4664 δμῶε.
