2994 5024
290 307 351 371 642
709 317 831 368 εκυστι
848 316 1018 368 εειειιευιι

290 438 397 518 μέθαι,
426 440 537 516 κῦμοι,
569 430 720 507 94καθείς
734 434 785 498 καί
801 440 944 519 προεῖπον
965 431 1011 498 ῦτι
1027 433 1059 498 οί
1071 429 1107 496 τοί
1124 438 1243 498 τοιαῦτα
1258 431 1448 516 πράσσοντες

289 540 437 620 βασιλείαν
457 542 531 600 θεοῦ
554 532 591 600 ού
611 534 891 620 κληρονομήσουσιν.

365 637 482 724 Ἔλεγχ.
499 635 533 713 ς’.
559 629 599 700 Ὦ
615 641 792 720 θαυμασίων
814 639 994 722 μυστηρίων,
1025 637 1076 701 καί
1093 633 1256 702 οίντιθέτων
1271 644 1351 702 θεοῦ
1367 634 1443 702 ύπο-

288 740 457 826 ῦειγμοίτων.
506 746 550 830 Tu*
572 737 626 824 γύρ
645 741 732 824 σαρκί
749 746 876 825 περιῆψε
897 737 933 803 τοί
947 738 1044 804 ποίντα
1060 736 1150 803 δεινοί.
1192 735 1315 824 Ἡσοίρξ
1336 739 1371 804 δὲ
1385 737 1444 804 νῦν

287 841 332 908 ύεί
346 836 394 926 ἦν,
417 839 476 908 ἄλλ’
490 843 521 906 ἐν
535 848 571 930 τῆ
585 843 653 930 ἕκτη
668 838 762 929 ήμέρᾳ
779 839 832 925 τῆς
846 845 1049 922 κοσμοποιίας,
1070 847 1123 906 τοῦ
1136 837 1230 923 Ἀῦιίμ
1243 841 1442 916 πλασθέντας,

201 944 205 954 ’
285 943 306 1028 ή
324 942 397 1030 σύρξ
414 947 510 1009 ἔκτοτε
528 945 590 1026 ἐσχε
607 942 661 1026 τήν
680 940 787 1029 α’ρηήν,
818 943 895 1026 φημί
911 951 964 1026 τῆς
980 944 1126 1018 πλύσεως·
1153 945 1205 1010 ἵνα
1218 946 1400 1028 ἐλεγχθῶσιν
1413 945 1444 1008 οἱ

284 1049 415 1133 λέγοντες
429 1043 473 1111 οίεί
489 1047 539 1112 καί
553 1047 582 1123 ἐξ
598 1042 688 1130 ύργῆς
703 1042 776 1110 είναι
789 1043 822 1112 τύ
840 1044 943 1111 κοκύν.
982 1047 1042 1110 Καί
1056 1043 1111 1130 γύρ
1125 1043 1194 1112 ούτε
1206 1043 1286 1124 ἐξύτε
1302 1044 1440 1126 ἐκλύσθη

285 1147 306 1232 ή
321 1148 392 1235 σύρξ
408 1147 551 1234 ῆμαρτεν,
579 1150 629 1212 ίνο
647 1145 688 1230 μή
704 1144 862 1230 ύπλοίσιης
877 1151 971 1223 αἴτιος
985 1155 1117 1236 νομισθῆ
1134 1143 1295 1232 ύμαρτίας,
1325 1145 1441 1221 τελέσας

286 1249 381 1334 σύρκα
400 1247 591 1336 ύμαρτωλήν,
620 1247 688 1314 ούτε
705 1257 875 1336 προϋπῆρχε
892 1257 947 1315 τοῦ
963 1247 1132 1332 πλάσματος
1148 1247 1180 1314 τύ
1202 1247 1307 1316 κακύν.
1353 1247 1440 1314 Μετιί

163 1385 213 1430 τις.
227 1375 273 1422 τω,
287 1352 393 1439 χρόνον
409 1353 441 1418 δέ
457 1355 489 1418 ἐν
504 1357 642 1440 ποραιιοῆ
659 1348 781 1434 α”Λῦοίμ
794 1350 935 1438 γεγονοίς,
964 1355 1037 1436 ἔχων
1051 1350 1084 1418 τύ
1101 1349 1306 1430 ούτεξούσιον,
1335 1377 1439 1437 προαι-

284 1457 360 1544 ρέσει
376 1457 436 1542 λῦίρι
451 1451 502 1536 εἶφ’
519 1456 624 1520 ἑαυτοῦ
640 1452 692 1536 τήν
705 1451 848 1537 ιίμορτίαν
862 1458 905 1531 είς
916 1453 1021 1520 ἐαυτύν
1035 1456 1208 1536 διανοηθείς
1219 1456 1339 1540 ἔπραξε,
1361 1457 1440 1536 φημί

284 1559 316 1622 δέ
336 1555 392 1640 τήν
409 1554 550 1639 α’θέτησιν
572 1563 626 1622 τοῦ
643 1553 735 1622 ούτοῦ
752 1555 896 1622 δεσπότου
918 1555 969 1621 διύ
983 1562 1036 1639 τῆς
1051 1564 1207 1644 παρακοῆς
1222 1555 1439 1640 ποιησόμενος.

287 1665 355 1724 Ποῦ
369 1661 468 1725 τοίνυν
482 1651 520 1741 ῆν
537 1656 569 1724 τύ
584 1657 689 1737 κακύν,
710 1657 801 1744 πρανῆ
817 1657 870 1741 τήν
884 1657 981 1744 σοίρκο
995 1656 1084 1737 είναις
1120 1665 1193 1734 Πῦς
1209 1661 1242 1726 δέ
1256 1655 1355 1734 εύθύς
1367 1667 1438 1724 τελα-

283 1769 389 1826 σθεῑσο
404 1759 440 1827 ού
458 1759 491 1826 τύ
506 1759 598 1828 κακύν
613 1759 782 1848 είργιίσατο,
804 1758 876 1826 οίλλοί
890 1761 985 1851 χρόνῳ
1001 1763 1166 1843 μετέπειτα,Ι
1180 1759 1260 1848 ’Ἆρα
1276 1767 1353 1846 γοῦν
1368 1759 1441 1850 οίνή-

283 1891 368 1949 ρηται
390 1860 408 1928 ύ
431 1865 498 1948 περί
521 1871 572 1946 τῆς
594 1867 699 1939 κακίας
724 1861 814 1950 οίρχῆς
836 1863 929 1949 λόγος.
981 1860 1026 1928 Ού
1049 1861 1104 1950 γύρ
1130 1861 1252 1928 δύναται
1278 1860 1368 1948 α’ρχαι
1385 1887 1440 1942 ειν,

283 1963 386 2048 ἐπειδή
407 1967 438 2032 ἐν
460 1973 495 2056 τῆ
511 1967 594 2050 σαρκί
616 1972 651 2055 τῇ
668 1967 890 2053 μεταγενεστέρρι
906 1964 939 2031 τύ
957 1969 1092 2052 γίνεσθαι
1109 1968 1165 2048 ἔχει
1180 1962 1202 2049 ἦ
1217 1971 1327 2044 κακία,
1358 1965 1379 2049 ἢ
1397 1966 1440 2048 μή

282 2073 424 2153 γίνεσθαι.
460 2069 520 2132 Καί
535 2065 602 2132 οὔτε
617 2064 637 2150 ή
651 2066 723 2152 σύρξ
737 2066 825 2133 πύλιν
838 2065 1075 2153 οίιιληρονύμητύς
1088 2070 1148 2134 ἐστι
1163 2073 1223 2134 τῶν
1237 2069 1439 2154 ἐπουρανίων.

284 2172 343 2234 Καί
367 2168 407 2252 μή
430 2195 473 2246 τις
493 2167 618 2252 λοίβηται
637 2177 692 2234 τοῦ
715 2166 800 2256 τίγίου
819 2167 985 2236 ύποστύλου
1003 2168 1152 2248 εἰπόντος,
1182 2169 1266 2256 Σείρξ
1286 2171 1341 2236 καί
1363 2167 1439 2252 οίρια

281 2276 429 2354 βασιλείαν
450 2279 526 2336 θεοῦ
548 2268 584 2337 ού
607 2271 888 2356 κληρονομήσουσιν·
919 2269 956 2338 ού
976 2271 1032 2358 γοίρ
1055 2279 1156 2338 πᾶσαν
1177 2271 1274 2358 σύριια
1295 2274 1437 2338 alsam.

283 2379 357 2449 Πῶς
372 2371 426 2458 γύρ
446 2372 648 2456 αίτιαθῆσεται
663 2369 750 2458 σείρξ,
780 2371 855 2458 ήμῆ
871 2371 1005 2458 πρύξασα
1020 2372 1057 2440 τοί
1074 2376 1287 2461 προειρημένος
1322 2377 1387 2438 Καί
1406 2378 1437 2450 ἐξ

280 2477 385 2562 ἐτέρων
409 2475 442 2540 ῦέ
463 2473 641 2553 ιίποιλείξεων
661 2474 839 2561 παραστήσω
863 2474 896 2542 τύ
920 2475 1103 2559 ζητούμενον.
1153 2481 1203 2553 Τίς
1223 2473 1294 2562 γοίρ,
1328 2477 1436 2558 φησίν,

278 2579 424 2664 ἐγκαλέσει
442 2575 516 2642 κατοί
532 2579 673 2644 ἐκλεκτῶν
684 2585 766 2642 ’θεοῦ
773 2605 782 2656 3
817 2583 889 2654 Πῶς
909 2575 946 2642 ού
965 2577 1179 2664 κληρονομήσει
1193 2583 1299 2662 Μαρία
1322 2574 1348 2660 ῆ
1366 2575 1438 2664 ύγία

279 2780 407 2868 γήσοσο,
430 2779 471 2864 μή
486 2791 684 2865 μοιχευθεῖσα,
706 2783 797 2864 μηδέν
814 2809 842 2847 τι
856 2789 915 2847 τῶν
929 2779 1097 2864 ύνηκέστων
1112 2781 1222 2868 σορκύς
1238 2783 1336 2868 έργων
1350 2786 1435 2870 ἐργο-

278 2886 396 2967 οαμένη,
419 2881 489 2948 ύλλύ
504 2882 644 2970 ύχροντος
658 2888 780 2967 μείνασα
785 2912 795 2963 ,·
830 2881 894 2950 Ούκ
909 2882 966 2970 ύρο
982 2888 1083 2950 τοίνυν
1095 2885 1164 2970 περί
1178 2882 1285 2970 σορκύς
1297 2885 1382 2971 λέγει
1396 2885 1434 2968 μή

277 2995 470 3072 κληρονομεῖν
490 2989 638 3069 βασιλείαν
657 2984 807 3072 σύρανιῦν,
837 2983 906 3052 ύλλοί
927 2988 995 3072 περί
1013 2991 1162 3074 σαρκικῶν
1179 2984 1359 3073 οίνθρούττων
1376 2997 1435 3056 τοῖν
1487 3007 1488 3027 ¹

276 3086 313 3153 τοί
332 3096 430 3170 φαῦλα
447 3087 495 3154 ὁιοί
511 3095 564 3171 τῆς
582 3088 690 3174 σορκύς
706 3085 907 3175 προπίτνων,
927 3087 1013 3154 ἅτινοί
1029 3091 1089 3154 ἐστι
1107 3093 1243 3174 πορνεία,
1275 3091 1433 3158 είῦωλολτ-
1486 3103 1487 3129 ί

276 3194 357 3275 τρία,
386 3193 436 3256 καί
454 3188 490 3256 τοί
506 3189 621 3267 τούτοις
636 3189 733 3273 ὅμοια.
778 3192 838 3255 Καί
852 3188 1016 3267 ἐξύπαντος
1029 3189 1194 3278 ἐλήλεγκτοί
1208 3211 1265 3258 σου
1280 3187 1302 3275 ή
1315 3213 1432 3260 mv·-
1485 3207 1486 3231 ¹

278 3297 342 3378 ρία,
364 3285 388 3358 οί
404 3297 553 3379 Μαρκίων
566 3293 777 3377 πεπλανημένε,
800 3299 852 3376 τῆς
867 3289 1007 3376 ύληθείος
1022 3290 1118 3377 πύντη
1135 3292 1358 3380 προλαβούσης,
1382 3297 1433 3362 καί
1484 3313 1485 3333 ¹

276 3393 310 3460 τύ
332 3393 450 3482 στερεύν
469 3402 524 3461 τοῦ
545 3394 730 3483 κηρύγματος
750 3402 803 3478 τῆς
823 3401 898 3480 ζωῆς
919 3393 1158 3480 ύσφαλιξομίνης.

359 3801 446 3888 Σχύλ.
464 3802 493 3882 ί.
529 3807 568 3868 Οί
582 3805 614 3870 δὲ
627 3809 682 3870 τοῦ
700 3809 830 3890 Χριστοῦ
845 3802 900 3888 τήν
914 3803 1008 3891 σύρκα
1022 3801 1208 3892 ίσταύρωσαν
1223 3804 1279 3872 σύν
1292 3813 1359 3884 τοῖς
1374 3835 1428 3874 τεν·

275 3904 392 3990 θήμασι
413 3909 548 3982 καλιαῖς
569 3909 749 3989 ἐπιθυμίαις.

350 4007 467 4096 Ἕλεγγ.
484 4008 515 4088 ξ.
547 4012 589 4073 El
607 4007 794 4094 ἐσταύρωσαν
812 4008 865 4092 τήν
883 4008 979 4095 σύρκα
1000 4011 1031 4075 οἱ
1044 4015 1096 4074 τοῦ
1119 4015 1266 4096 Χριστοῦ,
1296 4002 1321 4076 ύ
1333 4017 1424 4096 Μαρ

273 4115 356 4192 κίων,
379 4115 468 4194 δῆλον
482 4103 519 4193 ῆν
532 4111 578 4176 ὅτι
592 4115 623 4178 οί
634 4118 688 4177 τοῦ
704 4118 835 4197 Χριστοῦ
849 4116 949 4178 δοῦλοι
963 4111 1018 4178 σύν
1032 4119 1096 4187 ταῖς
1107 4112 1282 4194 ἐπιθυμίαις
1295 4113 1348 4178 καί
1364 4124 1424 4190 τοῖς

274 4211 432 4296 παθήμασι
444 4210 582 4298 καθοριίν
595 4211 649 4298 τήν
663 4212 759 4301 σύρκα
773 4213 936 4293 ἀπέδειξαν,
953 4217 1004 4280 καί
1018 4211 1197 4297 ἐμιμήσαντο
1211 4211 1265 4280 τίν
1281 4215 1422 4300 Χριστύν,

274 4318 418 4393 δείξαντες
434 4313 525 4381 αύτύν
540 4314 635 4402 σύριιο
648 4317 870 4403 ἐσταυρωιιέναι.
905 4315 963 4382 Διύ
977 4318 1028 4384 καί
1042 4313 1128 4383 αύιολ
1142 4313 1178 4381 ταί
1194 4319 1244 4382 ίσο
1259 4325 1301 4406 τῷ
1314 4318 1421 4386 θεσπέ-

272 4443 309 4506 τη
335 4415 433 4484 ούτοῦν
456 4417 655 4505 φρονήσαντες
677 4417 730 4502 τῆν
754 4418 850 4506 σοίρκο
871 4418 1065 4505 ἐσταύρωσαν.
1117 4421 1177 4484 Καί
1199 4422 1227 4485 εί
1247 4417 1302 4504 τήν
1327 4425 1421 4508 σείρνο

306 4551 348 4610 94.
366 4551 383 4611 ἃ
399 4556 512 4625 προλέγω
529 4551 601 4626 ύμῖν,
619 4553 707 4620 καθείς
722 4557 766 4613 καὶ
783 4565 833 4612 τελλ
847 4563 915 4624 μίτοι
930 4575 1011 4624 supra.
