3036 4998
395 349 527 402 rnunun
545 350 608 402 unu.
623 351 640 400 r.
658 350 739 403 ron.
757 351 787 400 u.
806 349 904 401 unua.
917 350 1019 402 xxxr.
1220 337 1277 400 331

218 469 274 535 llis
298 471 337 534 ita
362 469 527 534 constitutis
552 471 672 556 primunr
699 469 777 534 illum
801 467 956 533 Parentem
982 467 1019 534 ab
1044 465 1180 553 Unigeua
1203 467 1279 547 solo,
1299 483 1357 553 Cap.
1374 483 1432 536 xtt.

134 596 218 661 quem
237 575 263 638 is
279 572 435 661 produxit,
467 573 514 657 qui
532 573 607 636 idem
627 583 656 636 et
673 569 738 636 Nus
756 571 876 651 dieitur,
907 572 1044 656 cognosci
1060 572 1215 650 delininnt3
1247 569 1282 633 ab

134 677 255 762 reliquis
279 677 411 740 omnibus
434 695 528 760 neque
549 675 640 739 videri
666 695 769 760 posse,
802 695 896 760 neque
918 675 1014 738 animo
1031 673 1282 758 intelligentiaque

134 779 351 866 comprehendi.
403 775 599 862 Quamobrem
628 799 692 841 cum
716 775 851 841 Parentis
873 777 1115 862 contemplatione
1140 797 1207 840 sese
1234 775 1282 838 ille

133 903 210 947 unus
226 883 397 959 oblectaret,
421 891 507 966 atque
522 881 662 944 immensa
674 879 751 943 illins
767 879 963 965 magnitudine
977 879 1182 962 cognoscenda
1195 877 1284 942 vehe-

134 994 250 1048 menter
265 983 421 1062 enultaret,
437 983 575 1048 statuisse
590 981 711 1068 reliquis
726 981 877 1046 Aeonibus
892 979 1027 1045 Parentis
1042 982 1157 1065 aperire
1172 979 1284 1065 magni-

134 1087 281 1166 tudinem,
314 1085 519 1170 quartesiis,
551 1106 693 1170 quamque
708 1083 886 1148 admirabilis
904 1085 997 1163 loret,
1029 1093 1117 1168 utque
1131 1094 1161 1146 et
1175 1081 1282 1168 prinei·

133 1189 210 1275 cipio
225 1199 357 1268 careret,
381 1197 410 1252 et
428 1188 506 1251 nullo
521 1189 614 1274 spatio
632 1209 666 1250 ae
683 1187 851 1270 cognitione
868 1187 930 1272 capi
944 1195 1056 1272 posset.
1102 1181 1162 1250 Sed
1178 1183 1205 1247 id
1225 1205 1282 1268 quo

133 1293 231 1356 minus
248 1300 425 1377 praestaret,
448 1280 549 1375 ¹Sigen
568 1291 603 1353 de
619 1287 755 1353 Parentis
773 1289 950 1374 repressisse
970 1287 1109 1365 consilio,
1141 1287 1216 1371 qnod
1234 1286 1283 1349 ille

133 1395 257 1458 Aeones
277 1413 379 1456 omnes
397 1393 500 1456 summi
519 1393 553 1457 ad
570 1389 706 1456 Parentis
724 1391 855 1456 notitiam
874 1389 1107 1475 desideriumque
1123 1390 1283 1474 perducere

133 1496 289 1560 niteretur.
326 1496 371 1559 Ac
387 1495 477 1560 ceteri
494 1494 606 1579 quidem
620 1515 659 1558 ex
675 1493 810 1558 Aeonum
827 1514 917 1579 grege
934 1504 1082 1558 auctorem
1098 1503 1282 1575 satorumque

132 1619 238 1677 suum,
270 1597 324 1662 boc
347 1607 391 1662 est
413 1597 532 1682 stirpem
555 1596 633 1660 illam
650 1595 836 1681 radicemque
854 1596 984 1682 principii
1002 1606 1153 1682 expertem
1175 1593 1281 1674 omnis,

133 1721 223 1765 nosse
246 1699 370 1762 comiter
390 1720 424 1764 ae
444 1699 591 1763 moderate
610 1699 773 1784 cupiebant.
819 1695 879 1763 Sed
898 1696 1049 1784 Sapientia
1065 1697 1183 1762 ultimus
1199 1706 1284 1760 natu·

132 1823 190 1888 qne
209 1801 343 1866 minimus
363 1802 448 1866 Acon
467 1823 507 1865 ex
525 1801 574 1864 illa
594 1799 767 1880 Dodecade,
799 1821 873 1885 quae
892 1801 928 1864 ab
947 1797 1073 1865 Homine
1091 1799 1283 1884 Ecclesiaque

131 1914 292 1992 propagata
315 1915 377 1985 est,
411 1905 497 1990 longe
522 1905 628 1968 ceteris
651 1903 889 1990 intemperantius
917 1923 984 1968 sese
1012 1903 1128 1968 extulit.
1182 1899 1283 1986 ltaque

131 2007 198 2072 sinc
211 2005 328 2070 Theleti
345 2005 479 2092 coniugis
494 2006 675 2092 copulatione
689 2006 871 2069 affectionem
887 2007 915 2070 in
933 2027 965 2069 se
984 2007 1125 2092 quandam
1142 2005 1282 2090 suscepit,

131 2129 209 2196 quae
226 2111 254 2173 in
270 2107 372 2172 Mente
387 2131 422 2174 ac
439 2107 572 2173 Veritate
588 2119 691 2194 coepta
706 2110 785 2194 prius
799 2108 827 2171 in
845 2108 989 2172 infelicem
1004 2108 1082 2172 illum
1100 2119 1128 2172 et
1144 2108 1283 2171 aberran-

131 2224 193 2276 tem
211 2211 344 2276 Aeonem
364 2210 509 2291 ioeubuit‚
534 2231 608 2297 quae
623 2211 719 2297 specie
736 2209 848 2296 quidem
866 2211 995 2275 caritatis
1010 2211 1154 2290 excitata,
1178 2230 1285 2275 revera

132 2313 309 2379 temeritatis
328 2325 413 2399 atque
431 2313 568 2378 audaciae
587 2313 654 2393 luit,
680 2314 754 2398 quod
778 2335 842 2376 oum
863 2314 994 2398 perlecto
1010 2311 1139 2378 Parente
1156 2333 1284 2378 commn-

131 2419 232 2482 uicata
249 2417 367 2480 minime
386 2417 489 2480 iuerat.
535 2413 609 2480 Erat
628 2427 724 2480 autem
744 2415 816 2479 baec
835 2415 922 2478 animi
943 2417 1114 2496 commotio,
1148 2413 1284 2481 Parentis

130 2519 298 2605 inquirendi
315 2519 457 2599 studium,
482 2519 582 2599 cuius,
608 2529 639 2582 ut
656 2519 754 2598 aiunt,
778 2517 1004 2604 magnitudinem
1022 2519 1188 2604 cognitione
1204 2539 1285 2582 asse·

131 2623 181 2709 qui
205 2621 410 2686 contendebat.
457 2619 567 2685 Verum
589 2624 697 2686 trustra
713 2621 879 2700 laborabat,
911 2621 986 2705 quod
1010 2643 1073 2686 earn
1095 2642 1156 2684 rem
1176 2641 1284 2685 coucu-

131 2725 266 2811 pivcrat,
299 2745 373 2810 quae
398 2723 523 2788 obtineri
545 2724 623 2787 nullo
647 2725 732 2787 modo
755 2735 865 2810 posset.
913 2721 1011 2809 ltaque
1034 2745 1098 2788 cum
1120 2725 1149 2787 in
1173 2744 1285 2786 srrmma

131 2825 323 2892 contentione
339 2837 370 2890 et
387 2826 537 2890 anxietate
552 2837 740 2905 versaretur,
764 2847 798 2890 ac
817 2837 935 2913 propter
953 2838 982 2889 et
1000 2825 1139 2889 infinitam
1158 2825 1284 2889 altitudi-

130 2951 201 2994 nem
225 2940 253 2990 et
272 2925 406 2992 Parentis
429 2938 561 2992 naturam
585 2928 744 3007 eiusmodi,
775 2939 807 2992 ut
825 2930 861 2991 ad
880 2948 943 2992 eam
962 2929 1048 2993 nullis
1068 2928 1200 3011 vestigiis
1219 2948 1286 3013 per·

130 3032 266 3110 veniret,
292 3042 322 3094 et
340 3031 376 3094 ob
393 3053 474 3095 suam
492 3030 521 3094 in
540 3030 617 3094 illum
636 3031 760 3116 denique
778 3032 948 3110 caritatem,
974 3053 1043 3118 prae
1061 3031 1125 3094 eius
1141 3032 1284 3098 suavitate

128 3154 251 3218 semper
271 3133 346 3196 ultra
370 3143 573 3218 procurreret,
607 3144 755 3219 postremo
771 3133 841 3197 nibil
855 3153 922 3196 esse
938 3135 1055 3220 propius
1075 3137 1179 3198 lactum
1200 3156 1284 3218 quam

129 3247 161 3300 nt
177 3235 208 3298 in
225 3233 392 3299 universam
408 3237 546 3320 absorpta
562 3246 695 3298 naturam
711 3257 746 3298 ac
759 3236 887 3298 resoluta
901 3246 1086 3314 vanesceret,
1106 3237 1161 3300 nisi
1177 3235 1207 3300 io
1221 3257 1283 3300 earn

128 3337 282 3403 Virtutem
309 3337 463 3402 incidisset
490 3337 536 3401 cui
564 3337 847 3401 corroborandorum
877 3348 906 3400 et
933 3337 1164 3423 inexplicabilem
1198 3348 1284 3403 cntra

129 3439 361 3524 magnitudinem
374 3440 643 3503 conservandorum
656 3439 784 3502 omnium
798 3461 902 3502 nrunns
916 3451 980 3503 erat
995 3439 1176 3504 attributum.
1209 3438 1282 3503 llam

128 3563 221 3630 porro
235 3537 384 3607 Virtutum
399 3542 457 3606 alio
473 3541 590 3606 nomine
603 3538 714 3606 llorum
729 3542 884 3629 appellant.
919 3543 966 3606 Ab
979 3542 1033 3606 bac
1047 3541 1200 3607 cohibitam
1215 3564 1284 3607 con·

128 3647 333 3730 firmatannque
356 3641 536 3731 Sapientiam
560 3665 649 3729 aegre
672 3646 707 3709 ad
729 3645 917 3732 semetipsum
939 3645 1081 3724 rediisse,
1114 3646 1284 3731 demumque

128 3767 303 3834 persuasum
325 3747 478 3811 habentem
502 3769 559 3812 nnn
583 3767 670 3833 posse
687 3745 844 3812 Parentem
867 3769 950 3812 suum
972 3748 1138 3834 cognitione
1155 3768 1285 3834 compre·

127 3851 236 3929 bandi,
268 3850 394 3935 priorem
413 3851 620 3934 cogitationem
643 3871 707 3913 cum
730 3851 885 3936 posteriori
906 3851 1117 3929 commotione,
1150 3870 1222 3934 quac
1245 3871 1283 3914 ex

124 3966 249 4042 stupore
271 3951 322 4016 illo
344 3963 372 4016 et
395 3951 592 4016 admiratione
616 3961 683 4016 nata
707 3954 818 4032 lucrat,
843 3953 974 4017 esurisse.

212 4051 273 4120 Sed
289 4055 410 4120 istorum
430 4056 544 4140 quidam
561 4053 639 4118 illam
659 4052 827 4139 Sapientiae
844 4053 1089 4142 perturbationem
1109 4076 1143 4119 ac
1159 4055 1277 4121 restitu·
1290 4059 1431 4130 capxut.

121 4157 235 4223 tionem
253 4158 357 4242 quibus
376 4157 460 4243 nugis
478 4157 652 4223 involvunt?
693 4157 840 4222 Nimirum
860 4181 924 4223 cunr
945 4157 1083 4222 eiusmodi
1104 4158 1210 4243 aliquid
1228 4181 1278 4245 ap·

127 4317 186 4364 Van.
201 4313 270 4364 babet
281 4313 325 4365 eni
341 4312 415 4379 ζυγοῦ
429 4310 526 4377 τούτου,
543 4315 627 4378 νιΙίᾳιιί
640 4315 694 4364 teon
761 4311 820 4364 Gan.
836 4313 907 4362 Xlll.
925 4341 957 4350 -
983 4312 1003 4362 l.
1023 4315 1225 4376 lnterropetr‘onern
1240 4315 1286 4365 Pe·

126 4381 176 4435 τοῦ
194 4379 269 4448 ζυγοῦ
287 4379 339 4432 τοῦ.
726 4385 805 4432 tucius
830 4383 934 4431 restitnit.
969 4381 1058 4431 lernaei
1082 4383 1195 4443 lnterprer
1218 4383 1285 4431 babet

160 4447 440 4502 §.mariamnae
461 4449 514 4500 Van.
725 4447 870 4499 huiuamodi.
907 4451 1038 4511 scripserat
1053 4448 1163 4499 Innocua
1186 4451 1285 4514 suturae

161 4513 187 4568 7.
204 4515 241 4586 aqi
259 4515 310 4566 ced.
329 4517 383 4568 Ven.
723 4511 935 4580 nicaenaeque
953 4510 1037 4569 cirria
1053 4519 1116 4575 πῶς.

162 4583 187 4636 a
204 4599 233 4636 τι
250 4597 296 4635 om.
314 4585 364 4636 end
382 4587 438 4636 Ven.
756 4583 781 4636 2
798 4583 844 4652 squ
860 4587 912 4636 eod
929 4583 984 4636 Ven.
