3006 4990
274 381 408 434 Paunntt
427 381 502 432 ADV.
520 381 689 434 HAERESES
708 382 769 434 [illl.
785 383 803 432 Ι.
821 382 901 434 ΤΟΜ.
914 383 933 432 1.
1137 372 1175 434 79

63 507 121 560 tates
138 511 289 576 exereent,
320 509 408 584 atque
434 500 536 564 eodem
561 521 618 585 qno
642 497 741 564 ludaei
768 510 898 584 {empore
920 501 994 564 festa
1021 520 1074 564 sua
1100 502 1178 565 cele·

63 595 144 678 lunt,
163 601 342 686 Azymornm
366 601 494 680 scilicet,
526 599 697 680 Paschatis,
727 598 936 680 Pentecostes‚
961 598 1176 685 scenopegiae,

60 707 85 760 et
100 701 215 765 solennis
238 701 316 766 illius
341 701 446 767 ieiunii
472 705 549 787 quod
574 703 603 766 in
631 723 718 768 unam
744 703 818 768 diem
845 704 1016 766 observant.
1067 700 1179 767 Contra

63 820 128 880 quan
147 803 192 867 alii
212 804 383 884 instituunt,
415 804 463 890 qui
487 805 516 868 in
538 803 641 868 iisdem
666 804 827 868 indicendis
850 803 885 868 ad
906 803 1038 868 Essenos
1056 825 1108 885 se,
1136 803 1179 868 nti

60 900 223 987 dictumest,
246 906 476 970 accommodant.

317 1143 540 1220 GONTRA
565 1143 899 1220 Bostrenos,

182 1262 342 1338 Haeresis
367 1261 429 1336 lv.
456 1262 759 1355 Samaritanorum,
786 1262 902 1338 ordine
927 1261 1026 1338 XIII.

122 1409 164 1474 Ab
182 1411 227 1502 his
244 1411 378 1476 Dosithei
396 1412 591 1499 multipliciter
611 1413 786 1498 discrepant.
831 1411 910 1476 Nam
932 1424 962 1476 et
982 1413 1175 1477 resurrectio·
1194 1411 1254 1482 ⁰³1²·
1272 1418 1290 1468 ¹·

57 1528 106 1570 nen
134 1512 305 1594 admittunt,
339 1498 369 1578 et
396 1515 547 1578 severiora
579 1516 653 1601 apud
687 1516 752 1578 illos
784 1525 853 1579 sunt
886 1512 1019 1577 instituta
1046 1514 1176 1579 vivendi.

58 1603 114 1673 item
136 1613 169 1675 ab
193 1614 329 1679 animatis
354 1616 511 1679 abstinent.
562 1615 704 1680 Nonnulli
728 1617 815 1680 etiam
843 1627 909 1703 post
934 1616 1049 1700 nuptias
1077 1615 1178 1680 uxori-

57 1708 97 1774 lus
116 1717 233 1778 mortuis
252 1717 460 1781 continentiam
484 1728 616 1781 servant.
661 1717 721 1782 alii
740 1719 937 1800 virginitatem
960 1717 1099 1781 retinent.
1144 1714 1179 1782 lu

57 1829 82 1873 eo
99 1835 162 1879 uero
184 1839 250 1880 oum
272 1819 337 1882 aliis
359 1819 546 1882 consentiunt
564 1820 638 1904 quod
660 1830 689 1881 et
710 1819 961 1883 circumcisionem
982 1831 1011 1882 et
1029 1817 1177 1883 sabbatum

57 1913 151 1994 colunt,
181 1929 212 1982 et
235 1919 389 1984 cuiuslibet
411 1919 535 1984 hominis
562 1930 726 1985 contactum
750 1920 897 1999 devitant,
927 1921 1001 2005 qnod
1022 1921 1179 1984 universos

55 2011 247 2084 abominentur.
294 2007 403 2085 Eadem
428 2042 516 2108 porro
538 2043 602 2085 oum
623 2023 687 2086 aliis
711 2021 820 2086 ieiunia
842 2033 929 2106 atque
951 2021 1180 2085 exercitationes

55 2115 178 2185 adhibent.
228 2119 310 2185 llaec
333 2123 429 2186 omnia
448 2143 465 2186 a
485 2122 628 2188 Dositheo
650 2123 704 2186 hac
728 2144 769 2188 ex
789 2124 944 2187 occasione
964 2123 1076 2187 suuoita
1098 2134 1177 2187 suut.

55 2211 113 2281 Cum
133 2223 209 2286 enim
231 2219 355 2287 iudaeus
380 2236 477 2302 esset,
506 2245 573 2290 sese
597 2227 631 2288 ud
652 2221 854 2289 Samaritanus
874 2225 1018 2288 adiunxit.
1064 2220 1180 2309 Quippe

56 2318 198 2408 dialogis
218 2324 359 2387 institutis
380 2326 509 2412 apprime
524 2337 660 2392 versatus
680 2335 708 2389 et
726 2326 910 2389 traditionum
928 2347 999 2411 quas
1015 2323 1057 2388 illi
1078 2325 1180 2389 ossar-

55 2431 108 2484 umt
121 2425 333 2489 scientissimus
350 2425 507 2512 principem
527 2428 605 2490 iuter
624 2448 693 2492 suos
713 2427 808 2490 locum
826 2426 955 2512 appetiit.
999 2427 1028 2489 A
1050 2447 1106 2509 quo
1129 2427 1180 2489 de·

55 2521 145 2602 pdsns‚
168 2549 224 2590 nec
240 2547 374 2610 magnam
391 2528 468 2591 inter
483 2526 606 2592 ludaeos
624 2529 825 2592 auctoritatem
842 2530 974 2615 adeptus,
996 2527 1031 2590 ad
1050 2523 1181 2591 Samari-

54 2633 120 2688 tanus
135 2628 259 2706 delenit,
283 2640 314 2692 et
331 2628 406 2692 illam
425 2639 535 2693 sectam
551 2630 689 2694 condidit.
735 2627 848 2694 Deinde
866 2631 896 2693 in
913 2630 1079 2715 speluncam
1097 2647 1181 2692 sece-

53 2721 110 2788 dens
127 2749 193 2811 prae
212 2730 351 2794 affectata
371 2735 491 2815 quadam
509 2732 651 2817 sapientia
668 2732 814 2817 perpetuis
832 2752 864 2794 sc
882 2731 924 2796 uti
946 2731 1042 2794 lerunt
1062 2729 1181 2794 ieiuniis

52 2821 209 2894 inaniterne
228 2831 364 2895 simulata
381 2833 487 2918 pietate
504 2833 642 2913 coniecit,
666 2834 758 2896 donec
773 2831 829 2895 cibi
845 2854 878 2895 ac
895 2843 979 2916 potus
994 2832 1103 2909 inedia,
1127 2851 1180 2895 vo-

53 2922 158 2993 luntaria
180 2931 297 2996 scilieet
313 2945 424 3014 morte,
448 2945 636 3020 consumptus
659 2945 716 2998 est.
760 2934 882 3018 Aliquot
901 2933 968 2997 iude
991 2943 1057 3018 post
1078 2931 1181 2996 diebus

52 3027 89 3106 qni
109 3032 141 3094 ad
159 3053 224 3097 enm
243 3046 389 3098 venerant
406 3038 597 3121 putrefactum
620 3057 655 3100 ac
677 3035 846 3101 verminans
866 3035 992 3100 cadaver
1011 3033 1179 3114 inveniunt,

52 3145 78 3188 tt
96 3151 255 3198 muscarum
281 3136 416 3200 examine
438 3147 566 3202 scatens.

119 3231 199 3300 Haec
215 3245 286 3299 sunt
303 3257 376 3320 quae
392 3239 428 3302 ad
447 3261 500 3302 uns
516 3259 678 3325 pervenere
694 3249 817 3323 quatum
832 3250 978 3302 sectarum
996 3236 1180 3320 discrimina3

52 3347 111 3409 puae
127 3335 209 3400 lacile
227 3357 267 3400 en
282 3336 319 3400 iis
337 3359 410 3422 quae
428 3351 531 3403 contra
550 3339 615 3403 illas
633 3339 775 3425 disputata
792 3349 859 3404 sunt
875 3349 1056 3402 evertentur.
1091 3335 1181 3404 Nunc

51 3426 171 3500 haereses
187 3438 331 3522 reliquas,
356 3461 432 3523 qnae
446 3451 607 3525 temporum
622 3442 809 3506 successione
825 3461 975 3526 perperam
988 3440 1180 3525 irrepserunt,

51 3539 74 3592 et
85 3533 247 3603 aberrantia
264 3539 361 3603 omnia
385 3561 491 3627 pecora
510 3553 680 3628 pertexam,
704 3543 861 3626 eademque
887 3542 1058 3605 conuincam
1078 3541 1181 3628 partim

51 3699 128 3764 βιῶσαι
142 3705 220 3758 vitam
236 3705 372 3759 secularem
386 3727 467 3776 agere.
502 3717 530 3763 nt
546 3714 592 3763 Go-
658 3710 682 3764 6.
700 3705 737 3770 ric
751 3705 835 3771 udam<
848 3727 877 3763 rs
892 3713 943 3762 cod.
960 3712 1035 3763 teau.

49 3773 137 3822 mutuno
156 3781 177 3824 et
194 3779 318 3828 salomen
335 3783 481 3840 patrocinari
502 3783 594 3830 uidetur
658 3777 683 3832 7.
700 3779 825 3863 tappetem
841 3781 892 3830 cod
909 3781 963 3830 t'ert

49 3839 204 3892 Μωοννοὼ
228 3846 328 3906 uocatus,
344 3847 473 3908 mantola,
503 3851 542 3908 put
568 3849 593 3897 in
658 3845 684 3898 s.
702 3845 770 3928 nurn‘p
786 3849 837 3897 eod.
852 3849 906 3897 Vsu.

51 3901 104 3982 Tlft
118 3909 211 3959 onnon.
230 3913 296 3960 Fidei
308 3914 336 3975 l,
351 3911 393 3964 35.
410 3915 446 3963 tte
461 3918 536 3964 vatis
552 3929 593 3964 err·
659 3911 685 3964 9.
703 3907 845 3981 ὄρμημενος
862 3915 895 3981 (t.
910 3927 931 3964 e.
949 3907 1110 3980 oippuptducc)
1129 3914 1180 3964 cod

48 3975 126 4032 munt
138 3979 315 4039 Eptptruutum:
341 3980 474 4044 ,Δοσίθεον
490 3978 519 4035 at
534 3973 593 4034 duui-
628 3983 683 4033 Vsu.

51 4049 124 4120 mou
146 4041 191 4106 mv
213 4038 379 4112 ὁμολογοῦσι,
405 4047 447 4099 καὶ
468 4047 526 4112 περὶ
547 4045 593 4108 τὰς
661 4049 699 4101 10.
718 4046 793 4115 bap,
817 4047 842 4102 tu
857 4043 989 4102 παιδεύσει
1004 4044 1113 4100 disard
1130 4050 1181 4098 cod.

50 4115 124 4166 ‘tim
149 4113 322 4194 supppcuoiacr
353 4119 405 4174 τοῖς
432 4115 592 4182 repetundis,
628 4119 683 4170 vm.

50 4166 93 4222 tuta
115 4173 143 4228 u
166 4195 221 4244 unp
253 4175 339 4239 ον’τοῑς
362 4181 445 4236 πολλοὶ
470 4180 593 4251 ἐμψύχων
662 4185 701 4236 11.
719 4178 876 4248 θηριοὶμενος
889 4180 918 4237 δὲ
934 4177 966 4234 τὰ
983 4183 1032 4232 cod.
1049 4183 1103 4246 Vsu.

49 4225 183 4320 drdpsnrnm
209 4239 274 4300 tuta
296 4245 376 4330 γάμον
399 4246 463 4315 μετὰ
488 4247 516 4303 τὰ
541 4266 594 4302 rs·
664 4253 702 4300 t‘t.
718 4247 771 4317 sipi
787 4267 817 4309 ος
832 4247 899 4310 τινὰς
916 4251 967 4301 cod.
984 4252 1058 4299 tenet.

49 4321 163 4396 {torpor
180 4311 387 4381 (preparationem,
413 4316 470 4370 datar
486 4315 516 4370 di
531 4335 593 4382 unp-
664 4317 701 4368 13.
720 4267 795 4370 adadu
813 4320 864 4368 oud.
881 4321 934 4368 Vsu.

49 4383 207 4431 -oeuuonmf‘
243 4383 290 4431 Sed
310 4397 389 4433 cucur
408 4389 434 4433 ut
453 4384 520 4438 νῐοῦν
543 4399 595 4436 uer·
664 4383 701 4434 lt.
718 4381 948 4450 capraemortem.
967 4387 1042 4434 Venet.

49 4441 93 4489 lum
105 4459 130 4494 tn
142 4461 189 4510 pno
206 4449 359 4500 mmmmm
371 4456 392 4499 et
408 4453 539 4502 Sntmnstns
552 4467 594 4514 po·
663 4453 701 4502 15.
719 4455 825 4504 Fortasse
840 4451 1004 4518 κοσμήματα.
1033 4453 1123 4503 Eodem
1140 4468 1182 4504 uo·

47 4519 130 4626 {3⁸¹1
143 4517 287 4634 &attenua
295 4519 360 4578 nord
373 4520 506 4582 scriptorem
522 4523 595 4571 Gree-
627 4523 712 4572 catule
725 4523 831 4585 hauctus
847 4523 944 4584 mutum
956 4522 1022 4584 tufan
1033 4521 1182 4584 tner.tio',5.

106 4587 270 4645 reperiaturu
288 4599 336 4634 um.
