2984 4996
324 347 457 400 ananau
473 349 536 398 uua.
548 349 568 400 ι.
585 347 665 400 ron.
678 349 722 400 uu.
740 349 838 400 asan.
850 350 944 401 xnrn
1145 339 1203 402 691

61 469 136 532 haec
154 453 251 531 omnia
268 477 385 552 praeter
405 468 535 552 magistri
554 469 599 532 sui
617 469 751 554 dogmata
768 468 882 554 nuptias
897 469 946 532 itte
966 469 1154 550 condemnat,
1179 481 1209 534 ει

60 570 267 634 castimoniam
283 571 444 654 profitetur,
465 592 522 633 nun
540 571 623 635 huius
639 593 737 634 amore
753 571 881 650 virtutis,
902 573 952 634 sed
969 581 999 634 ut
1016 593 1105 656 opera
1118 559 1210 638 Crea-

59 675 139 736 toris
155 683 280 736 evertat.
327 669 427 755 Quare
446 673 587 758 coniugiis
607 674 763 736 interdicit.
809 672 858 736 Ex
877 673 991 758 quibus,
1014 673 1118 758 iuquit,
1142 697 1209 761 pru-

57 787 170 862 pagata
188 775 290 838 sobole
309 775 401 839 maior
420 775 448 838 in
471 776 578 840 mundo
598 773 750 842 Conditori
775 775 892 839 ubertas
913 798 946 840 ac
964 776 1047 860 cupio
1069 779 1206 862 suppetit.

57 877 132 941 Hoc
147 879 236 962 igitur
251 879 280 940 in
297 873 416 964 Opificis
434 899 468 941 ac
485 875 653 944 Conditoris
669 878 764 941 odium
783 877 920 963 suscipit,
944 900 981 942 ne
998 900 1036 943 ex
1052 879 1210 945 liberorum
1240 875 1246 890 '

57 981 270 1066 procreatione
286 979 363 1043 illins
379 1001 449 1064 opes
466 993 638 1066 augeantur.
669 979 778 1044 Verum
797 979 880 1044 huius
897 1001 982 1044 error
998 981 1209 1067 nullanegotia

56 1087 222 1167 detegetur
237 1105 270 1146 ac
289 1082 438 1146 refellatur
461 1103 499 1146 ex
520 1103 555 1148 ea
573 1083 771 1146 contutatione
791 1100 880 1168 quam
900 1094 1000 1146 contra
1017 1083 1107 1169 ipsius
1126 1105 1210 1170 prae·

57 1195 214 1270 cepturam
238 1197 306 1250 ante
329 1185 541 1271 proposuimus.
590 1181 682 1250 Cuius
707 1185 859 1270 opiniones
884 1186 1012 1272 pluribus
1039 1187 1211 1271 disputando

57 1288 265 1368 convicimus,
289 1288 374 1371 idque
391 1287 483 1371 ipsum
507 1288 685 1351 ostendimus
707 1288 866 1351 cuiusmodi
890 1310 923 1352 ac
941 1311 1024 1373 quam
1043 1288 1130 1352 muita
1153 1289 1212 1352 sint

58 1393 90 1454 iu
128 1391 232 1475 quibus
263 1411 374 1454 summa
402 1401 447 1454 est
478 1388 621 1474 evangelii
649 1389 815 1474 veterisque
847 1391 1012 1455 testamenti
1041 1391 1209 1455 consensio.

59 1492 318 1577 Quemadmodum
337 1493 423 1566 etiam
444 1493 576 1556 dominus
594 1491 657 1578 ipse
676 1493 800 1556 fateatur
819 1513 901 1556 snam
920 1514 985 1558 esse
1006 1494 1102 1557 mnndi
1125 1493 1211 1556 dabri-

59 1596 233 1675 eatiouem,
258 1617 291 1659 ae
315 1594 447 1680 quicquid
472 1595 616 1658 conditum
642 1605 688 1658 est
711 1595 783 1680 patri
810 1615 863 1660 suo
885 1596 1079 1660 tribuendum.
1127 1593 1213 1678 Quod

58 1699 185 1784 quidem
206 1697 462 1783 praestantissimis
486 1698 566 1761 hisce
589 1695 687 1761 verbis
710 1699 873 1761 summatim
893 1696 1019 1763 loannes
1041 1699 1212 1784 complexus

59 1813 133 1865 est:
157 1806 192 1862 ln
213 1805 354 1882 pranctpr'o
372 1811 437 1862 erut
455 1801 582 1875 verdum,
608 1813 636 1862 et
659 1801 770 1862 verdum
795 1813 858 1863 erut
879 1806 955 1882 opud
975 1806 1070 1876 deum,
1096 1815 1125 1863 et
1144 1806 1212 1864 deus
1225 1813 1301 1859 loson.
1314 1820 1361 1872 1,1.

59 1916 135 1967 mat
150 1904 272 1965 verdum.
319 1907 416 1966 Omnaia
426 1925 482 1984 per
495 1909 583 1985 speum
592 1905 770 1986 factasunt,
796 1915 825 1965 et
836 1909 897 1966 seire
910 1910 970 1986 ipso
982 1907 1095 1988 sactum
1111 1916 1155 1967 est
1168 1909 1212 1967 πί-

59 2011 126 2082 til,
153 2009 229 2088 quod
245 2008 352 2088 suctum
374 2017 490 2068 estete.

156 2107 246 2193 Atqui
265 2108 360 2172 statim
379 2109 426 2172 ille
446 2108 579 2172 facillime
597 2107 801 2172 contutabitur.
845 2105 921 2171 Nam
940 2109 964 2171 si
981 2111 1158 2195 respondere
1174 2111 1213 2174 ita
1233 2119 1292 2189 cap.
1312 2124 1343 2174 ιι.

59 2211 160 2289 velit,
186 2232 219 2274 se
236 2221 266 2275 ut
286 2211 321 2276 iis
340 2231 414 2296 quae
431 2207 599 2274 Conditoris
622 2211 669 2274 hic
690 2231 756 2274 essa
776 2211 890 2296 propria
909 2211 1043 2276 dicuntur
1060 2211 1217 2276 obsisteret

61 2337 98 2380 ac
128 2314 297 2377 destrueret
317 2313 479 2398 nuptiarum
504 2314 640 2377 damnare
665 2313 799 2398 capnias,
831 2333 867 2376 nc
888 2307 1039 2377 Conditori
1062 2314 1215 2398 suffragari
1340 2321 1361 2376 Ι

61 2419 224 2495 uideatur,
255 2427 340 2501 atque
366 2426 399 2478 ut
425 2416 459 2480 ab
486 2414 549 2482 eius
575 2435 663 2500 opere
689 2436 755 2479 sese
783 2416 899 2478 omuino
924 2425 1051 2500 praestet
1075 2416 1213 2498 alienum,

62 2539 171 2584 nonne
192 2518 338 2581 aratione
358 2539 478 2604 prorsus
502 2517 572 2580 haec
596 2519 732 2581 abherret
755 2517 870 2603 opinio,
900 2517 1018 2601 eiusque
1041 2517 1216 2603 deprehensi
1327 2525 1328 2528 ’

62 2623 188 2687 falsitas
206 2641 239 2684 ac
258 2621 391 2704 redargui
411 2618 495 2684 facile
512 2621 627 2704 potest?
669 2617 749 2683 Ecce
765 2620 815 2683 tibi
832 2619 954 2706 conditis
974 2641 990 2682 a
1007 2617 1151 2685 Creatora
1169 2643 1217 2684 rc·

62 2728 144 2803 bus,
170 2723 259 2788 veluti
278 2723 349 2786 cibis
369 2743 402 2785 ac
418 2721 565 2801 vestibus,
589 2732 619 2786 et
634 2722 806 2806 ungnentis,
831 2744 864 2786 ac
886 2733 971 2807 potu,
996 2734 1025 2786 et
1042 2723 1144 2786 eduliis
1162 2723 1216 2786 mi-

62 2827 218 2892 serrimus
235 2825 290 2889 ista
307 2825 463 2888 circulator
479 2825 585 2903 utitur,
609 2845 663 2887 nec
681 2823 810 2908 effugere
830 2825 914 2888 aliter
929 2835 1025 2910 potest
1041 2825 1108 2910 quin
1125 2847 1158 2889 sc
1180 2825 1216 2889 iis

63 2931 108 2994 uti
136 2929 274 2991 fateatur.
321 2923 401 2991 Deus
421 2927 496 2990 enim
514 2935 559 2991 cst
574 2925 706 2990 dominus
727 2927 853 2990 omnium
872 2927 1073 3008 accenditur,
1098 2928 1145 3013 qui
1167 2949 1217 2992 cu·

63 3053 134 3097 ram
160 3032 288 3094 amnium
311 3029 387 3114 gerit
402 3051 453 3110 ac,
476 3033 569 3092 Solem
584 3051 664 3092 snum
687 3029 771 3112 super
790 3032 874 3092 donus
889 3041 919 3092 et
938 3034 1025 3092 mulos
1041 3036 1117 3093 orari
1125 3032 1213 3113 sunit.

64 3136 154 3201 Tum
173 3155 246 3197 reru
269 3133 298 3196 in
317 3153 369 3197 eos
388 3132 497 3219 pariter
520 3133 568 3217 qui
591 3153 624 3196 sc
646 3131 829 3196 contumeliis
850 3133 977 3196 afficiunt
999 3144 1030 3196 ει
1053 3133 1100 3218 qui
1123 3135 1217 3218 ipsum
1278 3137 1284 3158 '
1324 3137 1330 3148 '

62 3240 195 3304 laudaut
214 3257 247 3299 ac
264 3236 433 3322 praedicant
449 3234 572 3319 pluviam
591 3234 724 3315 demittit,
748 3245 833 3320 atquc
850 3234 902 3298 alit
920 3235 1085 3300 universos.
1132 3233 1218 3318 Quod

64 3363 129 3406 oon
151 3337 307 3402 temeraria
325 3338 419 3423 aliqua
438 3337 568 3422 citraque
584 3338 726 3402 rationem
745 3359 780 3400 ac
795 3359 911 3402 seusam
930 3338 1046 3401 definita
1066 3339 1131 3422 lege
1148 3360 1218 3403 cun·

62 3445 208 3509 stitutum
226 3452 289 3521 est,
313 3441 364 3504 sed
386 3439 452 3504 ideo
475 3439 624 3520 nimirum,
650 3440 724 3524 quod
747 3461 903 3526 poenarum
924 3440 959 3503 ab
982 3441 1030 3504 illo
1053 3451 1165 3527 tempus
1186 3442 1218 3504 in

65 3551 204 3611 futurum
222 3543 356 3607 iudicium
376 3554 556 3608 reservatum
576 3553 632 3622 est,
658 3542 801 3628 patienter
816 3553 964 3628 expectat,
988 3565 1021 3608 ac
1039 3544 1159 3627 privatis
1176 3543 1218 3608 le-

62 3653 160 3737 gibus
174 3657 205 3710 et
221 3645 363 3732 sapientia
378 3656 481 3709 cuncta
498 3646 681 3726 moderatur,
705 3646 941 3730 quemadmodum
959 3645 1117 3710 beneficam
1139 3645 1218 3710 illam

62 3773 145 3837 erga
163 3769 266 3812 omnes
284 3747 492 3834 providentiam
512 3749 611 3827 decet,
637 3758 667 3811 ut
686 3747 775 3832 siqui
795 3749 999 3834 poenitentiam
1022 3749 1216 3835 susceperint,

62 3855 220 3920 scelerum
238 3850 364 3914 omnium
381 3851 557 3914 oblivionem
575 3849 610 3914 ab
628 3850 677 3913 illo
694 3851 771 3914 uacti
785 3851 907 3915 salutem
924 3851 1130 3936 adipiscantur.
1164 3850 1219 3915 Sin

63 3954 296 4024 contumeliosis
319 3953 375 4016 iliis
400 3953 526 4017 divinum
553 3953 582 4016 in
607 3974 712 4017 numen
740 3953 923 4038 opinionibus
948 3965 1033 4037 atque
1056 3953 1216 4035 erroribus,

63 4079 199 4148 quonum
223 4057 294 4121 deus
317 4065 418 4120 auctor
442 4077 500 4120 non
525 4066 588 4135 cst,
611 4056 764 4136 insistant,
789 4067 849 4119 tum
867 4056 971 4120 merita
993 4057 1132 4143 supplicia
1153 4068 1219 4143 post

51 4168 150 4230 'hanc
170 4159 260 4223 ritum
285 4158 467 4244 expendant,
498 4179 561 4221 cum
583 4179 640 4221 nou
660 4158 781 4244 amplius
803 4159 957 4223 voluntatis
980 4157 1010 4221 in
1035 4159 1078 4222 eis
1099 4157 1217 4224 libertas

63 4263 216 4334 manebit.
262 4257 374 4325 Verum
391 4281 484 4345 neque
499 4261 587 4325 animi
603 4262 724 4346 quadam
739 4260 906 4347 impotentia
924 4263 1049 4325 futurum
1063 4261 1131 4328 illud
1146 4263 1217 4326 iudi·

63 4373 153 4436 cium
171 4363 316 4446 instituit,
340 4383 394 4428 nac
411 4375 536 4429 ventura
558 4363 608 4428 illa
629 4364 705 4428 mala
726 4365 875 4444 iracundia
898 4363 955 4428 nida
979 4365 1080 4428 ductus
1100 4365 1215 4448 infligit.

102 4514 495 4604 &supportassemus
529 4515 560 4572 rui
575 4515 633 4571 tat·
665 4497 857 4583 proconneso.
890 4515 922 4572 τὰ
936 4515 1045 4584 indutas
1063 4512 1110 4572 ὅλα
1125 4516 1173 4586 γὰρ
1189 4523 1217 4570 ιι-

65 4609 139 4662 pseu
163 4585 212 4656 γὰρ
230 4591 276 4640 oin
294 4589 404 4641 Petuutns
424 4591 449 4638 ιη
471 4587 550 4638 adnot.
569 4601 633 4638 mor·
667 4591 703 4640 bri
718 4594 767 4640 tom
782 4591 862 4651 scripti
876 4603 947 4652 quum
964 4589 1026 4640 edr'ti.

945 4671 1015 4740 44*
