3018 4994
303 293 364 360 ³80
728 303 1035 358 εινοιιεειεετεαυ
1493 311 1494 352 ι

298 421 351 489 τδν
363 420 565 508 Αημιουργδν,
579 421 616 488 δν
628 423 679 488 καῖ
694 420 926 508 Παντοκράτορα
937 425 1012 509 λέγει
1024 429 1085 490 τοῖν
1101 421 1346 508 θάποιιειμὲνον·
1365 429 1443 503 6σνμ·

298 529 520 612 προβεβλῆσθαι
539 525 571 591 δέ
592 522 672 613 αάτρῖ
692 528 744 592 καλ
767 523 943 611 Ὶάρίστερον
964 523 1088 611 ἀρχοντα
1105 525 1312 614 ἐδογμάτισεν,
1343 524 1443 608 δμοίως

298 637 360 705 τοῖς
373 629 591 714 ῥηθησομένοις
605 624 658 708 ἀφ’
672 625 757 710 ῆμοῖν
775 626 1002 710 ειψευδωνύμως
1021 635 1208 706 Γνοστικοῖς.
1253 631 1318 696 Καί
1330 627 1383 695 τδν
1395 625 1440 710 ’In-

297 738 370 798 σοῦν
386 730 456 795 ποτὲ
473 729 526 812 μέν
542 726 601 795 ἀπδ
617 736 672 795 τοῦ
686 732 875 806 συσταλέντος
890 727 950 796 ἀπδ
966 737 1020 814 τῆς
1035 730 1165 817 Μητρδς
1180 729 1296 812 αάτσῖν,
1326 753 1440 798 συνανα·

297 833 440 917 γνθέντος
454 841 516 908 τοῖς
529 831 617 912 ὅλοις,
634 837 859 918 προβεβλῆσθαί
876 841 985 916 οφησι,
1006 835 1137 900 τουτέστι
1150 841 1204 900 τοῖν
1218 839 1363 920 Θελητοθ,
1381 834 1440 898 ιιοτί

297 936 330 1002 δῖ
343 932 403 1000 ἀπδ
417 941 470 999 τοῦ
483 931 701 1020 ἀναδραμόντος
716 937 758 1011 είς
770 933 804 1000 τδ
820 932 984 1020 Πλῆρομα,
1000 937 1131 1002 τουτέστι
1145 944 1199 1004 τοῦ
1215 944 1359 1023 Χριστοῦ,
1379 935 1439 1001 ποτέ

297 1038 329 1104 δέ
343 1035 402 1103 ἀπδ
416 1043 469 1102 τοῦ
481 1032 661 1121 Ἀνθρώπου
674 1037 789 1120 καὶτῆς
800 1033 977 1118 Ἐκκλησῖας.
1008 1040 1069 1102 Καὶ
1081 1035 1114 1104 τδ
1130 1045 1255 1124 Πνεῦμα
1268 1041 1304 1106 δέ
1316 1037 1350 1106 :d
1364 1039 1439 1124 δγιοι

297 1136 357 1206 ἀπδ
375 1146 427 1222 τῆς
438 1134 609 1221 Ἐκκλησίας
622 1140 698 1222 φησί
710 1143 931 1226 προβεβλῆσθαι
944 1142 987 1217 είς
1000 1138 1154 1226 ἀνάκρισιν
1169 1144 1219 1208 καί
1235 1143 1437 1229 καρποφορίαν

295 1248 355 1308 τοῖν
367 1240 505 1321 Αίοίναιν,
523 1238 657 1326 ἀοράτως
668 1243 709 1318 είς
723 1238 832 1318 αδεοδς
845 1239 948 1318 είςιόν·
971 1240 1010 1308 δι’
1024 1235 1062 1310 οδ
1078 1250 1148 1321 τοῦς
1158 1247 1280 1322 Αίοῖνας
1291 1267 1434 1331 καρποφο·

299 1353 361 1429 ρεῖν
381 1342 418 1409 τά
440 1340 521 1424 φυτά
541 1351 595 1426 τῆς
615 1342 764 1427 ἀληθείας.

385 1479 668 1536 Η’ΠΕΠΑΗΡΩΤΔΙ
688 1482 733 1536 ΤΔ
755 1482 956 1538 EIPHNAIOY
972 1482 1064 1537 ΚΑΤΑ
1084 1483 1358 1540 ΟΥΑΔΕΝΤΠἿΩΝ.

156 1661 222 1730 Κεφ
237 1658 279 1715 λε’.
383 1651 444 1716 Καὶ
464 1657 556 1716 ταῦτα
577 1651 629 1734 μέν
650 1655 700 1717 καῖ
722 1652 759 1717 τά
779 1659 902 1718 τοιαῦτα
923 1651 1170 1740 δπροειρημίνος
1188 1650 1263 1735 ἀνὴρ
1282 1653 1440 1740 πρεσβάιης

177 1789 228 1834 m·
240 1777 285 1823 τοι.
299 1756 479 1839 Εἰρηναῖος,
501 1749 520 1818 δ
536 1751 611 1818 κατά
627 1752 722 1820 πάντα
740 1756 774 1820 ἐκ
789 1753 956 1838 πνεύματος
972 1753 1058 1841 ἀγίον
1074 1757 1308 1839 κεκοσμημένος,
1330 1753 1371 1834 οῖς
1384 1779 1438 1843 γεν

296 1865 378 1932 ναῖος
395 1852 528 1938 ἀθλητῆς
547 1851 607 1921 ἀπδ
628 1862 682 1922 τοῦ
703 1860 809 1941 κυρίου
827 1858 1081 1942 προβεβλημένος,
1110 1859 1162 1922 καί
1176 1859 1370 1938 έπαλειφθείς
1385 1866 1439 1932 τοῖς

297 1961 484 2042 ἐπουρανίοις
499 1960 654 2042 χαρίσμασι
666 1967 729 2035 τοῖς
741 1958 816 2024 κατεῖ·
831 1956 884 2042 τῆν
897 1957 1043 2042 ἀληθινῆν
1057 1963 1154 2026 πίστιν
1165 1961 1216 2026 καί
1229 1966 1347 2046 γνοῖσιν,
1360 1985 1439 2026 κατα·

296 2065 441 2136 παλαίσας
459 2083 490 2124 τε
510 2062 561 2124 καί
581 2057 853 2146 καταγωνισάμενος
873 2059 928 2145 τῆν
943 2069 1041 2127 πᾶσαν
1056 2059 1153 2127 αάτοῖν
1167 2060 1286 2146 ληροῖδη
1301 2059 1439 2128 ἀπόθεσιν

297 2166 432 2246 διεξῆλθε
447 2160 521 2227 κατά
538 2159 628 2248 λόγον
643 2159 680 2226 τά
694 2159 745 2244 ἀπ’
759 2161 857 2230 αάτῶν
871 2162 1129 2247 κενοφωνοάμενα.
1169 2160 1332 2248 Ἀκράτατα
1346 2166 1378 2232 δέ
1391 2161 1437 2230 αῖ-

296 2265 367 2342 τοάς
382 2268 413 2331 έν
426 2270 467 2351 τῷ
481 2264 548 2346 ἑξῆς
561 2265 687 2354 δευτέρῳ
704 2263 796 2332 αάτοῦ
809 2265 887 2356 λόγγα
902 2268 953 2332 καί
968 2275 1030 2343 τοῖς
1046 2264 1143 2342 ἀλλοις
1157 2264 1295 2352 διῆλεγξε,
1317 2292 1438 2353 περιττο-

297 2369 389 2453 τέρως
401 2364 581 2450 βουλόμενός
594 2393 659 2444 πως
670 2368 722 2434 τδν
734 2370 823 2451 χαμαί
837 2369 960 2454 βιφένια
972 2370 1023 2435 καί
1035 2371 1078 2446 είς
1088 2360 1179 2452 ῆτταν
1188 2369 1335 2452 τραπέντα
1347 2376 1437 2455 σεῖραι,

296 2471 348 2535 καί
362 2467 488 2536 ἐνοίκιον
503 2467 622 2535 πάντοιν
638 2473 838 2554 θριαμβεῦσαί
858 2496 889 2536 τε
904 2473 956 2536 καί
972 2470 1111 2558 φαροὶσαι
1127 2468 1182 2553 τῆν
1200 2471 1233 2536 έν
1247 2467 1329 2561 αάτρῖ
1344 2478 1385 2560 τρῖ
1399 2474 1437 2555 δι-

296 2574 383 2654 φέντι
399 2570 592 2656 ἀναίσχυντόν
607 2597 637 2637 τε
654 2573 705 2638 καί
720 2570 834 2656 ἀσθενῆ
847 2571 1028 2660 προῦκλησιν
1040 2569 1307 2657 ματαιοφροσάνης.
1347 2569 1437 2655 Ἡμεῖς

297 2675 330 2741 δέ
347 2673 538 2760 ἀρκεσθέντες
552 2682 615 2751 τοῖς
629 2697 660 2738 τε
675 2672 744 2760 παρ’
757 2672 843 2758 ῆμοῖν
857 2683 1001 2759 λεχθεῖσιν
1015 2673 1139 2762 ὀλίγοις,
1167 2675 1220 2739 καλ
1235 2683 1299 2752 τοῖς
1311 2672 1371 2742 διεδ
1384 2680 1436 2738 τοῖν

298 2784 351 2860 τῆς
377 2774 517 2859 ἀληθείας
543 2778 738 2863 συγγραφέων
757 2775 869 2844 τούτων
890 2782 1016 2860 λεχθεῖσί
1041 2802 1072 2842 τε
1092 2778 1142 2842 καλ
1164 2786 1363 2860 συνταχθεῖσι,
1391 2777 1437 2840 καί

297 2876 423 2964 δρῶντες
439 2878 486 2946 ὅτι
502 2877 582 2945 ἀλλον
599 2876 799 2963 πεπονῆκασι,
822 2883 901 2964 φημῖ
917 2881 950 2945 δέ
968 2878 1105 2962 Κλήμης,
1126 2880 1179 2944 καί
1197 2879 1372 2963 Είρηναῖος,
1391 2879 1436 2943 καί

296 2978 480 3064 Ἱππόλυτος,
509 2984 558 3048 καλ
573 2980 651 3048 ἄλλοι
667 2985 798 3064 πλείους,
827 2987 858 3047 ολ
872 2985 923 3047 καλ
939 2988 1120 3066 θαυμαστοῖς
1132 2979 1187 3064 τῆν
1201 2978 1264 3046 κατ’
1281 2977 1375 3046 σῖτον
1388 3004 1434 3044 τιτ-

297 3089 433 3168 πσίηνται
447 3081 627 3167 ἀνατροπὴν,
649 3082 687 3151 οὕ
701 3081 781 3150 πάνυ
797 3111 825 3150 τι
838 3092 878 3173 τρῖ
891 3083 1014 3173 καμάτφ
1029 3091 1213 3171 προςθεῖναι,
1235 3079 1278 3158 οῖς
1293 3091 1434 3170 προεῖπον,

296 3185 495 3271 ἠθελήσαμεν,
516 3187 711 3263 ίκαναθέντες
725 3195 787 3264 τοῖς
802 3187 1026 3273 προειρημένοις
1041 3184 1181 3271 ἀνδράσι,
1203 3187 1256 3252 καλ
1272 3183 1345 3252 αάιδ
1358 3190 1433 3252 τοῦτο

298 3290 520 3372 διανοηθέντες,
548 3287 595 3355 ὅτι
615 3290 703 3354 παντί
720 3296 829 3377 συνετῷ
844 3291 896 3354 καί
913 3289 943 3366 ἐξ
960 3285 1058 3354 αάτσῖν
1072 3295 1131 3353 τοῖν
1147 3290 1180 3355 έν
1193 3297 1258 3366 τοῖς
1272 3287 1434 3374 διδάγμασιν

298 3389 396 3458 αὐτῶν
416 3389 511 3478 λόγων
530 3388 552 3474 ῆ
573 3387 724 3476 ἀνατροπῆ
746 3387 845 3456 αάτσῖν
866 3387 927 3456 κατ’
949 3388 1048 3456 αάτοῖν
1068 3389 1239 3473 φανήσεται.

386 3705 514 3784 Προῖτον
528 3697 594 3781 μέν,
616 3696 663 3762 ὅτι
677 3694 809 3783 διάφορα
824 3693 894 3783 παρ’
908 3694 1009 3774 αὐτοῖς
1021 3695 1058 3763 τά
1072 3695 1265 3784 φρονήματα,
1286 3697 1336 3764 καί
1348 3697 1430 3779 ίτεροι

298 3800 335 3868 τά
355 3808 432 3868 ιτοῦ
448 3801 549 3886 ἑτέρου
565 3797 719 3864 καταλύειν
733 3801 945 3885 ἐπαγγέλλεται·
966 3798 1102 3885 δεύτερον
1117 3801 1164 3880 δέ,
1185 3799 1233 3866 δ’τι
1250 3789 1428 3865 ἀοιίστονστί

300 3900 369 3986 παρ’
384 3899 484 3979 αάτοῖς
499 3899 742 3986 μυθοποιῆματα,
757 3899 825 3967 οὔτε
838 3927 897 3968 που
909 3908 1027 3988 γραφῆς
1041 3900 1190 3985 εἰπούσης,
1204 3899 1272 3968 οὔτε
1283 3906 1335 3967 τοῖν
1348 3902 1425 3964 Mos*

300 4008 374 4082 σέας
395 4002 507 4088 νόμον,
537 4002 604 4070 οὔτε
620 4001 700 4080 τινδς
718 4003 876 4090 προφῆτου
893 4011 953 4070 τοῖν
968 4001 1040 4087 μετά
1056 4005 1206 4084 Μαθσέα,
1236 3999 1295 4069 ἀλλ’
1309 3998 1371 4067 οὔτε
1384 3999 1425 4060 τοῦ

300 4115 447 4194 σωτῆρος,
470 4103 538 4174 οὔτε
551 4113 609 4173 τῶν
624 4103 716 4172 αάτοῦ
730 4103 950 4193 εάαγγελισισῖν,
971 4103 1030 4172 ἀλλ’
1042 4104 1110 4173 οὔτε
1123 4105 1184 4190 μῆν
1197 4111 1256 4172 τοῖν
1268 4097 1422 4170 &nadw-

243 4321 245 4326 ,
335 4267 359 4316 5.
377 4259 547 4330 ἀποκειμένων
561 4257 632 4331 αὐτῷ
643 4265 861 4315 αολιιειτιιιλτειλλλυι·
925 4261 950 4315 8.
967 4259 1142 4330 ψευδονιίμοιε
1159 4265 1210 4315 ασελ
1227 4263 1279 4312 Vm

301 4335 336 4385 οδ
353 4335 400 4383 Vct.
415 4335 511 4395 λοιαμτ.
544 4335 595 4384 Non
611 4347 670 4396 ομυι
685 4339 725 4383 ια.
927 4329 952 4382 9.
968 4333 1005 4383 λίσ
1020 4333 1089 4384 codd.
1104 4330 1207 4398 (mv)
1224 4329 1319 4392 λλιδῖρ.
1331 4325 1395 4377 m
1405 4321 1422 4364 ’ί

335 4397 361 4452 6.
377 4401 568 4470 προβεβλῆσθαι
583 4402 635 4452 eod.
650 4401 704 4451 λέιι.
893 4401 930 4451 αλ
941 4401 1017 4463 μελισ.
1048 4402 1127 4451 Etiam
1142 4401 1191 4449 λ’τλ.
1205 4400 1314 4460 λελειμτιι
1324 4382 1419 4444 unffi·

302 4465 542 4604 ἄρὲίᾶτζλνρουδάἰο.
557 4473 579 4520 τί
592 4470 767 4532 mmmm.
788 4470 861 4533 θαλςο
895 4466 938 4519 cit.
971 4469 1082 4520 Ρτλουῖιιτ
1098 4467 1172 4518 amu
1187 4479 1256 4532 φασι.
