3018 4994
393 313 529 367 rnnsnrr
546 315 608 367 nro.
621 316 641 368 ι.
657 315 739 368 nom.
753 316 785 368 rr.
801 315 901 370 nsua.
911 315 1013 370 xxxo.
1215 305 1276 370 373

127 446 221 502 tutum
239 445 302 515 est,
327 445 360 499 ut
375 434 468 500 videri
487 435 721 520 contrectariqne
739 445 852 521 posset.
896 431 1036 501 Ceterum
1053 457 1122 501 caro
1140 446 1226 500 retus
1242 435 1277 501 il-

128 539 177 604 lnd
194 558 267 623 opus
285 537 330 600 dei
347 547 410 615 est,
433 538 492 601 inm
507 549 567 602 tum
582 536 618 600 ab
633 538 738 602 Adsmi
755 537 933 622 temporibus
948 558 988 603 ex
1006 539 1092 603 humo
1109 539 1275 618 formatum,

128 661 214 726 qoam
232 639 280 704 dci
297 637 428 704 Verbum
445 639 536 704 luisse
553 639 706 704 verissime
724 638 851 704 loannes
867 640 1003 727 prodidit.
1048 638 1092 704 ltn
1108 640 1199 727 prima
1212 639 1278 706 illo·

127 764 192 808 rum
214 751 244 807 et
261 741 462 826 antiquissima
480 738 601 828 Ogdoas
619 741 649 805 irr
671 741 788 806 nibilum
807 742 922 807 recidit.
968 740 1113 826 Quoniam
1134 744 1210 808 euim
1229 744 1279 808 nni

126 845 282 930 eidemque
301 843 461 908 convenire
479 855 671 910 monstratum
690 855 753 925 est,
778 855 809 909 ut
827 856 856 909 et
873 841 1067 930 Unigenitus,
1092 857 1123 909 et
1137 844 1224 926 Vita,
1249 855 1279 910 et

126 944 263 1026 Lumen,
286 957 316 1010 et
333 943 489 1024 Salvator,
511 957 542 1010 et
556 944 711 1027 Christus,
735 958 765 1011 et
779 944 837 1011 Dei
853 946 929 1011 lilius
946 958 1039 1027 essct,
1062 957 1092 1011 et
1106 947 1131 1012 is
1147 948 1209 1034 ipse
1225 969 1277 1012 no·

126 1060 191 1114 stra
208 1069 313 1114 caussa
331 1069 449 1112 carnem
467 1048 620 1130 indueret,
653 1059 713 1113 tota
732 1049 780 1113 illa
799 1043 947 1134 Ogdoadis
966 1048 1061 1113 labula
1079 1049 1189 1135 dilapsa
1206 1071 1276 1114 con·

126 1152 217 1216 cidet.
258 1147 323 1233 Qua
339 1149 469 1216 discussa
481 1151 649 1216 universam
663 1173 750 1216 ruere
766 1151 874 1238 pariter
891 1152 1055 1236 dogmatum
1071 1149 1185 1217 illorum
1199 1163 1277 1216 stru·

127 1265 240 1319 cturam
258 1271 380 1318 necesse
397 1263 458 1332 est,
482 1274 567 1338 quam
583 1253 625 1317 illi
642 1253 698 1318 sibi
715 1254 796 1320 uelut
813 1274 866 1339 pcr
882 1253 1025 1318 somnium
1040 1253 1210 1338 effingentes
1228 1275 1276 1320 sa·

128 1377 196 1420 cras
212 1355 312 1420 literas
330 1354 506 1441 depravent,
530 1357 595 1420 dum
613 1377 664 1420 eas
683 1357 719 1420 ad
737 1366 938 1441 argumentum
955 1377 1038 1421 suum
1055 1357 1275 1421 accommodare

125 1459 256 1524 student.
301 1457 416 1522 Deinde
434 1478 552 1543 sparsas
574 1457 716 1524 dictiones
737 1479 772 1524 ac
791 1457 933 1522 vocabula
952 1457 1059 1545 passim
1076 1469 1193 1543 reperta
1215 1459 1275 1524 col·

125 1563 253 1647 ligentes
269 1559 305 1624 ab
324 1560 423 1625 nativo
437 1581 526 1624 sensu
539 1571 573 1624 et
587 1561 705 1646 proprio
721 1561 749 1624 irr
767 1561 911 1640 alienum,
935 1573 967 1625 ut
982 1560 1126 1639 diximus,
1149 1581 1203 1646 per
1216 1562 1275 1628 vim
1348 1567 1352 1572 '

125 1665 321 1730 manslerout.
355 1660 602 1746 Quemadmodum
617 1662 638 1726 ii
656 1663 765 1728 iaciunt
778 1664 826 1748 qui
841 1663 967 1749 qualibet
979 1661 1100 1727 materie
1115 1663 1273 1749 proposita,

125 1765 307 1852 depromptis
326 1785 365 1828 ex
383 1763 514 1830 Homero
532 1764 683 1843 versibus,
717 1766 760 1830 sic
778 1787 843 1830 eam
861 1775 989 1829 tractent
1004 1775 1090 1847 atquc
1109 1764 1272 1852 expoliunt,

125 1880 160 1934 nt
174 1865 317 1952 imperitis
331 1870 527 1953 persuadeant
540 1868 576 1932 de
591 1868 703 1932 recenti
718 1868 769 1933 illo
783 1889 838 1932 suo
853 1877 1027 1953 argumento
1043 1864 1204 1932 Homerum
1218 1869 1275 1934 ista

125 1970 290 2048 cecinisse,
322 1989 357 2034 ac
375 1970 521 2055 plerisque
538 1970 633 2034 series
651 1971 714 2056 ipsa
733 1972 892 2035 carminum
908 1991 943 2034 ac
959 1979 1115 2034 contentus
1132 1969 1272 2056 imponat,

125 2073 211 2160 quasi
226 2072 298 2136 bace
313 2072 343 2135 in
359 2092 424 2135 eum
439 2072 553 2137 modom
570 2073 679 2138 inerint
693 2072 729 2136 ab
744 2071 873 2138 Homero
887 2071 1011 2158 digesta.
1045 2069 1096 2138 Sic
1109 2071 1158 2136 ille
1173 2073 1273 2138 nescio

124 2177 209 2262 qois,
244 2174 291 2260 qni
311 2172 468 2239 Herculem
486 2174 522 2237 ab
540 2173 709 2260 Eurystbeo
727 2176 762 2238 ad
781 2175 925 2239 inlernum
942 2195 1044 2239 canem
1062 2174 1274 2240 extrahendum

124 2279 248 2344 missum
267 2275 433 2340 Homericis
451 2276 586 2341 versibus
607 2277 647 2340 ita
666 2277 819 2363 descripsit
835 2277 921 2358 (nibil
939 2277 1016 2342 enim
1035 2277 1162 2365 exempli
1180 2277 1274 2364 gratia

124 2379 262 2470 probibet
280 2379 335 2444 ista
355 2378 594 2459 commemorari,
627 2399 690 2444 oum
709 2399 762 2465 par
779 2379 912 2464 idemque
934 2378 972 2443 sit
991 2379 1142 2446 amborum
1159 2380 1274 2446 institu-

125 2485 219 2566 tum)=

279 2587 328 2646 Sic
348 2588 405 2658 uit,
428 2595 457 2645 et
478 2588 558 2646 tectis
576 2586 778 2665 gemebundum
800 2587 924 2646 cernon
944 2586 980 2646 nb
1001 2588 1068 2648 nltr's

279 2691 490 2768 Magnanimum
509 2689 646 2761 Alciden,
662 2689 808 2770 sectorum
831 2690 914 2748 leude
929 2697 1068 2768 pomntem

279 2793 426 2852 Perseidos
446 2791 623 2869 Eurystheus
644 2791 773 2850 Stheneli
791 2793 948 2852 clarebssinu
966 2791 1089 2870 procles,

278 2895 422 2977 Infinitum
444 2905 477 2954 ut
494 2913 611 2972 superos
632 2895 771 2952 custodem
792 2893 909 2976 fferre!
930 2897 959 2953 r'n
980 2913 1076 2953 nurus.

213 3016 219 3032 ‘
279 2998 359 3076 ldrgo
379 2997 428 3056 ille
450 2997 604 3075 intrepidus
626 2997 753 3055 montani
771 3015 846 3055 more
868 2997 956 3055 leonis

282 3099 355 3160 Urbe
374 3119 460 3158 rueris
481 3107 540 3157 totu
558 3099 644 3158 sociis
665 3097 861 3158 comitantibus
882 3097 958 3170 ibat,-

278 3203 360 3262 Hunc
381 3203 493 3261 iuuenes
513 3202 661 3279 rnrbm‘qne
678 3219 758 3260 senes
779 3209 925 3279 cnstneque
942 3201 1054 3279 puellae

278 3305 426 3364 Mueunt
446 3305 530 3381 longo
548 3304 671 3380 gemitu,
693 3322 744 3362 cen
765 3313 852 3362 morte
869 3305 1037 3381 proprieque.

282 3407 349 3466 tun
369 3426 401 3467 se
420 3407 582 3466 Mercurius
603 3407 726 3465 coms'tem
747 3423 808 3463 cum
830 3405 944 3465 Pullnde
965 3407 1068 3482 iungit,

280 3510 367 3584 (luam
387 3527 443 3569 non
456 3507 589 3588 finterni
606 3527 688 3567 cneus
709 3527 847 3587 carneque
868 3505 1001 3567 latebunt.

124 3607 223 3694 Quem
245 3629 305 3672 noo
326 3607 485 3694 simplicem
508 3607 683 3693 minimeque
705 3607 810 3671 malum
831 3606 975 3672 bominem
996 3629 1101 3674 versus
1122 3608 1171 3672 isti
1193 3607 1271 3674 deci·

124 3713 223 3798 piant,
254 3721 287 3774 ut
307 3731 359 3775 cos
378 3708 617 3794 quemadmodum
638 3709 733 3788 audit,
764 3711 799 3773 de
821 3710 876 3774 boc
893 3721 1065 3795 argumento
1086 3710 1123 3776 ab
1140 3708 1271 3776 Homero

123 3814 253 3900 scriptos
271 3813 466 3878 assentiatur?
507 3811 614 3897 Atqui
631 3807 752 3876 Homeri
768 3811 894 3876 lectione
911 3814 996 3878 tritus
1018 3825 1080 3894 cst,
1112 3814 1197 3878 lacile
1213 3813 1271 3878 ista

124 3916 292 3995 discernet,
323 3935 378 3979 nec
398 3914 544 4000 ignorabit
561 3913 663 3978 borum
684 3915 786 4000 partlm
809 3914 845 3978 de
861 3912 970 4002 Ulysse
988 3916 1080 3996 dicta,
1110 3916 1214 4002 partim
1234 3917 1269 3982 de

124 4015 272 4097 Hercule,
303 4016 407 4103 partim
422 4021 458 4082 ad
474 4014 639 4095 Priamum,
669 4017 773 4103 partim
790 4019 825 4082 ad
841 4014 1008 4083 Menelaum
1028 4030 1058 4083 et
1073 4019 1270 4106 Agamemno-

123 4141 193 4184 nem
215 4118 373 4205 pertinere.
418 4116 533 4202 Quibus
551 4118 618 4183 inde
636 4117 783 4185 translatis
804 4141 840 4183 ao
861 4142 915 4185 suo
937 4120 1002 4184 loco
1019 4122 1161 4186 restitutis
1177 4133 1268 4187 totum

122 4221 194 4286 illud
215 4241 288 4306 opos
305 4220 455 4286 dissolvet.
502 4218 553 4286 Sic
569 4221 703 4302 omniuo,
726 4221 774 4306 qul
791 4223 923 4287 veritatis
941 4222 1071 4308 regulam
1088 4235 1220 4289 neutram
1236 4225 1267 4291 in

123 4360 207 4420 “W
215 4357 308 4442 moene
316 4361 408 4441 pleplus
419 4353 584 4442 iniquiorem
596 4357 640 4443 plu
653 4355 685 4412 τὰ
751 4355 776 4440 93
797 4361 843 4410 ree
853 4361 965 4424 lmerpres
974 4375 1090 4428 praesens
1101 4375 1270 4430 argumentum

125 4421 193 4492 Hm,
211 4441 257 4492 ιηι
274 4427 305 4478 bs
317 4425 435 4479 unobsms
450 4443 497 4480 cun
511 4424 684 4494 ἐπιγιωσιται.
718 4432 793 4479 uniat.

157 4495 184 4544 e.
198 4494 245 4544 ret
254 4495 380 4556 interpres:
393 4505 418 4545 et
432 4510 627 4564 unumquemque
639 4510 684 4546 roo
752 4495 792 4546 10.
811 4491 825 4550 ὅ
842 4510 887 4548 om.
903 4497 953 4548 cod.
969 4498 1024 4550 Vsu.

123 4558 191 4612 libro
206 4557 350 4611 reddiderit.

1287 2597 1329 2645 oe
1340 2602 1366 2646 n,
1377 2598 1410 2644 re

1286 2699 1327 2748 οι
1340 2703 1368 2755 φ,
1379 2700 1412 2746 η

1286 2803 1314 2848 n.
1327 2805 1349 2850 τ,
1363 2803 1406 2848 ιιι

1284 2905 1313 2950 ιι.
1325 2893 1350 2960 5,
1361 2905 1405 2950 sss

1285 3005 1327 3052 uu.
1339 2997 1361 3058 l,
1376 3009 1404 3053 ιι.

1285 3111 1311 3156 u.
1323 3113 1353 3159 u,
1364 3111 1409 3155 sn.

1282 3213 1324 3260 ou
1337 3201 1360 3264 t,
1371 3214 1403 3259 se

1284 3317 1311 3362 rr.
1323 3319 1353 3367 u,
1364 3317 1408 3361 ssa.

1284 3419 1325 3466 ou
1339 3409 1362 3470 t,
1377 3421 1422 3467 ers.

1284 3525 1310 3572 u.
1326 3513 1351 3581 β,
1363 3525 1408 3570 ree
