3010 5000
338 279 472 332 ruuunn
488 281 551 334 urs.
564 285 582 334 t.
599 283 680 336 ron.
697 285 738 336 ur.
757 284 854 336 nasu.
867 285 992 336 xxxiv.
1177 275 1239 339 ttt

87 399 194 464 tissimi
209 399 287 464 iiiios
301 401 400 464 odoris
412 401 460 485 qui
475 423 563 488 supra
578 402 675 468 omnia
689 413 735 467 est
749 404 903 488 imaginem
915 425 983 470 esse
999 415 1132 470 censent.
1166 404 1236 470 Nou

86 503 194 566 desunt
204 501 285 566 iuter
300 504 365 570 iilos
381 503 430 588 qui
442 505 477 568 ad
492 525 593 589 aquam
611 507 770 590 perducere
784 528 1033 592 supervacaneum
1048 507 1235 587 arbitrantur,

86 605 140 668 sed
164 605 259 669 oleum
283 625 358 689 aqua
381 618 569 692 temperatum
600 630 664 673 cum
688 607 857 673 solennibus
880 609 1021 673 eiusmodi
1048 611 1235 690 carminibus,

87 707 184 791 qualia
207 728 261 772 nos
284 709 369 793 paulu
392 719 460 773 ante
482 709 652 788 retulimus,
688 710 865 774 initiatorum
891 711 1033 796 capitibus
1054 712 1235 797 inspergunt,

85 809 173 893 idque
187 809 301 874 demum
317 810 545 896 redemptionem
563 813 724 892 nominent,
749 834 919 898 quamquam
935 814 1064 878 balsamo
1079 815 1132 900 ipsi
1150 815 1236 878 etiam

84 911 242 996 inungunt.
289 913 348 976 Atii
369 924 472 978 contra
495 914 651 997 repudiatis
671 915 708 978 iis
732 915 865 980 omnibus
890 927 1000 1001 negant
1021 917 1084 980 eius
1106 917 1234 995 uirtutis,

85 1034 161 1096 quae
180 1035 235 1078 neo
254 1015 345 1080 cerulis
365 1016 445 1080 cerni
466 1037 521 1080 uec
537 1037 673 1080 sermone
691 1016 836 1082 declarari
857 1017 966 1103 possit,
997 1017 1166 1104 mysterium
1185 1040 1237 1105 per

84 1118 280 1203 aspectabiles
295 1119 554 1204 corruptibilesqoe
569 1130 720 1184 creaturas
736 1139 822 1205 posse
836 1121 955 1205 perdici3
972 1141 1085 1199 eorum,
1105 1121 1233 1207 inquam,
1324 1105 1339 1124 ⁹

85 1239 162 1303 quae
180 1221 385 1304 cogitationem
401 1242 516 1285 omnem
531 1222 661 1306 fugiunt,
686 1220 874 1308 corporisque
891 1227 958 1288 subt
975 1223 1125 1307 expertia,
1151 1226 1184 1286 ad
1202 1245 1234 1287 ea

84 1344 161 1408 quae
179 1322 313 1388 sensibus
328 1323 529 1410 percipiuntur
543 1344 742 1410 corporeaque
762 1335 830 1388 sunt
843 1337 979 1410 oportere
997 1325 1119 1390 demitti.
1166 1323 1235 1389 Per·

83 1427 193 1489 tectam
215 1426 313 1510 itaque
338 1426 566 1512 redemptionom
589 1427 680 1512 ipsam
706 1447 773 1491 esse
794 1427 1000 1510 magnitudinis
1024 1426 1236 1512 inexplicabilis

82 1527 231 1592 notitiam.
283 1524 359 1593 Cum
382 1528 459 1592 enim
481 1529 613 1592 deiectus
635 1530 731 1592 omnis
758 1540 788 1592 et
809 1529 988 1615 perturbatio
1012 1529 1047 1592 ab
1071 1529 1237 1614 ignorantia

83 1630 306 1715 proficiscatur,
341 1629 475 1714 quicquid
500 1651 540 1694 ex
562 1652 597 1695 ea
625 1631 778 1695 condatum
803 1643 865 1709 est,
898 1631 946 1695 illa
969 1631 1082 1695 ratione
1107 1632 1234 1713 destrui3

81 1733 159 1796 odeo
176 1743 208 1797 ut
222 1732 350 1818 cognitio
367 1731 518 1796 interioris
534 1731 712 1796 sithominis
730 1733 908 1818 redemptior
932 1754 966 1797 ao
983 1753 1077 1818 aeque
1094 1755 1234 1820 corporea

82 1835 141 1913 sit,
166 1855 272 1918 eorpus
291 1833 368 1898 enim
385 1834 580 1920 corruptionis
601 1857 695 1920 capax
713 1847 775 1915 est,
799 1857 853 1900 trec
872 1835 1021 1914 animalis,
1047 1836 1122 1919 quod
1139 1837 1234 1900 anima

82 1957 125 2000 ex
149 1937 264 2000 deiectu
286 1936 442 2024 prodierit,
475 1937 569 2022 sitque
592 1938 671 2002 velut
692 1935 829 2002 Parentis
851 1938 1037 2018 domicilium.
1084 1934 1184 2019 Quare
1206 1950 1236 2002 et

81 2038 225 2124 spiritalis
244 2038 404 2125 redemptio
427 2039 464 2103 sit
487 2049 613 2125 oportet.
659 2037 775 2107 Etenim
796 2061 847 2125 per
864 2038 991 2124 Moysen
1010 2041 1133 2104 interior
1150 2042 1234 2105 bomo

81 2163 117 2205 ac
141 2140 281 2227 spiritatis
300 2141 462 2206 redimitur.
508 2139 635 2206 Proinde
652 2143 856 2208 uniuersorum
879 2163 912 2206 se
935 2163 1001 2207 esse
1019 2143 1118 2206 dicunt
1135 2143 1235 2228 cogui-

82 2244 166 2308 tiouc
188 2255 362 2322 contectos,
387 2263 510 2328 eamque
531 2263 698 2328 germanam
722 2245 949 2330 redemptionem
972 2245 1127 2331 appellant.

471 2379 652 2431 HACTENUS
674 2379 848 2432 tutemus,

169 2548 254 2614 flauo
273 2549 460 2614 beatissimus
482 2549 531 2614 itte
553 2569 648 2614 senex
666 2547 806 2614 irenaeus
828 2551 938 2614 erroris
960 2550 1045 2614 istius
1068 2561 1231 2616 accuratam
1261 2563 1319 2613 ca.

79 2651 302 2737 inquisitionem
318 2652 455 2730 instituit,
479 2672 652 2736 omnemque
667 2650 856 2716 commentitii
874 2651 1016 2735 dogmatis
1031 2653 1137 2716 seriem
1155 2653 1232 2716 ordi·
1249 2631 1276 2682 x
1305 2633 1334 2682 ¹¹·

79 2775 211 2839 nemque
228 2755 390 2840 proposuit.
437 2750 651 2835 Quamobrem,
676 2765 706 2818 ut
728 2755 812 2818 initio
829 2755 951 2840 praefati
970 2775 1086 2833 sumus,
1111 2754 1147 2818 iis
1164 2776 1234 2818 ooa-

80 2857 157 2922 teuti
174 2877 248 2941 quae
266 2858 302 2920 ab
319 2856 368 2920 illu
385 2877 491 2941 magno
507 2857 604 2921 studio
621 2867 690 2921 suut
704 2856 870 2934 elaborata,
902 2869 1005 2921 cuncta
1024 2866 1110 2941 prout
1124 2856 1153 2919 iu
1170 2857 1232 2920 eius

78 2979 174 3045 opere
190 2959 378 3024 courtiuentur
392 2958 429 3022 ad
445 2958 564 3024 verbnm
580 2958 801 3044 exscripsimus.
846 2955 947 3023 Facile
962 2959 1039 3023 enim
1055 2979 1094 3022 ex
1108 2958 1145 3022 iis
1159 2977 1233 3042 quiae

77 3083 95 3125 a
124 3061 311 3127 sanctissimo
333 3063 397 3128 viro
421 3063 456 3126 ad
480 3060 556 3126 ittius
582 3061 768 3126 refellendam
792 3060 1005 3146 improbitatem
1030 3060 1143 3146 prodita
1167 3071 1235 3124 suut

77 3164 179 3228 everti
201 3163 407 3250 prodigariquc
430 3175 576 3250 poterunt.
621 3162 688 3228 Nos
710 3165 786 3227 enim
809 3164 837 3226 id
861 3165 935 3246 quod
956 3164 1064 3226 veritas
1083 3162 1145 3247 ipsa
1166 3181 1233 3246 prae

77 3286 113 3330 se
131 3264 251 3330 omniuo
269 3268 336 3344 fert,
361 3267 493 3351 quodque
509 3277 539 3329 et
555 3267 680 3350 prudens
695 3265 769 3328 ratio
786 3266 940 3350 persuadet
955 3274 985 3328 et
998 3265 1131 3330 veritatis
1147 3285 1234 3347 regu·

74 3369 128 3433 lae
147 3378 377 3432 cousentaneum
398 3378 460 3446 est,
493 3367 602 3450 legiae
620 3368 767 3452 prophetis
788 3378 817 3430 et
833 3366 1022 3452 patriarchis,
1054 3367 1103 3450 qui
1119 3367 1173 3430 sibi
1190 3366 1234 3430 in·

75 3471 178 3535 vicem
201 3479 424 3548 successerunt,
455 3491 509 3533 aec
532 3491 589 3533 uon
612 3479 670 3532 tam
693 3469 850 3534 salvatoris
871 3469 961 3553 ipsius
984 3490 1066 3553 quam
1087 3469 1233 3553 apostolo·

75 3593 146 3636 rum
167 3571 318 3634 doctrinae
335 3571 499 3649 credimus,
531 3571 671 3657 aquibus
689 3572 843 3636 manifeste
863 3571 1013 3635 didicimus
1036 3591 1123 3634 uuum
1146 3570 1234 3633 conii-

75 3673 138 3736 teri
157 3673 242 3736 deum
260 3674 464 3738 universorum
485 3683 596 3758 patrem
613 3673 858 3759 omnipotentem,
883 3693 918 3737 ac
935 3674 1082 3737 domiuum
1101 3682 1233 3735 nostrum
1310 3745 1314 3755 ι

75 3774 182 3840 lesum
200 3770 367 3854 Christum,
392 3785 421 3840 et
436 3772 577 3861 Spiritum
595 3789 743 3855 sarnetum,
770 3795 856 3840 unam
873 3785 1001 3838 sarratam
1018 3775 1234 3856 iumentumque

75 3877 260 3956 trinitatem
293 3899 357 3942 oum
381 3889 478 3942 cetera
501 3888 567 3962 post
585 3875 703 3942 Putrem
723 3890 753 3942 et
771 3875 877 3941 Fidium
895 3888 925 3941 et
942 3875 1083 3962 Spiritum
1101 3885 1232 3938 sanctum

75 4001 118 4044 ex
145 3978 235 4042 uibiio
258 3981 397 4064 producta
418 3979 487 4042 siut.
534 3977 620 4062 Quae
638 3980 751 4063 quidem
770 3981 867 4044 omrria
885 4002 949 4042 curn
966 3978 1002 4042 iis
1020 3997 1092 4062 quos
1108 3997 1234 4040 comme·

73 4080 196 4146 moravi
218 4080 410 4146 sanctissimis
431 4081 521 4159 viris,
552 4082 719 4167 propinetis,
749 4081 938 4166 otrangeiistis
962 4093 989 4144 et
1008 4080 1147 4166 apostolis
1170 4080 1234 4144 siae

74 4184 138 4248 uida
158 4181 343 4266 ambiguitate
366 4182 476 4247 credita
497 4187 689 4268 confessaque
710 4185 834 4262 tuerint,
868 4183 963 4247 nudae
984 4183 1125 4247 eiusmodi
1148 4192 1235 4246 eruut

73 4297 163 4350 artes
186 4305 220 4348 ac
242 4284 433 4372 praestigiae,
464 4305 539 4368 qnae
562 4287 694 4352 veritatis
715 4285 773 4350 duci
796 4307 831 4350 nc
852 4285 998 4372 spieudori
1021 4286 1135 4372 possint
1156 4281 1234 4347 obsi·

120 4505 148 4558 2
167 4507 275 4558 ueeuto
291 4499 343 4560 ἅτε.
