3018 4994
280 305 340 370 386
705 317 826 370 ελαοτι
846 318 1013 370 εεινειλεειι

160 587 267 648 ωριτε
414 591 426 602 ·
527 562 672 632 ΚΑΤΑ
715 563 1182 650 ΣΕΚΟΥΝΔΙΑΝΩΝ,

311 675 358 765 τίς
382 675 527 775 συνήφθη
550 676 737 776 Ἐπιφοίνης
761 683 820 752 καὶ
843 677 1010 777 Ἰσίδωρος.
1064 676 1262 771 Δωδεκάτη,
1287 675 1310 772 ἡ
1335 680 1390 750 καὶ

678 796 857 896 τριακοστὴ
881 805 1025 896 δευτέρα.

146 957 211 1026 Κεφ.
228 957 260 1011 α’.
364 943 567 1031 Παρελθόντες
586 947 617 1012 δέ
636 943 690 1030 τήν
706 953 760 1012 τοῦ
781 944 975 1013 Οὐαλεντίνου
993 949 1120 1032 αἵρεσιν,
1141 947 1192 1011 καὶ
1207 945 1300 1013 πολλά
1314 945 1419 1029 μοχθή-

279 1071 378 1124 σαντες
396 1050 428 1115 έν
448 1055 484 1138 τῇ
498 1047 669 1115 ἀααυθοίδει
684 1046 777 1116 αὐτοῦ
795 1056 908 1136 σπορᾷ,
930 1047 980 1114 διά
997 1056 1121 1128 πολλοῦ,
1144 1045 1186 1124 ῶς
1203 1051 1312 1130 εἰπεῖν,
1332 1046 1418 1131 ταμό-

279 1178 331 1218 του
346 1153 396 1216 καί
409 1159 568 1237 γεωργικῆς
582 1156 783 1236 κακοπαθείας
798 1153 845 1218 ἐπὶ
861 1149 898 1218 τά
911 1155 1036 1234 λείψανα
1051 1158 1104 1234 τῆς
1120 1148 1319 1227 ἀκανθώδους
1333 1147 1420 1216 τοῦτοῦ

279 1259 390 1340 σπορᾶς
411 1255 462 1318 καὶ
483 1254 669 1340 έρπετῶδους
692 1252 784 1320 αὐτοῦ
808 1259 1031 1339 θηριομορφίας
1052 1251 1249 1336 ἐλευσόμεθα,
1282 1251 1315 1319 τό
1340 1251 1420 1338 ῦγιον

278 1365 393 1440 πνεῦμα
408 1355 593 1439 αἰτησόμενοι
610 1353 690 1443 παρά
708 1363 838 1443 Χριστοῦ
853 1359 895 1432 τίς
906 1354 939 1421 τό
958 1353 996 1422 δι’
1010 1353 1102 1422 αῦτοῦ
1117 1354 1278 1422 έπισττάσοιι
1291 1364 1354 1430 ταῖς
1366 1373 1419 1436 ψυ-

154 1483 155 1488 ’
277 1469 342 1544 γαῖς
356 1467 393 1550 τῇ
410 1463 441 1528 έν
457 1466 520 1547 θεῶ
538 1462 711 1548 διδασκαλίᾳ
727 1462 778 1526 καὶ
793 1465 888 1547 σεμνῷ
904 1456 997 1547 λόγῳ,
1028 1460 1079 1524 καί
1093 1457 1163 1535 τοῦς
1179 1458 1244 1535 ίοῦς
1259 1455 1419 1524 ἀνασπάσαι

277 1565 446 1646 δυνηθῆναι
467 1560 526 1628 ἀπό
544 1569 602 1628 τῶν
621 1561 715 1638 οῦτως
742 1563 983 1650 ῑτιτροηρημένων.
1018 1559 1162 1646 ’Ἇρξομαι
1178 1562 1211 1628 δέ
1229 1562 1297 1646 περί
1313 1558 1419 1626 τοῦτοιν

277 1666 367 1750 λέγειν
381 1663 455 1730 κατά
469 1664 609 1748 διαδοχήν
626 1667 669 1742 τίς
684 1669 764 1740 τίνος
781 1661 918 1747 διάδοχος
931 1665 1081 1750 γεγένηται
1096 1671 1156 1730 τῶν
1170 1666 1200 1742 έξ
1216 1661 1311 1730 αῦτοῦ
1328 1660 1418 1748 δρμω

277 1769 373 1850 μένων
389 1769 441 1832 καί
459 1767 559 1852 ἑτέραν
575 1766 656 1850 παρά
675 1764 726 1850 τὴν
745 1769 857 1832 ἐκείνου
874 1764 989 1852 σποράν
1007 1765 1213 1834 διδασκόντων.
1257 1769 1420 1839 Σεκοῦνδος

276 1873 376 1936 τοίνυν
396 1895 440 1946 τις
461 1871 490 1947 έξ
513 1866 610 1934 αῦτῶν
632 1867 689 1949 ῶν,
723 1871 775 1935 καί
796 1866 1001 1954 περισσότερόν
1022 1896 1050 1934 τι
1067 1867 1249 1953 βουλόμενος
1265 1875 1418 1954 φρονῆσαι,

277 1970 372 2038 πάντα
389 1973 443 2054 μέν
461 1970 497 2037 τά
518 1969 592 2038 κατά
613 1969 666 2037 τόν
685 1969 878 2037 Ουἀλεντῖυον
896 1973 1053 2056 ίξηγεῐται,
1083 1970 1289 2059 περισσότερον
1305 1972 1338 2037 δέ
1354 1965 1420 2053 ἦγον

276 2076 318 2151 είς
337 2071 429 2150 ἀποάς
448 2080 507 2140 τῶν
528 2076 804 2159 έμβεβροντημένων
825 2071 968 2157 ίξηχησευ.
1015 2066 1112 2150 Οῦτος
1129 2071 1185 2160 γάρ
1202 2073 1279 2140 ιιατά
1300 2069 1418 2138 Οῦαλιν-

274 2185 355 2243 τῖνσν
371 2175 428 2256 οῦν,
451 2173 492 2253 ῶς
508 2185 666 2261 προεῖπον,
688 2174 763 2263 ῦπέρ
778 2177 810 2242 δὲ
826 2174 1021 2242 Οῦαλεντῖνον
1033 2184 1169 2262 φρονῶν,
1190 2178 1266 2264 λέγει
1281 2173 1357 2242 έίναι
1370 2171 1419 2256 τόν

276 2278 396 2365 πρῶτην
407 2277 553 2365 Ὀγδοάδα
571 2277 701 2364 Τετράδα
717 2278 814 2356 δεξιάν
827 2281 878 2346 καὶ
896 2277 1027 2362 Τετράδα
1041 2276 1206 2365 ἀριστερόν,
1223 2276 1320 2354 οὕτως
1332 2303 1419 2362 παρο-

276 2379 379 2458 διδοῦς
395 2390 563 2460 καλεῖσθαι,
589 2379 643 2464 την
661 2382 714 2463 μέν
729 2386 798 2463 μίαν
817 2387 904 2460 Φῶς,
925 2378 980 2464 τήν
995 2382 1027 2447 δέ
1045 2379 1132 2464 ἀλλην
1146 2379 1269 2458 Σιιότσς.
1318 2377 1377 2462 mv
1389 2378 1418 2442 δέ

276 2479 444 2551 ἀποστῦσάν
465 2509 496 2549 τε
515 2486 565 2550 καί
586 2479 787 2570 ῦστερήσασαν
806 2481 933 2566 δύναμιν
952 2482 992 2567 μοὶ
1014 2481 1088 2550 εἶναι
1110 2481 1170 2550 ἀπό
1186 2491 1246 2550 τῶν
1267 2485 1417 2568 τριάιιοντιι

276 2583 417 2666 Αίοῦνων,
440 2583 536 2652 2ἀλλά
552 2585 624 2668 μετά
639 2585 709 2663 τοῦς
722 2585 880 2672 τριάιτονια
895 2589 1029 2667 Αίῶνας,
1052 2584 1093 2662 οῦς
1109 2583 1185 2653 εἶναι
1199 2583 1259 2650 ἀπό
1278 2591 1338 2650 τῶν
1351 2579 1415 2667 μετέ

275 2686 329 2772 τὴν
341 2686 486 2775 Ὀγδοάδα
501 2686 554 2772 τήν
569 2686 656 2770 ἀλλην
670 2690 824 2775 κατωτέρω
837 2690 1011 2775 γενομένων.
1054 2686 1097 2755 Τά
1110 2689 1143 2754 δέ
1157 2687 1254 2754 πάντα
1268 2689 1336 2773 περὶ
1351 2691 1413 2770 Χρι-

276 2798 348 2858 στοῦ
362 2794 412 2857 καί
426 2797 486 2857 τῶν
502 2788 594 2856 ἀλλων
611 2789 767 2876 δογμάτων
780 2787 917 2868 ῶςοιῦτοις
931 2798 971 2881 τῷ
987 2794 1064 2857 ίδίσυ
1082 2798 1227 2878 ογωρηγρῦ
1241 2793 1291 2856 ίοῦ
1306 2791 1356 2856 παλ
1369 2791 1412 2854 δν·

275 2901 344 2980 τῆρι
357 2901 410 2960 τοῦ
422 2896 598 2978 δηλητηρίου
614 2890 795 2981 Οὐαλεντίνου
809 2897 979 2980 δογματίζει.
1009 2890 1067 2975 Mn?
1080 2900 1194 2960 πολλῶν
1209 2892 1242 2956 δέ
1254 2889 1348 2958 ὄντων
1361 2896 1413 2956 τῶν

273 2993 334 3064 όπδ
353 2999 460 3064 τοῦτον
477 2993 630 3082 διαφόρως
648 2979 907 3078 ξενολειιτουμένων
923 2995 1104 3082 ἀριεσθῆναι
1118 2995 1172 3077 μέν
1185 2992 1341 3079 ἡγησάμην
1357 2996 1412 3058 δεῖν

272 3107 336 3175 τοῖς
352 3099 589 3184 προειρημένοις,
616 3099 715 3181 έχουσι
729 3099 780 3162 καί
796 3095 847 3179 ἀφ’
862 3101 973 3165 έαυτῶν
989 3097 1043 3182 τόν
1059 3095 1245 3182 ἀνατροπῦν,
1273 3096 1377 3179 4ὅμως
1390 3088 1413 3178 γ’

273 3193 328 3268 οῦν
341 3202 471 3286 καὶπερὶ
488 3197 579 3266 αῦτοῦ
594 3197 676 3286 ὀλίγα
689 3201 775 3280 λέξω,
798 3203 847 3265 ἵνα
862 3199 903 3284 μὴ
919 3199 956 3267 δι’
969 3199 1098 3286 ἀπορίαν
1114 3200 1377 3284 παραλεληλυῦέναε
1389 3221 1411 3258 τι

273 3300 335 3370 κατ’
356 3299 446 3369 αότόν
467 3300 553 3380 δόξω.
597 3305 640 3366 Εἰ
660 3301 715 3388 γάρ
737 3301 877 3389 Τετράδες
894 3305 986 3380 δεξιαὶ
1003 3305 1055 3370 καὶ
1070 3299 1219 3384 εῦοόνυμυι
1235 3298 1304 3388 παρ’
1320 3297 1411 3370 αότοῑς

272 3405 437 3485 τάσσονται,
459 3401 650 3487 εῦρεθήσεταί
665 3430 692 3470 τι
706 3403 881 3487 ζητούμενον
894 3407 984 3488 μέσον
998 3412 1053 3470 τοῦ
1067 3430 1096 3470 τε
1110 3407 1208 3481 δεξιοῦ
1222 3406 1274 3470 καὶ
1289 3409 1342 3470 τοῦ
1356 3397 1411 3484 ἀρε·

272 3515 389 3594 στεροῦ·
411 3514 472 3572 πᾶν
488 3505 542 3592 γάρ
560 3505 661 3572 ὁτιοῦν
677 3505 774 3584 δεξιός
790 3511 855 3590 έγον
871 3509 922 3574 ναὶ
937 3503 1108 3591 εῦωνόμους
1124 3507 1221 3584 τάξεις
1237 3509 1325 3590 μέσον
1339 3507 1411 3582 έστη-

154 3640 203 3686 m.
217 3627 261 3674 τσο.
276 3636 308 3678 κε
323 3619 383 3676 τῶν
399 3607 558 3693 εῦωνῦμων
573 3606 667 3675 αότοῦ
681 3612 731 3674 καὶ
750 3613 868 3687 δεξιῶν
897 3611 948 3674 καί
965 3606 1099 3692 οῦδαμοῦ
1115 3607 1271 3691 δυνήσεται
1287 3606 1358 3674 εἶναι
1372 3608 1411 3672 δε·
1499 3687 1500 3700 ρ

273 3714 319 3791 ξιά
333 3711 354 3796 ἢ
368 3709 514 3798 ἀριστεροῦ,
536 3715 563 3777 εί
577 3710 617 3794 μή
633 3738 660 3776 τι
675 3710 711 3777 ἀν
726 3715 759 3777 έιτ
771 3716 999 3795 μεσολαβοῦντυς
1011 3711 1146 3796 σῶματος
1161 3715 1300 3799 ἑκατέραν
1314 3711 1411 3793 μέρσσε

272 3811 292 3897 ἡ
311 3812 455 3899 διάιιρισις
476 3815 625 3900 ογένηται.
661 3811 738 3898 ’Ἆρα
757 3807 828 3894 οῦν,
857 3813 961 3896 ἀνόητε
980 3819 1144 3894 Σεκοῦνδε,
1175 3817 1228 3880 καλ
1246 3819 1277 3881 οἱ
1291 3811 1347 3880 ἀπό
1363 3831 1411 3874 σου

272 3913 470 4000 ἠπατημένοι,
492 3913 525 3982 τό
543 3919 728 3999 μεσαίτατον,
751 3913 803 3995 ἀφ’
823 3909 915 4002 οῦπερ
932 3918 982 3981 καὶ
1000 3915 1135 4002 ἀριστεροῦ
1150 3918 1200 3982 καί
1218 3916 1299 3995 δεξιά
1314 3913 1411 3982 ἀποσί-

275 4042 412 4100 πτουσιν,
436 4021 513 4085 ἔσται
531 4019 562 4084 έν
578 4045 621 4097 τι,
651 4019 702 4083 καί
717 4015 753 4082 οῦ
768 4018 924 4103 δυνήσεται
940 4016 1091 4102 ἀλλότριον
1106 4015 1179 4085 εἶναι
1194 4025 1248 4086 τοῦ
1263 4018 1328 4096 ἑνός
1341 4035 1413 4085 τινος

308 4259 365 4310 σιν.
376 4261 394 4308 1,
411 4288 439 4298 -
458 4263 478 4311 λ.
494 4259 673 4326 προῃρημένων
686 4263 775 4310 correxi
786 4263 829 4311 Pe·
864 4265 913 4325 ρυλε
929 4263 1036 4312 Ρειυδο-
1046 4263 1112 4326 Oria.
1130 4263 1218 4314 Ρλλλοτ.
1237 4277 1294 4326 μορ.
1310 4255 1359 4311 193.
1376 4251 1409 4302 εί·

273 4331 362 4378 tamum
383 4333 404 4378 ιλ
421 4330 560 4379 Camurium
577 4335 681 4390 ετοιιλυι,
707 4331 747 4391 qui
763 4333 830 4379 verm
864 4332 922 4379 δίιλλ.
1082 4331 1086 4342 ”

274 4393 315 4461 qui
328 4395 499 4461 praeoccupati
512 4407 577 4445 sunt.
614 4397 685 4459 λἰιίρσ
699 4399 759 4447 enim
771 4401 830 4448 εστί-
896 4397 920 4448 3.
939 4399 1028 4448 sustuli
1044 4400 1152 4448 voculam
1168 4398 1207 4466 τῷ
1226 4404 1277 4448 unu
1294 4394 1328 4448 ἰοῦ
1347 4395 1369 4440 fn
1383 4389 1408 4435 δ’·

270 4467 338 4524 μενον
355 4468 387 4512 ιιι
401 4462 593 4529 προειρημένων.
863 4467 911 4514 bn's
923 4467 1024 4528 οδυίοοι,
1039 4479 1099 4529 quae
1110 4471 1254 4517 ιλτατλατοοι
1266 4458 1409 4534 ριτλυτδιδξξ

306 4545 330 4596 2.
350 4540 412 4599 ἀλλά
431 4541 479 4599 ἀπὸ
496 4548 546 4601 τῶν
560 4549 661 4615 καρπῶν
677 4543 773 4612 αῦτῶν,
792 4553 828 4600 οό-
864 4554 966 4602 accrevit
982 4553 1057 4612 mim,
1083 4552 1108 4600 ιιι·
1125 4551 1211 4614 fallor,
1233 4564 1262 4602 τε
1278 4549 1361 4611 ιγλλοδσ
1376 4553 1409 4604 γε
