3018 4994
360 285 493 338 utuntur
510 286 574 338 Lts.
587 288 607 338 t.
623 286 703 338 TOM.
713 287 756 338 lll.
773 287 872 337 flatu.
884 284 1008 338 XXXIV.
1191 276 1252 336 445

118 414 182 468 tuor
199 415 314 469 rostras
333 405 433 469 literas
453 406 525 469 scito
543 405 739 469 derivationes
756 427 822 470 csso
841 407 976 490 quasdam
995 427 1029 470 ac
1048 404 1133 470 trium
1153 405 1254 490 imagi-

118 527 167 570 nes
185 505 348 586 Virtutum,
373 528 446 592 quoe
466 518 555 572 totum
572 506 753 592 superiorum
771 509 978 572 elementorum
996 529 1146 572 numerum
1164 509 1256 570 conti·

117 620 195 672 ucut.
239 605 338 673 Mutus
357 611 432 674 eninr
450 610 549 673 literas
568 632 673 674 novem
690 611 725 674 ad
744 607 860 674 Patrem
878 631 911 673 ac
929 609 1089 674 Veritatem
1110 609 1254 696 pertinere

118 731 154 774 ex
174 731 209 774 eo
226 721 327 796 putare
344 712 433 775 debes
453 713 527 796 qrrnd
544 725 640 776 mutae
656 723 740 791 sunt,
772 713 826 776 boo
842 725 888 776 est
906 713 1001 776 offerri
1019 711 1255 798 pronuntiarique

116 823 270 896 nequeant.
317 811 516 878 Semivocnles
536 826 603 878 octo
627 813 725 878 Verbo
750 813 890 898 Vitacque
911 815 1079 878 tribuendae
1100 825 1185 893 sunt,
1219 836 1255 877 eo

115 916 189 998 quod
209 915 294 978 medii
314 916 460 980 cuiusdam
478 918 596 1001 generis
613 927 680 980 sunt
697 925 790 980 mutas
810 917 886 980 inter
905 938 939 980 ac
956 917 1091 995 uocales,
1124 928 1210 1001 atque
1226 928 1256 980 ct

115 1017 295 1102 superiorum
312 1019 512 1103 profluentium
528 1031 558 1082 et
570 1019 739 1083 inferiorum
757 1018 950 1082 habitudinem
960 1019 1001 1082 ad
1016 1039 1083 1082 sese
1097 1019 1252 1103 recipiunt.

117 1117 243 1184 Vocalcs
260 1121 362 1183 deinde
378 1133 488 1206 septem
506 1120 601 1184 Homo
617 1131 702 1205 atque
716 1117 850 1184 Ecclesia
865 1121 919 1184 sibi
933 1122 1093 1200 vindicant,
1118 1122 1252 1205 quoniam

114 1243 175 1286 uox
195 1223 230 1285 nb
248 1220 372 1286 Homine
391 1222 525 1307 prodiens
542 1224 678 1288 universa
694 1223 788 1286 finxit.
834 1221 926 1288 Vocis
943 1225 1018 1288 euim
1037 1243 1128 1287 sonus
1146 1234 1253 1285 certam

115 1324 159 1387 eis
177 1325 299 1390 formam
316 1325 456 1389 attribuit.
501 1323 595 1410 lgitur
611 1338 677 1390 octo
696 1324 795 1389 Verbo
814 1347 847 1389 ac
863 1323 949 1390 Vitae
967 1325 1161 1404 conveniunt,
1194 1323 1254 1386 Ho-

116 1426 186 1489 mini
203 1437 290 1511 atque
305 1425 459 1492 Ecclesiae
473 1439 597 1513 septem,
621 1425 701 1492 Patri
717 1449 750 1491 ac
765 1425 890 1492 Veritati
908 1449 1024 1492 novem.
1058 1425 1143 1509 erod
1159 1437 1253 1490 autern

112 1529 189 1592 ratio
206 1550 263 1592 uon
279 1531 351 1592 satis
366 1541 525 1609 constaret,
549 1531 574 1594 is
591 1531 638 1615 qui
656 1531 685 1593 in
701 1527 790 1593 Patre
807 1531 950 1594 stabilitus
966 1541 1030 1594 erat
1045 1532 1179 1615 delapsos
1195 1539 1251 1606 est,

113 1632 148 1692 ad
173 1651 295 1714 eumque
317 1653 334 1694 a
356 1655 413 1716 quo
435 1632 583 1697 seiunctus
605 1635 699 1696 lucrat
720 1653 820 1696 eorum
843 1655 916 1716 quae
938 1635 1014 1696 locta
1033 1643 1132 1695 esseut
1147 1631 1255 1695 coristi·

114 1734 286 1796 tuendorum
305 1735 398 1816 gratia
419 1734 571 1814 dimissus,
604 1745 635 1799 ut
653 1732 849 1798 Pleromotum
870 1735 965 1798 unitas
984 1735 1185 1818 aequalitatem
1206 1733 1256 1796 ba-

112 1835 186 1898 bens
202 1857 287 1900 ncam
303 1836 331 1898 in
347 1836 478 1901 omuibus
493 1838 629 1902 virtutem
644 1848 729 1920 atque
746 1857 785 1900 ex
799 1837 931 1900 omnibus
946 1838 1024 1901 velut
1039 1840 1160 1900 fructum
1174 1836 1255 1898 eruit·

114 1949 207 2018 teret,
231 1949 289 2001 tum
308 1938 420 2002 demum
440 1939 487 2023 qui
504 1949 640 2025 septenas
659 1939 781 2002 babebat
797 1950 966 2003 octonarum
983 1940 1040 2002 vim
1058 1939 1198 2015 obtinuit,
1221 1957 1255 2000 ao

112 2041 179 2104 loco
197 2041 259 2126 ipsa
275 2040 330 2104 tria
347 2061 530 2106 numerorum
548 2053 615 2105 sunt
633 2045 708 2106 lacta
723 2041 838 2120 similia,
863 2041 917 2104 boc
933 2051 979 2105 est
993 2037 1160 2126 Ogdoades,
1184 2059 1256 2124 quoe

113 2143 229 2227 quidem
252 2142 315 2206 luca
339 2165 403 2206 cum
424 2142 452 2207 io
472 2164 539 2207 scsc
558 2144 614 2208 tria
632 2143 864 2222 concurrissent,
896 2165 1045 2207 numerum
1064 2142 1167 2226 viginti
1187 2163 1256 2225 qua·

113 2255 182 2308 tuor
204 2244 373 2308 effecerunt.
419 2242 479 2310 Sed
501 2245 643 2310 elementa
663 2247 718 2310 tria
737 2249 825 2330 (quae
845 2245 962 2308 totidem
979 2245 1135 2309 virtutibus
1155 2244 1255 2306 coniu-

112 2358 183 2431 gata
198 2366 263 2410 esse
279 2346 363 2425 dicit,
388 2367 461 2430 quae
477 2359 546 2410 sunt
560 2370 680 2412 numero
695 2370 761 2426 sex,
786 2369 802 2411 a
818 2348 922 2432 quibus
937 2347 1040 2430 viginti
1057 2357 1180 2430 quatuor
1197 2347 1256 2409 ele·

112 2459 211 2512 mento
227 2447 442 2534 produxerunt)
457 2450 658 2533 quadrifariam
672 2450 883 2536 inexplicabilis
902 2448 1042 2513 Tetradis
1056 2448 1169 2514 ratione
1183 2447 1256 2510 mul-

113 2550 263 2636 tiplicate,
294 2551 473 2635 eundumque
496 2573 560 2616 cum
581 2553 652 2637 ipsis
670 2573 819 2616 numerum
837 2552 979 2632 efficiunt,
1010 2572 1084 2635 quae
1102 2549 1166 2613 cius
1182 2550 1256 2633 quod

111 2652 259 2718 nominari
274 2653 373 2736 nequit
390 2653 505 2738 propria
522 2675 588 2718 esse
604 2654 689 2718 dixit.
736 2653 778 2717 Eu
795 2675 881 2739 porro
899 2675 916 2716 a
934 2653 1026 2718 tribus
1041 2651 1150 2738 portari
1164 2652 1256 2714 uirtu-

110 2755 208 2833 tibus,
239 2755 275 2817 ad
298 2755 512 2840 inaspectabilis
534 2758 701 2842 exemplam
734 2777 855 2840 quorum
878 2757 1086 2819 elementorum
1115 2755 1256 2838 imagines

112 2857 245 2943 duplices
261 2877 328 2920 esse
344 2857 445 2921 literas
461 2869 593 2938 nostras,
619 2879 693 2943 quae
710 2869 833 2943 quatuor
848 2869 878 2922 et
892 2859 993 2943 viginti
1008 2857 1100 2922 literis
1118 2878 1257 2922 annume-

111 2971 198 3024 rutae
222 2981 288 3023 eum
311 2981 460 3024 numerum
484 2962 625 3039 condant,
649 2962 696 3044 qui
720 2961 836 3044 triginta
859 2959 1045 3047 proportione
1067 2959 1234 3044 respondet.

162 3081 167 3093 ·
200 3059 293 3126 Cuius
312 3063 434 3127 rationis
452 3064 772 3152 administrationisqne
785 3066 907 3127 lructum
928 3063 1113 3126 similitudine
1134 3063 1255 3146 quadam
1274 3074 1397 3140 eapvrt.

112 3164 251 3230 extitisse
270 3177 370 3228 censet
387 3165 466 3228 illum
485 3167 532 3248 qui
553 3175 618 3249 post
636 3167 696 3230 dies
714 3185 770 3228 sex
787 3164 817 3228 in
835 3176 961 3228 montem
978 3175 1097 3249 quartus
1113 3164 1255 3241 ascendit,
1267 3179 1408 3235 statuuat.

113 3277 143 3350 pt
160 3278 267 3331 sextus
290 3278 335 3331 est
352 3269 461 3347 lactus,
494 3268 541 3352 qui
559 3268 722 3347 descendit,
754 3277 784 3330 ct
805 3266 835 3330 iu
853 3267 1031 3330 bebdomnde
1047 3267 1180 3330 detentus
1198 3277 1255 3344 est,

113 3369 161 3452 qui
185 3370 261 3432 idem
284 3369 404 3433 illustris
424 3371 590 3434 octonarius
611 3381 673 3450 cst,
708 3380 739 3434 et
759 3390 872 3433 orouem
895 3369 924 3433 in
944 3389 1010 3432 sese
1029 3389 1178 3432 numerum
1199 3369 1257 3431 cle-

113 3472 510 3557 mentorumoomplectitur,
541 3493 644 3556 quem,
676 3492 739 3535 cum
757 3472 890 3556 baptismi
908 3491 1012 3535 caussa
1030 3471 1177 3549 venisset,
1208 3491 1257 3533 co-

112 3571 231 3636 lumbae
251 3573 376 3659 allapsus
400 3573 542 3651 ostendit,
574 3595 646 3658 quae
669 3584 715 3638 est
734 3575 766 3634 Ω
788 3584 818 3636 et
834 3583 872 3634 A.
915 3571 1064 3636 Numerus
1084 3572 1159 3635 eninr
1180 3572 1409 3640 inlustrarentur.

114 3685 162 3737 est
178 3670 319 3739 Decet.
365 3673 447 3757 Quae
465 3695 567 3740 cnussn
589 3677 642 3754 sit,
675 3697 727 3740 cur
745 3673 868 3761 Moyses
886 3687 973 3740 sexto
996 3676 1041 3738 die
1059 3685 1188 3738 creatum
1207 3673 1258 3737 bo·

114 3830 134 3876 sa·
150 3830 248 3890 quidem
263 3837 303 3877 ter
319 3831 392 3877 urrttt.
703 3845 778 3892 penes.

149 3898 189 3947 ts.
209 3899 245 3947 lto
269 3897 428 3958 corrtprodum
448 3903 497 3947 erot
519 3913 548 3948 oo·
568 3899 671 3949 Pseudo·
737 3899 761 3948 ’2.
775 3897 912 3965 πεφηνέναι
919 3899 986 3948 codd.
995 3900 1048 3947 Ven.
1058 3901 1079 3946 el
1089 3899 1174 3956 Puris,
1188 3897 1259 3945 Pseu-

115 3965 216 4028 Θήρωνα
229 3969 251 4013 at
267 3967 312 4013 Vel.
325 3966 458 4027 lutcrprrtc,
474 3969 514 4029 qul
527 3970 594 4016 colit
609 3981 671 4033 quoe
703 3967 856 4030 do-Orr'peors
868 3972 889 4016 et
904 3969 949 4016 Vct.
959 3968 1048 4018 lreuocl
1061 3966 1180 4026 luterprss.
1206 3965 1260 4013 Vul-

115 4029 184 4082 dlcit.
219 4033 285 4082 Libri
301 4032 382 4081 bobert
399 4027 509 4098 ἀφίησιν.
703 4049 732 4097 9⁰
749 4033 893 4117 aspcicient.

147 4101 189 4152 20.
207 4095 318 4160 εἰκόνων,
332 4102 392 4162 pund
405 4115 457 4150 cum
470 4103 670 4165 Pseudo-Ortum
736 4101 762 4153 3.
777 4099 876 4167 ημέρας
891 4098 920 4163 ἓξ
937 4103 988 4152 cod.
1005 4103 1058 4152 Ver.

116 4173 136 4217 ct
149 4171 196 4218 Vct.
204 4171 327 4230 lntuprrtc
339 4181 413 4218 omero
424 4172 476 4218 ttbrl
490 4175 588 4231 tucatur,
601 4173 671 4220 Peto-
736 4169 760 4220 l.
778 4167 923 4239 καταβάντα
935 4169 979 4220 καὶ
992 4165 1149 4234 κρατηθέντα
1158 4169 1259 4219 Pseudo-

115 4237 168 4285 utus
178 4239 270 4286 numnis
281 4239 374 4286 notauit.
397 4238 671 4288 Viodlcour'tdlossurlus.
706 4240 815 4301 Oriprm
832 4244 853 4287 ct
872 4240 917 4287 Vct.
930 4239 1050 4299 lutrrprcr.

149 4303 190 4354 ¹tt.
206 4299 235 4364 ἓξ
253 4303 328 4358 διπλᾶ
341 4304 408 4353 bobet
422 4307 654 4369 Prendo-Onomar.
738 4309 762 4357 5.
779 4299 806 4358 ὃν
824 4307 900 4356 adieci
915 4320 944 4356 ec
959 4307 1005 4355 Vct.
1019 4306 1141 4368 totcrprete
1154 4309 1176 4355 et
1188 4308 1260 4356 Pseu·

149 4369 191 4420 tt.
208 4373 240 4438 τῇ
265 4375 355 4434 reposui
375 4386 404 4421 cc
420 4375 634 4436 Pseudo-Ompooe
650 4379 671 4424 et
705 4375 866 4436 do-Orlpcoe.

118 4441 306 4502 Vetlnterpretr.
329 4441 672 4502 Eptpboutlltbrlbobeolrciu.
738 4439 762 4492 6.
786 4437 818 4495 δι’
844 4435 952 4508 toronos,
978 4439 1130 4508 δηλαυμέναν
1156 4435 1260 4496 ὀκτακο-

151 4503 211 4558 Cor.
222 4507 276 4560 vlt.
288 4533 320 4547 -
335 4507 356 4560 l.
368 4501 501 4576 ἀναλογίας
513 4511 672 4561 Pseudo-Ort·
706 4507 768 4562 otoo
784 4506 840 4570 ἑνός
856 4511 947 4562 Pseudo
955 4533 966 4548 ·
974 4511 1089 4574 Θήραιον.
