3008 4996
264 261 326 324 198
687 272 809 324 ειιιοτι
826 272 995 324 Emeum

126 389 192 460 xm
210 387 250 455 εί·
358 393 393 454 Τί
407 389 439 454 δλ
453 389 552 472 ἐττρον
567 391 679 470 εἴποιμι
684 416 694 466 ‚-
714 387 736 472 ἢ
749 395 814 463 πῶς
828 385 1023 469 άποσείσομαι
1038 386 1091 453 τόν
1103 385 1226 470 πηλάδη
1240 394 1348 454 τοῦτον
1361 386 1415 454 πό-

266 515 336 568 νονς
358 489 537 572 βουλόμενος
559 490 611 572 μὲν
633 492 741 568 εἰπεῖν,
762 491 812 554 καλ
836 488 879 572 μὴ
901 487 1096 573 βουλόμενος,
1119 487 1352 574 ἀναγκαζόμενος
1373 491 1415 569 δὲ,

265 596 317 659 ’ίνα
336 590 377 676 μη
395 591 473 670 δόξω
489 617 517 657 τι
535 599 595 658 τῶν
619 590 713 657 όντων
732 590 970 676 παρακρύπτειν,
996 593 1048 656 καί
1069 588 1274 674 φοβούμενος,
1301 595 1364 656 ἵνα
1376 591 1415 674 μή

267 692 483 760 ἀποκαλύπτων
495 691 532 758 τά
548 691 630 759 δεινά
644 690 742 758 αύτοῖν
758 691 778 774 ἦ
792 691 891 777 χράνω
905 690 927 774 ἢ
942 690 1042 775 πλήξω
1059 695 1101 767 είς
1115 689 1148 758 τό
1165 691 1417 778 περιεργάσασθαι

266 797 331 880 περί
354 794 460 862 τούτου
477 793 547 872 τούς
564 793 769 880 άπαγομένους
790 791 914 876 ἡδοναῖς
936 795 987 859 καί
1010 797 1183 876 ἐπιθυμίαις
1206 793 1414 879 ιἐποτρύνειν.

266 896 372 980 Ὅμως
389 894 445 982 lym*
464 897 516 979 μὲν
538 893 642 971 άθῶος
661 898 739 978 εἰήν,
761 896 813 959 καί
829 901 909 958 πᾶσα
924 891 946 978 ἦ
961 902 1015 978 τῆς
1035 891 1120 980 άγίας
1137 904 1299 979 καθολικῆς
1316 899 1417 978 ίιικλη-

265 1003 332 1076 σίας
346 1001 441 1077 ἐλπίς,
463 999 514 1062 καλ
530 996 637 1073 πάντες
651 1000 683 1062 ολ
693 995 788 1084 ταύτην
803 1003 845 1084 τῷ
863 995 1011 1080 γράμματι
1029 995 1264 1080 ἐντυγχάνοντες,
1285 995 1348 1062 άπό
1364 1005 1418 1080 τῆς

266 1099 402 1184 τοιαύτης
424 1106 478 1165 τοῦ
497 1097 639 1180 διαβόλου
656 1095 831 1181 ύποσποράς
852 1099 904 1162 καλ
924 1103 1155 1180 κακομηχανίας.
1196 1094 1266 1164 Ἐάν
1285 1096 1341 1184 γάρ
1363 1109 1415 1163 θε-

264 1201 344 1284 λήσω
365 1203 459 1286 λέγειν
479 1198 515 1264 τά
533 1198 605 1264 άλλα
621 1197 657 1264 τά
673 1199 743 1284 παρ’
760 1196 863 1276 ούτοῖς
882 1197 1022 1284 λεγόμενα
1041 1201 1093 1263 καί
1114 1195 1254 1282 γινόμενα
1277 1199 1333 1265 ὅσα
1354 1201 1416 1266 έστλ

264 1310 385 1370 τοιαῦτα
403 1304 455 1367 καί
473 1309 616 1381 τοσαῦτα,
637 1299 815 1366 καὶτούτων
836 1302 879 1364 ἐτι
896 1305 1011 1382 μείζονα
1029 1302 1080 1366 καί
1098 1297 1222 1380 ἐλάττω,
1243 1299 1361 1383 θελήσω
1383 1302 1416 1366 δέ

265 1407 316 1471 καί
334 1402 375 1480 άς
395 1401 554 1488 φάρμακον
573 1402 677 1478 ίάσεως
696 1399 884 1487 άλεξητήριον
902 1399 1064 1468 άντιδότων
1081 1405 1170 1484 δίκην
1190 1400 1267 1488 πρός
1290 1400 1416 1486 έκάστην

263 1508 340 1583 λέξιν
358 1502 538 1584 άντιθείναι,
561 1507 602 1581 είς
622 1503 715 1570 πολύν
737 1501 828 1589 δγκον
845 1501 936 1570 ἐλάσω
953 1510 1008 1586 τῆς
1028 1502 1191 1581 συντάξεως
1207 1501 1261 1586 τήν
1281 1529 1415 1589 πραγμα-

264 1611 353 1672 τείαν.
401 1606 499 1695 Ταύτη
525 1605 582 1691 γάρ
604 1613 642 1695 τῇ
664 1606 788 1691 αίρέσει,
814 1604 1012 1687 ἐπιπόθητοι,
1041 1607 1092 1670 καί
1116 1603 1206 1680 αύιός
1233 1609 1410 1692 περιέτυχον.

261 1705 314 1774 Ἐκ
331 1706 474 1792 στόματος
495 1709 527 1772 δέ
544 1714 604 1772 τοῖν
621 1706 714 1796 ταύτη
729 1705 954 1790 ἐπιχειρούντων
972 1705 1060 1788 φύσει
1081 1703 1155 1770 αύτά
1173 1704 1415 1790 αύτοπροςάπως

265 1808 422 1894 ίνηηήθην.
465 1817 610 1884 Ιλιναῖκες
623 1809 656 1874 δλ
672 1807 750 1873 ούτω
766 1806 952 1891 ἠπατημένοι
972 1805 1009 1874 ού
1030 1806 1122 1891 μόνον
1144 1805 1198 1890 τήν
1221 1805 1322 1873 λαλιάν
1342 1809 1413 1874 ταύ·

263 1937 318 1994 την
340 1907 414 1994 ἡμῖν
437 1913 619 1995 προέτειναν,
648 1912 700 1976 καί
723 1909 760 1975 τά
786 1917 908 1975 τοιαῦτα
933 1906 1006 1992 ἡμῖν
1030 1907 1242 1992 άπειιάλυψαν,
1269 1907 1341 1974 άλλά
1361 1913 1414 1976 καί

264 2012 341 2080 κατά
357 2011 409 2094 τήν
426 2016 594 2097 Αἰγυπτίαν
613 2014 727 2095 ἐκείνην
747 2011 801 2095 την
819 2018 873 2078 τοῦ
890 2008 1096 2096 άργιμαγείρου
1115 2007 1170 2092 την
1192 2008 1341 2095 όλετήριον
1361 2015 1415 2078 καλ

263 2111 422 2198 μοχθηράν
437 2116 488 2179 καί
505 2107 591 2178 αύται
611 2111 825 2202 άθυρογλεόττηο
848 2111 939 2200 τόλμη
955 2099 1141 2178 κατασπάσαι
1158 2108 1239 2194 ἡμᾶς
1255 2114 1288 2177 έν
1305 2119 1341 2202 τῇ
1359 2115 1414 2202 νέην

263 2215 350 2299 ἡμῶν
374 2213 473 2303 ἡλικίᾳ
496 2213 662 2300 όρεχθεῖσαι
683 2218 857 2300 ἐπεχείρουν.
901 2211 984 2278 Ἀλλά
1008 2210 1027 2278 ό
1049 2211 1115 2279 τότε
1137 2213 1349 2297 σνμπαραστάς
1369 2223 1414 2303 τῷ

264 2315 339 2407 άγίμ
355 2315 463 2400 Ἰωσήφ
479 2320 530 2383 καί
551 2313 623 2399 ἡμῖν
639 2317 786 2400 παρέστη,
808 2312 927 2382 παλτόν
947 2319 1060 2381 ἐκεῖνον
1082 2317 1144 2380 ἐκεῖ
1161 2314 1327 2396 ῥυσάμενον
1348 2317 1413 2381 ίκι-

264 2421 450 2502 κτιιλημένοι,
473 2423 505 2484 σί
523 2417 638 2496 άνάξιοι
654 2420 707 2483 καλ
724 2416 873 2497 άνίιιανοι,
896 2419 1063 2500 ἐλεηθέντες
1083 2417 1134 2482 καί
1153 2413 1339 2500 α’ποδράντες
1359 2417 1415 2494 τάς

264 2519 432 2606 δλετηρίους
450 2518 549 2587 αύτοδν
568 2529 681 2604 χεῖρας,
702 2526 765 2608 θεῷ
788 2527 829 2607 τῷ
852 2525 1011 2608 θπαναγίρι
1028 2516 1124 2601 ύμνον
1141 2515 1278 2606 ᾄσαντες,
1301 2515 1414 2602 ἠδυνή-

262 2631 362 2704 θημεν
376 2625 426 2688 καί
447 2620 533 2688 αύτολ
546 2623 654 2707 λέγειν,
675 2618 726 2700 τό,
744 2618 893 2702 ’Λισωμεν
913 2627 954 2708 τῷ
972 2625 1080 2709 κυρίην·
1102 2618 1229 2697 ἐνδόξως
1249 2617 1305 2705 γάρ
1326 2619 1415 2686 δεδό-

258 2715 379 2803 ξασται,
400 2727 494 2789 ίππον
514 2725 566 2789 καλ
589 2720 740 2806 άναβάτην
763 2724 884 2807 ἔρριψεν
905 2724 947 2797 είς
968 2721 1129 2787 θάλασσαν.
1175 2719 1220 2787 Ού
1241 2719 1296 2807 γάρ
1318 2719 1415 2812 δμοίμ

262 2826 386 2909 δυνάμει
401 2831 454 2908 τῆς
476 2827 589 2892 ἐκείνου
606 2821 812 2905 δικαιοσύνης,
834 2821 905 2890 άλλά
925 2829 1073 2911 στεναγμῷ
1097 2831 1139 2911 τῷ
1161 2821 1238 2909 πρός
1260 2829 1324 2910 ’τῷ
1346 2833 1415 2914 θεῷ

263 2929 430 3010 ἐλεηθέντες
452 2926 617 3009 έσύθημεν.
658 2923 886 3006 Ὀνειδιζόμενος
905 2923 962 3011 γάρ
981 2922 1032 2990 ύπ’
1049 2921 1148 2990 αύτοῖν
1169 2931 1229 2990 τῶν
1251 2922 1416 3012 όλετηρίων

261 3037 411 3116 γυναικοῖν
430 3027 632 3114 κατεγελάμην
651 3024 724 3112 byei,
747 3023 788 3102 οός
805 3023 973 3108 ύπέφαινον
992 3030 1026 3090 αί
1041 3033 1174 3092 τοιαῦται
1190 3023 1326 3108 άλλήλαις
1347 3031 1417 3096 ἐπι-

139 3153 192 3200 m·
204 3139 249 3183 Μ
263 3131 450 3197 σκώπτουσαι
468 3134 564 3212 δῆθεν
579 3128 640 3208 ὅτι,
665 3126 730 3194 Ούιι
750 3126 946 3212 ἠδυνήθημεν
965 3136 1058 3194 σεῖσαι
1075 3125 1128 3194 τόν
1145 3131 1312 3210 νεανίσκον,
1339 3128 1417 3196 άλλά

261 3229 419 3315 άφηταμεν
436 3229 527 3296 αύτδν
541 3233 573 3296 ἐν
587 3232 667 3316 χερσί
681 3236 735 3294 τού
744 3227 902 3314 ’Ἁρηοντος
915 3227 1111 3296 άπόλλυσθαι,
1153 3227 1327 3316 Ἐπειδήπερ
1346 3231 1416 3316 ἥτις

261 3331 359 3398 αύτοῖν
381 3331 585 3419 εύμορφοτέρα
610 3335 671 3415 εθη,
693 3333 792 3415 δέλεαρ
816 3331 913 3416 δίςπερ
934 3329 1042 3415 ἑαυτὴν
1062 3335 1254 3415 προτίθησιν,
1277 3330 1352 3408 δίςτε
1374 3317 1415 3400 δι’

262 3433 354 3517 αύτῆς
366 3434 436 3510 τούς
450 3433 683 3518 4ηἰτατημένους
697 3431 763 3498 άνκλ
775 3440 829 3498 τοῦ
844 3431 998 3498 α’πολλύειν
1012 3431 1113 3510 σάζειν
1125 3435 1319 3515 έπιφημίζειν.
1351 3438 1416 3502 Καί

261 3535 378 3612 όνειδος
399 3533 504 3602 λοιπόν
525 3543 586 3601 τάν
609 3533 755 3620 άμόρφων
779 3539 885 3620 γίνεται
908 3534 990 3619 παρά
1009 3542 1068 3600 τοῖν
1086 3531 1329 3619 εύμορφοτέριτν,
1354 3537 1416 3618 ότι,

258 3637 343 3724 Ἐμοί,
365 3641 451 3719 φησί,
473 3636 577 3714 σκεῦός
591 3639 649 3718 είμι
665 3639 796 3722 ἐκλογῆς,
818 3638 966 3719 δυναμένη
982 3635 1083 3714 σοίζειν
1096 3634 1167 3712 τούς
1185 3632 1414 3719 άπατωμένους,

259 3738 297 3805 σύ
317 3741 350 3806 δέ
367 3738 423 3806 ούκ
446 3743 573 3822 ίσχνσας.
610 3731 705 3802 Ἦσαν
727 3739 780 3820 μὲν
802 3731 856 3803 ούν
878 3741 912 3804 αί
931 3737 983 3802 τόν
1002 3736 1155 3824 άγάγιμον
1177 3744 1277 3820 μύθου
1300 3747 1415 3808 τοῦτον

260 3839 463 3927 ύφηγούμεναι
483 3847 519 3929 τῇ
540 3847 643 3929 μορφῇ
663 3846 716 3922 τῆς
735 3837 834 3904 αύτοῖν
853 3839 992 3916 πεύσεως
1013 3838 1288 3925 εύπροςωπύταται,
1310 3849 1356 3930 τῷ
1378 3845 1414 3910 δὲ

258 3947 301 4030 νγῖ
319 3950 371 4027 τῆς
394 3941 493 4008 αύτοίν
511 3947 677 4025 μοχθηρίας
698 3940 753 4024 τόν
776 3948 875 4007 πᾶσαν
897 3949 950 4008 τοῦ
968 3941 1110 4026 διαβόλου
1131 3941 1284 4026 άμορφέαν
1305 3969 1417 4030 κεκτη-

258 4045 352 4125 μέναι.
395 4043 479 4110 Ἀλλά
499 4042 520 4111 ά
539 4042 668 4128 ἐλεήμων
686 4041 761 4118 θεάς
780 4049 835 4125 τῆς
854 4049 1022 4129 μοχθηρίας
1042 4041 1140 4110 αύτάν
1154 4041 1233 4127 ἡμᾶς
1250 4043 1416 4131 ἐρρύσατο,

309 4283 512 4336 cn.xv11.-
539 4283 561 4335 1.
579 4285 697 4346 θιεπλριί
710 4279 813 4349 λποτρύ-
897 4283 923 4336 3.
941 4281 983 4336 τὸν
998 4281 1057 4338 θεὸν
1074 4288 1207 4348 ταινίωσαι
1223 4289 1256 4336 ωε
1271 4287 1399 4340 Petamus.

254 4365 303 4403 νυν
316 4365 362 4414 μεν
376 4349 518 4472 έποτγύνυ,
534 4354 597 4414 quod
608 4355 679 4416 ονλςο
693 4359 764 4404 atat
897 4348 922 4402 4.
939 4347 1118 4419 ἀπατωμένους
1134 4355 1185 4404 m
1198 4353 1297 4416 Mu.
1333 4357 1368 4406 Ει
1381 4361 1420 4409 τίς

308 4421 333 4468 ¹2.
349 4435 431 4488 παναγ
443 4423 557 4483 ιμζοοσιί.
576 4421 649 4469 Vatia.
671 4422 768 4484 ίλίιισίρ.
785 4425 806 4471 ιλ
846 4421 900 4483 ίιςίί
913 4423 984 4470 «tiam
999 4423 1025 4471 ίπ
1042 4423 1092 4472 οοιλ
1110 4423 1222 4472 vomo
1237 4423 1398 4474 Μεδοίσας.

253 4487 290 4537 εδ.
308 4488 388 4538 Ρτίου.
424 4486 539 4554 πανίργῳ
556 4489 593 4538 εδ.
607 4491 681 4550 μείου.
