2984 4996
268 267 328 330 648
692 279 999 333 ειαοτιτειειιιοιιι

268 392 410 460 Γινάσιιει
426 394 529 479 κύριος
543 394 791 482 όμολογούμενον,
813 395 869 463 ούκ
891 395 1064 484 7άλλότρισυ
1080 395 1201 484 ύττάρχει
1220 405 1264 486 τῷ
1277 396 1425 478 Mega-

267 499 345 584 μένῳ
360 493 392 562 τό
410 495 501 578 ρἠτόν
519 498 690 584 τοῦλόγου,
714 500 791 582 φημλ
809 501 841 564 δέ
855 507 895 589 τῷ
909 497 984 590 άγίιμ
998 498 1166 589 άποστόλρτ,
1188 498 1258 586 παρ’
1273 493 1298 588 β
1318 499 1343 583 ἦ
1359 509 1427 585 χρΐγ

267 621 312 674 σις
336 600 507 684 ἐμφέρεται..
540 598 588 678 Ἐξ
611 595 648 683 ἧς
670 602 798 685 χρήσεως
817 599 835 666 ό
857 601 1005 688 χαρακτήρ
1027 611 1164 684 φανεῖται
1185 601 1242 668 ούκ
1264 600 1427 686 άλλοτρίοτ

267 708 320 766 τοῦ
335 700 520 786 κηρύγματος
535 710 588 768 τοῦ
602 701 767 770 ἀποστόλου
782 701 841 770 άπδ
857 712 910 788 τῆς
922 712 1048 781 παλαιάς
1064 703 1228 788 διαθήκης,
1252 703 1334 770 ὅθεν
1347 703 1428 792 αότᾷ

268 801 289 886 ἡ
310 808 454 888 μαρτυρία
475 807 606 888 συνέστη.

352 905 372 970 ε’
387 908 438 971 καί
451 905 487 992 ιγ’
504 905 590 989 Σχόλ.
623 909 682 972 Καί
703 905 760 993 γάρ
783 905 815 973 τό
838 906 935 991 πάσχα
957 905 1043 991 ἡμῶν
1064 907 1158 992 ἐτύθη
1183 909 1328 995 Χριστός.

352 1006 373 1071 ε’
391 1010 441 1072 καί
457 1007 493 1094 ιγ’
504 1007 613 1094 Ἔλεγχ.
646 1011 688 1073 Et
708 1008 804 1092 πάσχα
825 1008 843 1076 δ
862 1007 1024 1087 α’πόστοίος
1044 1009 1193 1097 ὁμολογεῖ,
1223 1014 1278 1087 καί
1294 1014 1429 1077 τυθέντα

267 1108 318 1174 τόν
336 1108 465 1195 Χριστόν
482 1107 537 1176 ούκ
555 1108 698 1196 άρνεῖται,
721 1109 777 1177 ούκ
791 1110 943 1197 άλλότριον
960 1111 994 1178 τό
1013 1112 1110 1196 πάσχα
1125 1121 1179 1178 τοῦ
1196 1121 1354 1200 Χριστοῦ,
1378 1121 1429 1179 τοῦ

268 1210 342 1278 κατά
357 1211 449 1294 νόμον
463 1211 561 1296 πάσχα
576 1212 729 1299 πρόβατον
744 1211 876 1290 θύοντος
892 1211 1054 1298 άληθινάς,
1077 1217 1126 1281 καλ
1142 1213 1180 1281 ού
1198 1215 1342 1299 δοκήσει,
1370 1209 1430 1281 ’τό

269 1313 422 1399 προβάτου
437 1313 530 1391 τύπος
545 1309 583 1398 ἦν
600 1313 618 1380 ό
639 1311 699 1382 οού
716 1315 833 1399 δοκήσει
847 1317 998 1399 θυόμενος
1015 1317 1157 1404 Χριστός,
1180 1317 1251 1385 ούδέ
1267 1319 1345 1386 ἄνευ
1360 1343 1429 1402 σαρ-

268 1415 322 1494 κός
344 1415 470 1500 πάσχων.
517 1424 589 1494 Πῶς
611 1417 666 1504 γάρ
689 1415 817 1502 ἠδύνατο
840 1425 954 1502 πνεῦμα
976 1419 1124 1499 θύεσθαις
1158 1429 1258 1504 Δῆλον
1278 1420 1338 1488 ούκ
1358 1421 1431 1506 ἠδό-

268 1545 346 1586 νατσ.
391 1519 448 1602 Μτ)
474 1521 637 1601 δυναμένου
659 1522 691 1585 δέ
716 1519 785 1585 ι’ύνευ
808 1519 918 1607 σαρκός
949 1529 1136 1605 Ιῦτυθῆναι,
1167 1525 1316 1601 τυθέντας
1340 1527 1377 1589 δὲ
1402 1527 1432 1589 ἐκ

270 1620 410 1710 άληθείμ,
432 1619 615 1706 ὁμολογεῖται
632 1619 680 1688 διά
696 1631 747 1706 τῆς
763 1631 818 1689 τοῦ
834 1622 1000 1690 άποστόλου
1018 1623 1236 1708 άναμφιλέκτου
1254 1623 1431 1712 όμολογίας.
1452 1707 1456 1714 .

273 1721 393 1789 Ούκοῦν
409 1726 442 1789 ἐκ
456 1722 566 1800 παντός
580 1730 682 1806 σαφῶς
695 1723 901 1792 άποδέδεικται
917 1724 973 1792 ούκ
985 1723 1135 1813 άλλότριος
1158 1735 1187 1772 ¹¹
1199 1724 1218 1793 ό
1232 1725 1328 1810 νόμος
1341 1728 1432 1817 τάττῃ

269 1824 431 1910 φερόμενος
448 1827 544 1917 χρόνῳ
567 1826 674 1911 ηάχρι
690 1835 744 1893 τοῦ
763 1831 960 1914 ἐντελεστέρου
978 1831 1027 1894 καί
1045 1832 1186 1914 ἐναργοῦς
1201 1829 1363 1917 προβάτου
1380 1859 1431 1894 τυ·

269 1930 375 2004 θέντος
393 1930 424 1993 ἐν
441 1927 565 2018 άληθείρι
585 1936 729 2016 Χριστοῦ,
760 1923 798 1996 οδ
814 1938 943 2016 προῆγεν
961 1934 994 1996 ἐν
1008 1941 1070 2008 τοῖς
1086 1939 1224 2008 παλαιοῖς
1239 1932 1362 2018 χρόνοις
1383 1931 1433 1996 άλ-

224 2046 228 2055 ’
272 2039 334 2108 λοις
354 2030 507 2114 θυόμενον
529 2031 562 2097 τό
584 2031 734 2118 πρόβατον
755 2030 786 2098 τό
809 2032 968 2116 αἰσθητόν·
991 2031 1076 2116 ἡμῶν
1096 2033 1129 2098 δέ
1151 2032 1184 2098 τό
1206 2033 1310 2118 πάσχα
1330 2033 1432 2116 ἐτάθη

273 2133 408 2219 Χριστός.

354 2337 378 2414 ς’
392 2341 443 2404 καί
458 2336 495 2404 ιδ’
512 2337 597 2423 Σχόλ.
633 2335 696 2404 Ούκ
712 2341 810 2406 οίδατε
828 2337 873 2404 ότι
890 2335 908 2404 ό
922 2337 1104 2423 κολλάμενος
1119 2347 1155 2429 τῇ
1173 2339 1272 2430 πόρνη
1287 2345 1326 2406 b
1341 2343 1433 2425 σῶμά

271 2445 362 2520 ἐστινς
389 2440 569 2507 18Ἔσονται
590 2439 644 2527 γάρ
667 2443 698 2506 οί
716 2439 772 2506 δύο
795 2443 837 2518 είς
857 2441 952 2528 σάρκα
974 2448 1053 2526 μίαν.

355 2542 380 2618 ς’
397 2546 448 2609 καὶ
463 2543 500 2609 ιδ’
509 2541 620 2630 Ἕλεγχ.
653 2547 696 2608 Et
711 2540 766 2610 ούκ
783 2541 899 2627 όληθὴς
915 2542 933 2609 ά
948 2543 1055 2627 νόμος,
1082 2549 1140 2611 τίνι
1157 2549 1198 2634 τῷ
1213 2543 1293 2632 λόγῳ
1311 2548 1347 2610 οί
1362 2543 1432 2626 άλη-

271 2655 338 2722 θεῖς
359 2644 412 2722 τάς
430 2651 591 2731 μαρτυρίας
609 2643 667 2711 άπό
690 2654 744 2710 τοῦ
764 2645 858 2729 νόμον
874 2645 1091 2730 λαμβάνουσινς
1118 2640 1175 2712 Ὧν
1198 2643 1240 2723 είς
1260 2643 1395 2734 ὑπάρχει
1415 2644 1434 2710 ό

272 2749 355 2834 άγιος
370 2755 446 2814 θεοῦ
462 2746 624 2824 άπόστολος
639 2753 774 2828 Παῦλος,
797 2745 814 2813 ό
828 2747 882 2831 τὴν
897 2753 1058 2834 μαρτυρίαν
1073 2748 1182 2832 ταύτην
1199 2747 1272 2831 μετά
1288 2749 1346 2813 καί
1361 2756 1433 2814 πολ-

272 2858 331 2916 λῶν
346 2848 439 2916 άλλων
451 2849 551 2933 λαβάν
565 2853 606 2926 είς
618 2853 723 2937 ἐναργῆ
739 2849 918 2937 παράστασιν
932 2848 1073 2934 άληθείας
1085 2854 1136 2916 καί
1149 2848 1345 2936 κηρύγματος
1360 2849 1432 2936 α’γα·

273 2961 336 3019 θοῦ
357 2959 441 3019 θεοῦ.

358 3057 381 3134 ζ’
394 3055 444 3120 καλ
459 3051 492 3118 ιε’
505 3052 590 3138 Σχόλ.
623 3057 880 3140 Μετηλλαγμένως.
919 3051 1038 3120 14Ἀντί
1054 3053 1110 3140 γάρ
1125 3061 1189 3134 τοῦ,
1209 3051 1259 3118 ’ba
1272 3060 1316 3142 τῷ
1331 3053 1431 3143 νόμῳ,

273 3160 362 3243 λέγει,
382 3155 432 3222 Ἐν
447 3165 488 3245 τῷ
504 3159 661 3234 Μωδσέας
676 3157 766 3247 νόμῳ.
811 3160 900 3244 Λέγει
913 3158 946 3224 δέ
960 3155 1019 3242 πρό
1033 3155 1157 3236 τούτου,
1183 3155 1331 3221 ΗἯκιιλ
1348 3155 1430 3222 όυό·
1487 3189 1488 3264 χ

273 3287 328 3344 μος
348 3266 440 3324 ταῦτα
460 3256 497 3324 ού
517 3260 607 3344 λέγει,Ι
1487 3283 1488 3374 η

357 3363 383 3440 ζ’
395 3363 445 3426 καί
461 3359 493 3426 ιε’
502 3359 612 3446 Ἕλεγχ.
630 3360 708 3426 ’Κάν
718 3385 748 3426 τε
761 3365 792 3428 ἐν
804 3369 841 3452 τῇ
855 3363 976 3450 δευτέριγ
988 3357 1138 3442 άποφοίσει
1149 3358 1273 3449 άίλάξης
1284 3357 1320 3424 τό
1338 3357 1431 3438 εἶδος,
1487 3375 1488 3426 ί

275 3457 300 3530 οδ
322 3467 487 3550 Μαρκίων,
519 3464 571 3528 καί
593 3467 717 3552 νομίσης
742 3461 800 3530 άπδ
827 3471 881 3531 τοῦ
906 3465 1099 3547 πεποιηκέναι
1120 3484 1170 3542 σε,
1202 3460 1251 3526 Ἐν
1275 3467 1317 3548 τῷ
1344 3461 1431 3550 κόμῃ
1487 3483 1488 3520 ι

279 3567 487 3644 1ἐΜοιϋσέοτς,
510 3563 722 3652 ἀπαλλοτριοῦν
734 3565 784 3631 διό
799 3565 850 3632 τόν
866 3567 1001 3632 Μαϋσέα
1014 3572 1091 3631 θεοῦ
1105 3563 1158 3630 τόν
1173 3563 1281 3646 νόμον,
1302 3561 1432 3630 ἔνασθεν

276 3666 294 3735 ό
310 3667 470 3752 σύνδεσμος
484 3669 588 3753 ἐλέγχει
603 3689 658 3734 σου
673 3669 727 3751 τὴν
743 3667 925 3754 άφροσύυην,
947 3667 1003 3747 ὅτι,
1031 3665 1113 3731 ΠἪ
1127 3667 1178 3731 καί
1192 3662 1211 3731 ό
1225 3663 1318 3747 νόμος
1332 3675 1432 3732 ταῦτα
1487 3663 1488 3730 ἶ

153 3805 204 3852 τις.
217 3793 262 3840 τοι
276 3770 314 3838 ού
333 3773 421 3856 λέγεις
451 3767 500 3834 Ἐν
522 3768 576 3856 γάρ
597 3777 638 3858 τῷ
660 3769 741 3861 νόμῳ
758 3773 932 3858 γέγραπται,
966 3768 1011 3836 Ού
1029 3766 1172 3852 φιμώσεις
1189 3771 1264 3850 βοῦν
1280 3765 1430 3834 άλοαῑντα.

278 3871 374 3939 Ούδέν
389 3874 421 3938 δέ
436 3869 514 3954 ἡμᾶς
528 3869 684 3955 ἠδίκησας,
714 3872 769 3938 κάν
783 3899 814 3938 τε
829 3875 972 3959 προςθείς
988 3871 1021 3938 τό
1038 3869 1133 3954 ὄνομα
1151 3870 1317 3946 Μωῦσέοις·
1356 3869 1431 3936 άλίό
1487 3829 1488 3912 ί

275 3973 354 4060 ἡμᾶς
368 3975 421 4058 μέν
435 3972 606 4057 ω’φέλησας,
627 3975 702 4040 κατά
719 3983 830 4042 σαυτοῦ
846 3977 878 4042 δέ
892 3975 944 4058 τήν
961 3977 1122 4063 μαρτυρίαν
1137 3974 1290 4058 ἔσφιγξᾱςι
1311 3999 1430 4040 παντο.

173 4239 176 4244 ,
308 4165 332 4219 7.
348 4167 533 4248 κατάθοιτο,
551 4167 731 4218 καταπίοιτε.
758 4162 830 4221 ἄλλο’-
902 4166 941 4218 10.
956 4167 1055 4220 τιθῦναι
1079 4162 1199 4231 τηθίντος
1216 4165 1252 4216 ιδ
1265 4165 1346 4226 prbe.
1364 4181 1431 4218 m·

275 4250 341 4354 τριάς
350 4237 501 4364 οδιδοάβάῖ
518 4303 657 4352 carnarium
677 4308 745 4366 οιηιιι
763 4306 832 4354 Pata·
864 4239 938 4352 ἀωίί.
956 4299 971 4355 δ
988 4299 1064 4368 νόμος
1082 4302 1134 4352 αοδ.
1153 4303 1226 4352 Vatia.
1249 4301 1327 4350 ιλιι
1344 4303 1429 4352 m

275 4373 341 4421 υίιυυ
353 4375 450 4429 sectam,
463 4383 507 4431 μτο
521 4363 559 4434 ού,
573 4372 635 4432 quod
648 4373 702 4420 libri
714 4377 764 4421 ιουι
774 4375 832 4423 τιτλ-
864 4363 939 4436 υόμος
955 4373 992 4420 εδ.
1006 4373 1080 4433 princ.

275 4441 310 4500 pu
326 4443 397 4500 ηιιοιιι
414 4439 469 4486 editi
485 4442 584 4487 ίαικίατ.
901 4437 940 4490 12.
957 4436 1031 4506 μίχρι
1047 4439 1100 4488 edi&
1112 4438 1194 4489 Ρείον.
1228 4439 1308 4488 Nudo
1322 4439 1397 4490 ude.

311 4503 335 4556 9.
353 4500 382 4557 ού
399 4506 543 4555 desideratur
559 4507 585 4554 ίκ
600 4507 650 4556 οοιλ
668 4508 742 4556 Velie.
