3010 5000
275 303 337 366 492
698 310 819 362 εκυσιι
836 309 1002 363 ιιειεειειειι

275 429 452 513 βαλλόμενος
468 427 528 494 ύπδ
544 435 684 514 πονηρῶν
700 425 872 513 αῖνθροέπων
888 430 997 514 έλεγεν,
1017 425 1182 515 Ἐνεπύγην
1198 431 1239 506 εῖς
1258 427 1356 512 ούλην
1372 433 1419 512 βυ-

276 539 351 612 θοῦ,
373 534 424 596 καλ
445 530 481 596 τύ
502 534 577 614 ἑξῆς.

147 632 214 698 Κεφ·
231 629 259 685 ε’·
361 631 478 715 Ἐπειδή
495 636 528 700 δέ
543 655 590 700 σοι
606 635 703 712 δοκεῖ,
722 631 902 716 Ἡρακλέων,
932 639 1017 698 τοῦτο
1031 635 1167 718 λέγεσθαι
1181 633 1271 716 ῦλην,
1299 641 1361 699 ταῖν
1378 631 1419 698 ύν·

275 735 410 822 θρύπων
427 735 463 800 τύ
480 735 600 819 σύματα
617 733 735 800 παλτόν
753 734 862 800 ένθύδε
878 735 989 818 κόσμον
1005 735 1137 814 ἅπαντα,
1166 738 1217 802 έπῖ
1228 741 1308 824 ποῖςο
1323 743 1421 823 σιτοπᾴ

154 868 205 914 pag.
218 859 263 903 τοι.
276 837 331 922 τήν
349 841 454 904 ἑαυτοῦ
470 835 570 922 ψυχήν
586 835 604 903 ό
621 836 809 922 Δημιουργός
823 846 860 928 τῇ
873 837 929 928 ύλη
945 839 1140 924 ἐγκατέμιξεν,
1164 841 1207 902 Εἰ
1218 838 1272 920 μέν
1287 837 1321 904 τό
1337 865 1422 920 τιονη

277 939 331 1026 ρδν
348 939 478 1026 ύγνοιδν,
509 938 545 1006 ού
562 938 685 1004 δύναται
701 944 901 1026 δημιουργεῖν,
930 937 948 1005 ό
965 937 1005 1022 μή
1020 939 1172 1026 γινώσκων
1188 939 1206 1004 δ
1222 938 1362 1023 βούλεται
1377 945 1422 1022 δη-

277 1050 460 1134 μιουργήραι.
508 1040 583 1108 Ούτε
599 1040 655 1129 γύρ
672 1039 757 1126 ήμεῖς
771 1069 797 1108 τι
817 1041 982 1128 πράττομεν
999 1039 1069 1108 καθ’
1085 1039 1208 1124 έκύστην
1224 1045 1328 1126 τέχνην
1345 1046 1421 1128 έργα-

277 1145 411 1227 ζόμενοι,
442 1143 536 1228 ιὅπερ
559 1142 595 1210 ού
617 1151 750 1227 νοοῦμεν.
796 1148 855 1210 Kal
876 1143 1149 1230 προενθυμούμεθα
1170 1141 1227 1228 γύρ
1249 1144 1267 1210 δ
1290 1147 1423 1212 έπιτελεῖν

276 1245 462 1330 βουλόμεθα,
490 1249 541 1312 καὶ
557 1250 678 1328 οῖ’δαμεν
696 1249 768 1332 πρὶν
783 1255 906 1330 ποιήσαι
922 1246 940 1312 δ
957 1249 1115 1312 ἐπιτελέσαι
1130 1246 1350 1336 προῃρήμεθα,
1376 1249 1424 1312 ιιαέ

276 1353 322 1414 τοέ
334 1373 367 1434 γε
381 1346 465 1431 ήμεῖς
482 1347 616 1426 ύσθενεῖς
633 1348 729 1427 ὄντες,
751 1350 801 1415 καῖ
815 1348 907 1416 πολλοὶ
922 1346 1098 1424 ἀποδέοντες
1112 1356 1165 1432 τῆς
1179 1353 1233 1414 τοῦ
1245 1356 1323 1415 θεοῦ
1339 1345 1422 1415 δυνέ-

276 1475 365 1532 μεως·
395 1449 444 1516 διδ
467 1453 499 1516 δὲ
519 1459 573 1534 τῆς
592 1449 642 1516 ύπ’
664 1451 757 1519 αύτοῦ
778 1453 985 1538 κεχαρισμένης
1006 1453 1148 1527 συνέσεως
1168 1460 1231 1528 τοῖς
1251 1449 1424 1538 ύνθροέποις

276 1555 398 1634 οέδαμεν
418 1554 470 1618 καὶ
487 1561 620 1637 νοοῦμεν.
665 1557 841 1638 Συμβέβηιιε
861 1556 894 1620 δέ
912 1576 974 1631 σοι,
1006 1547 1228 1636 νῖἩρακλέων,
1257 1550 1278 1636 ή
1299 1556 1333 1620 έιι
1350 1559 1424 1619 θεοῦ

177 1697 180 1704 ·
275 1653 390 1729 σύνεσις
405 1657 446 1730 εἰς
463 1653 589 1738 βλύβην,
620 1655 665 1722 δτι
681 1656 721 1739 μή
739 1654 814 1722 κατεῖ
831 1655 903 1721 θεόν
920 1654 1014 1738 αύτήν
1030 1653 1236 1744 πραγματεύῃ,
1264 1653 1337 1720 α’λλύ
1351 1653 1425 1720 κατέ

275 1754 409 1840 πονηρόν
430 1757 623 1840 ἐπιτήδευσιν.
658 1758 724 1824 Ἔτι
742 1760 773 1824 δέ
789 1757 878 1824 πόλιν
896 1761 968 1844 ἐρεῖ,
998 1756 1096 1822 πόθεν
1117 1754 1135 1838 ή
1153 1764 1206 1824 τοῦ
1223 1765 1426 1840 πνευματικοῦ

275 1863 352 1940 μῖξις
367 1865 407 1946 τῷ
424 1867 542 1947 ψυχικῷ
559 1885 589 1926 τε
606 1863 656 1926 καῖ
674 1858 781 1949 ύλικρῖ,
810 1860 827 1926 δ
847 1857 908 1944 2δή
925 1862 1035 1946 λέγεται
1049 1857 1131 1946 πορύ
1144 1861 1192 1925 οοῖ
1211 1863 1290 1926 'lum
1306 1857 1426 1944 ἅνθρω-

277 1987 350 2040 πος,
381 1967 421 2048 τῷ
444 1965 571 2050 δευτέρῳ
594 1967 646 2028 καῖ
665 1967 752 2052 τρλτρι
774 1965 830 2040 έξω
851 1960 1005 2050 ύυθραέτιςο
1029 1963 1257 2043 έσυνημμένου,
1287 1964 1368 2044 φημὶ
1388 1960 1425 2042 δή

275 2070 357 2151 ψυχή
379 2063 429 2127 καὶ
445 2063 571 2146 σοι’ματις
604 2066 665 2129 Καὶ
687 2068 714 2130 εῖ
729 2065 780 2148 μέν
800 2067 833 2130 έιι
848 2063 1035 2147 βουλήματος
1052 2070 1106 2146 τῆς
1123 2062 1184 2129 δῖνα
1202 2063 1356 2146 δυνάμεως
1372 2071 1425 2128 τοῦ

274 2173 334 2231 τοῖν
349 2164 424 2230 ὅλων
440 2165 576 2250 Πατρός,
605 2169 683 2249 φημὶ
699 2167 731 2232 δέ
747 2174 800 2231 τοῦ
816 2165 891 2231 κατύ
907 2167 939 2232 σέ
955 2173 1079 2245 Βυθοῦ,
1102 2163 1161 2250 ῦρα
1177 2191 1210 2250 γε
1227 2163 1281 2230 ούιι
1297 2162 1426 2231 ύιτοινιύ-

274 2293 362 2349 νητος
378 2275 439 2343 τοῖς
455 2265 533 2348 ύνω,
556 2266 597 2346 οῦς
613 2271 703 2351 ἔφην,
724 2265 744 2350 ή
762 2271 894 2334 ἐνταῦθα
909 2272 977 2354 περὶ
993 2266 1072 2351 ήμῦς
1087 2271 1179 2343 κτίσις
1192 2289 1426 2352 συγκαταμιγνυ-

275 2372 362 2453 μένη,
393 2367 443 2434 διοῖ
463 2376 517 2453 τῆς
533 2378 587 2436 τοῦ
605 2369 725 2456 Πατρός
741 2368 803 2436 ύνω
820 2367 956 2446 εύδοκέας
976 2373 1096 2436 καὶτοῦ
1111 2368 1230 2436 ἄνωθεν
1245 2366 1312 2454 παρ’
1328 2367 1427 2436 αύτοῦ

274 2474 537 2553 καταπεμφθέντος
553 2481 735 2557 σπινθῆρος,
765 2471 783 2538 ό
800 2475 876 2538 ἐστιν
897 2469 916 2538 ό
932 2471 1130 2556 πνευματικός
1144 2459 1222 2538 κατύ
1240 2473 1272 2537 σέ
1287 2471 1336 2536 καὶ
1352 2472 1427 2538 1⁶03-

274 2601 359 2650 τατος
372 2573 543 2660 ἅνθρωπος.
589 2579 631 2640 Εἰ
645 2576 677 2641 δέ
690 2577 781 2660 λέγεις
796 2574 848 2640 τόν
865 2573 1056 2661 Δημιουργδν
1070 2571 1121 2639 τόν
1136 2577 1169 2640 έν
1183 2572 1360 2656 έλαττοέματι
1376 2579 1428 2640 καὶ

275 2675 465 2762 ύστερήματι,
495 2676 517 2758 ή
539 2675 591 2760 τήν
608 2679 750 2762 Μητέρα,
780 2677 818 2759 ἣν
838 2679 929 2764 λέγεις
947 2675 1104 2760 Ἀχαμοῖθ,
1135 2679 1285 2759 εἰληφέναι
1305 2674 1429 2744 ῦναιθεν

275 2778 416 2862 δύναμιν,
448 2781 576 2844 τουτέστι
597 2778 630 2846 τό
650 2778 864 2862 πνευματικόν,
893 2776 990 2845 ούιιέιι
1008 2781 1039 2844 έν
1057 2776 1235 2864 ύστερήματι
1252 2779 1299 2844 ιιαλ
1316 2775 1429 2868 ύγνοέιγ

275 2884 353 2948 έστῖν
375 2879 393 2948 ό
411 2880 617 2967 Δημιουργδς,
649 2879 716 2946 ούτε
737 2879 846 2962 ήκοτύ
864 2882 895 2946 σέ
915 2881 1045 2965 οΜήτηρ
1060 2881 1235 2962 καλουμένη.
1280 2887 1355 2956 Πῶς
1369 2883 1428 2966 γαῖρ

275 2983 311 3048 ἄν
323 3011 367 3060 τις
380 2987 411 3050 έν
426 2982 532 3072 α’γνοέρι
547 2989 592 3066 ελη
607 2981 714 3050 τούτου
731 2975 768 3048 ού
784 2985 932 3066 ἐπιθυμεῖ.
976 2986 1019 3048 Εἰ
1031 2981 1087 3068 γύρ
1103 2981 1180 3058 δλως
1193 2989 1248 3048 τοῦ
1260 2986 1430 3067 κρείττονος

276 3083 420 3171 ὀρέγεται,
450 3083 511 3152 οἶδε
533 3086 565 3152 τό
588 3084 677 3151 καλόν
697 3087 748 3150 καλ
770 3083 901 3170 α’γαθδν,
930 3081 1020 3150 καλό
1041 3084 1074 3150 τό
1093 3082 1209 3169 ύγαθόν
1224 3083 1429 3168 ἐπισπόμενος,

275 3189 326 3252 καῖ
352 3186 393 3270 μή
417 3195 531 3273 στυγεῖν
556 3195 658 3266 τοῦτο,
691 3185 761 3252 α’λλύ
787 3184 980 3272 ύρεγόμενος,
1013 3184 1068 3252 ούιι
1095 3189 1173 3252 ἔστιν
1197 3185 1346 3273 όλλότριος
1373 3196 1429 3256 τοῦ

275 3287 402 3375 α’γσιθοῦ.

359 3597 421 3660 Καὶ
435 3597 489 3660 ἵνα
501 3594 542 3678 μή
555 3598 773 3680 κατατρέβωμαι
785 3598 853 3680 περλ
867 3595 920 3672 τδς
932 3594 1064 3678 μηχαναῖς
1076 3602 1130 3662 τοῦ
1144 3591 1275 3681 ύγύρτον
1286 3593 1430 3678 οῖαχολού-

274 3722 376 3780 μενος,
407 3696 525 3774 τούτοις
545 3696 777 3783 ύριιεσθήσομαι
829 3703 917 3762 Ποῖσα
937 3696 994 3783 γδρ
1016 3695 1107 3764 αύτοῦ
1127 3700 1231 3764 έπεσεν
1252 3696 1273 3780 ή
1294 3703 1431 3780 ληρωδῖα

276 3797 335 3866 ύπδ
350 3806 402 3865 τοῦ
416 3808 474 3866 πεῖν
488 3798 608 3865 πύντων
625 3799 770 3881 δεσπότην
784 3805 857 3864 πᾶσι
869 3807 974 3880 σαφῶς
988 3797 1211 3885 ὁμολογηθῆναι
1226 3797 1341 3886 ύγαθδν
1352 3797 1430 3867 ὄντα

276 3904 327 3966 κοιλ
343 3901 582 3988 προγινιύσκοντα
597 3904 645 3966 καὶ
663 3900 827 3983 δυνάμενον
844 3900 880 3966 τύ
895 3900 991 3966 πάντα
1006 3911 1114 3984 ποιεῖν,
1142 3905 1194 3967 καλ
1211 3899 1253 3978 ω’ς·
1267 3899 1318 3967 ύπ’
1332 3899 1428 3970 αύτοῦ

277 4011 357 4069 πᾶσα
370 3999 469 4084 ’φύσις
490 4001 663 4085 ύπύρηουσοι
684 4003 784 4085 κτιστή
806 4010 902 4080 καλοῖς
923 4005 1080 4089 γεγένηται.
1127 4002 1202 4070 Ούτε
1225 4002 1279 4089 γόρ
1297 4005 1429 4071 δυνατόν

276 4103 347 4171 ύνευ
364 4113 417 4172 τοῦ
431 4113 508 4172 θεοῦ
522 4131 550 4169 τι
564 4101 654 4184 εἶναι,
684 4103 743 4169 ἀλλ’
757 4103 778 4187 ἢ
793 4105 884 4188 μόνον
899 4103 918 4188 ή
933 4103 1060 4188 ύμοιρτλα
1077 4103 1134 4172 ούκ
1149 4109 1257 4189 έχουσα
1272 4103 1367 4190 ἀρχήν
1384 4111 1428 4190 ρι’-

154 4247 204 4294 pq.
217 4235 262 4280 ιετ.
276 4215 342 4291 ζης,
371 4207 441 4274 οῦδὲ
463 4211 504 4284 εἰς
522 4209 603 4284 τέλος
620 4209 764 4290 μένουσα,
794 4210 826 4273 έν
848 4205 919 4292 ήμῖν
940 4209 972 4274 δέ
993 4207 1168 4285 έπειςύιιτας
1189 4210 1345 4294 γινομένη,
1375 4211 1428 4276 ιιαλ

308 4397 331 4449 9.
355 4395 408 4451 ύλλυ
430 4401 481 4449 cod.
497 4401 610 4462 κοιλέμ,
633 4401 696 4462 quod
717 4405 749 4450 est
773 4396 833 4460 ἰλύν,
904 4397 961 4448 διε.
982 4399 1011 4448 V.
1030 4427 1058 4436 -
1082 4399 1104 4452 1.
1120 4403 1167 4452 Pro
1181 4394 1258 4466 ’σ’ττερ,
1276 4403 1341 4463 quod
1359 4403 1427 4453 Ρτλα-

275 4469 470 4528 quemadmodum
480 4470 590 4530 ιπῖριυιιι
600 4472 632 4516 ιιι
642 4469 708 4530 apud
717 4469 783 4517 Lxx
793 4470 832 4518 λιι-
865 4469 918 4518 υλιιι
934 4470 1034 4517 restituit
1050 4481 1079 4518 ιε
1095 4469 1145 4519 cod„
1163 4471 1249 4530 λἀιῖα,
1274 4470 1301 4518 in
1317 4471 1375 4520 αλιι.
1391 4485 1428 4532 με.

275 4537 388 4596 ιιιρττλτι.
866 4537 949 4599 Ιεριλυτ
965 4531 1003 4588 τδ.
