2994 5024
355 317 489 368 ennean
507 275 972 370 nrnr.ron.1n.uuuu.xcn.
1173 303 1235 368 639

180 429 282 498 Sclrol.
300 431 480 500 LXXVIII.
516 441 591 516 Quod
606 439 715 500 soloti
729 441 819 500 eros?
862 440 956 498 Videte
974 457 1073 500 monus
1090 457 1179 510 meos,
1212 448 1388 514 stupemus.

82 538 172 614 pedm
193 557 284 600 mcor.-
306 543 373 619 qum
393 542 511 620 spiritua
531 561 595 602 oran
616 562 671 604 non
692 541 789 614 dolet,
814 543 889 601 nost
908 561 951 602 nte
971 543 1070 602 ordeles
1091 541 1202 601 lolem.

173 739 276 806 Reiut.
293 739 473 807 LXXVIII.
510 742 584 828 Quis
603 743 829 829 nugacissimum
850 745 925 808 lrunc
945 765 1002 807 non
1019 743 1156 822 irrideat,
1188 745 1236 828 qui

85 841 246 908 stoliditote
267 865 319 909 sua
341 867 405 910 coru
428 847 632 931 semetipsum,
667 857 726 912 tum
749 857 913 910 ceterorum
935 847 1045 910 animas
1067 845 1103 908 ml
1125 845 1236 910 inleros

85 944 243 1009 detrudet?
284 947 362 1012 Nam
379 949 434 1013 nisi
451 950 522 1013 hece
539 949 588 1012 ille
604 949 793 1013 confiteretur
807 949 914 1029 omnia,
938 947 1060 1012 haberet
1073 949 1137 1011 eins
1153 969 1236 1011 error

84 1047 217 1111 colorem
236 1050 379 1134 aliquem,
411 1072 445 1116 ac
462 1051 548 1116 veuls
565 1050 643 1136 digni
660 1063 814 1136 utcumque
831 1053 928 1116 forent
949 1051 996 1134 qni
1016 1071 1049 1114 se
1065 1048 1101 1114 ab
1118 1050 1167 1113 illo
1185 1050 1234 1114 de·

83 1150 145 1234 cipi
167 1162 346 1231 poterentur.
391 1151 480 1219 Nune
502 1176 568 1218 cnm
589 1166 619 1218 et
639 1154 695 1219 iste
713 1153 803 1218 rerba
820 1154 870 1217 illa
885 1174 936 1238 pro
953 1152 1100 1237 germanis
1118 1152 1232 1230 habeat,

85 1271 145 1314 uec
158 1274 192 1316 ea
208 1255 370 1335 sustulerit,
393 1266 424 1320 et
437 1255 473 1320 alt
491 1258 619 1322 eiusdem
634 1255 781 1343 discipulis
797 1256 942 1340 legentur,
966 1277 1030 1319 cnm
1047 1267 1234 1340 utrorumque

85 1353 241 1436 delictum,
266 1367 325 1422 tom
343 1378 414 1422 vero
431 1359 506 1444 iguis
520 1359 569 1424 ille
588 1370 702 1437 menet,
726 1379 811 1443 quern
829 1358 907 1422 nulla
922 1357 1125 1441 tergiversatio
1143 1359 1235 1443 possit

86 1456 232 1540 elingere,
252 1469 350 1545 utpote
364 1460 468 1544 quihus
484 1462 578 1526 omuis
594 1462 727 1546 adempta
742 1460 782 1524 ait
795 1459 959 1524 excusatio.
1000 1458 1077 1524 Nam
1092 1459 1120 1524 itl
1134 1471 1233 1544 aperte

84 1557 220 1623 salvator
238 1561 370 1642 edocuit,
402 1574 468 1650 post
482 1564 729 1629 resurrectionem
747 1564 862 1628 ossibus
879 1583 912 1626 sc
928 1583 1067 1626 secerne
1084 1574 1231 1639 constare,

85 1661 165 1743 qnod
189 1662 260 1726 decc
281 1663 372 1748 ipsios
394 1666 485 1730 verba
503 1668 719 1732 demonstrent:
750 1671 891 1728 Se'cotmc
907 1669 1005 1726 mttere
1021 1666 1132 1727 holme.
1179 1664 1233 1728 Αι-

83 1782 146 1846 que
163 1762 216 1826 ltoe
228 1763 306 1829 illins
321 1767 418 1852 operit
433 1781 633 1852 argumentum
650 1780 707 1847 est,
731 1769 806 1853 quod
822 1769 964 1832 adversus
977 1764 1157 1831 Marcionem
1173 1767 1233 1830 ela-

83 1863 279 1945 iteraverunt,
303 1869 436 1953 quodque
454 1891 493 1934 cx
508 1870 565 1935 illis
582 1871 726 1955 evangelii
743 1870 889 1954 reliqniis,
915 1890 986 1954 quas
1005 1869 1098 1934 odhoe
1114 1869 1231 1948 retinet,

84 1967 209 2051 carptim
228 1967 403 2054 relegeram.
449 1971 535 2057 Quod
550 1972 666 2058 quidem
682 1973 717 2035 ad
734 1972 916 2036 relotundom
931 1971 1006 2035 illios
1025 1992 1155 2035 errorem
1172 1974 1232 2034 anl-

82 2069 175 2132 licere
195 2071 332 2136 arbitror.
379 2071 474 2139 Venio
495 2095 571 2138 onoc
592 2076 628 2140 ad
652 2075 778 2159 reliquas
803 2073 927 2159 apostoli
951 2075 1128 2154 sententias,
1160 2095 1231 2158 qnae
1259 2081 1260 2085 ’

82 2172 206 2256 periodo
221 2175 424 2242 adsciscendas
440 2177 566 2262 potavit,
590 2199 645 2261 ego
662 2197 734 2241 vero
750 2187 847 2242 vestra
864 2197 967 2240 caussa
980 2175 1159 2262 potissimum
1178 2197 1230 2240 ex·

83 2275 195 2360 cerpei,
212 2276 241 2340 io
255 2278 326 2342 iisce
340 2279 535 2364 proponendis
549 2281 672 2344 enodem
689 2300 745 2364 qoo
761 2279 810 2344 ille
826 2300 895 2343 osus
908 2289 954 2342 εει
968 2278 1096 2342 ordinem
1112 2278 1232 2342 seriem·

81 2396 143 2460 que
166 2377 262 2457 teoni,
293 2391 325 2444 nt
343 2381 379 2446 alt
402 2401 436 2446 ee
461 2401 534 2466 qoae
559 2383 595 2445 ad
617 2379 738 2448 Galatas
760 2383 868 2467 scripto
890 2392 935 2445 εει
955 2380 1067 2444 initium
1092 2383 1228 2445 lacerem.

81 2475 170 2543 Hanc
184 2481 261 2544 euim
279 2483 370 2567 primo
385 2484 434 2548 ille
451 2483 516 2548 loco
532 2485 693 2570 proposcit.
740 2481 801 2549 Sed
819 2505 873 2548 nos
889 2483 958 2546 olion
975 2492 1114 2568 excerpto
1131 2493 1230 2548 nostra

79 2578 127 2644 sic
143 2579 378 2664 institueramus,
402 2607 460 2650 oon
480 2595 511 2648 nt
526 2585 602 2650 illiue
618 2585 749 2648 ordinem
763 2605 969 2670 sequeremur,
993 2584 1043 2648 sed
1061 2605 1126 2648 euro
1145 2605 1230 2668 qoem

80 2683 244 2767 apostolica
263 2685 371 2770 scripto
386 2698 625 2772 repraesentant,
655 2687 789 2752 nimIrum
804 2687 926 2772 primum
944 2697 975 2751 nt
991 2687 1085 2750 locum
1103 2706 1137 2750 ea
1158 2706 1231 2770 quse

80 2785 120 2846 sd
138 2783 289 2852 Romanoa
308 2789 415 2873 scripta
433 2801 479 2854 eat
494 2789 651 2853 obtineret.
695 2787 784 2853 Nunc
801 2799 895 2854 nutem
910 2787 1007 2852 omnis
1026 2789 1061 2853 ad
1079 2786 1157 2852 illios
1176 2808 1230 2852 uos

81 2887 209 2951 l'ormam
231 2900 261 2953 et
282 2890 447 2975 exemplum
468 2891 683 2956 accommodam
705 2911 909 2978 proponemus.

1242 3011 1297 3054 Ere
1313 3011 1381 3056 istola

168 3089 269 3157 Senot.
288 3092 313 3158 I.
347 3101 454 3158 micale
472 3102 537 3179 prole
559 3102 649 3159 enatus
670 3119 706 3158 ec
718 3099 783 3178 fide
803 3099 880 3157 ot'ot't.
928 3099 1067 3176 Quotquot
1087 3099 1158 3155 emin
1176 3025 1380 3186 εεῠὲᾬξιζξῗῖ

80 3196 148 3273 lege
168 3207 249 3270 aunt,
274 3200 325 3259 oud
343 3203 489 3261 mkde'cto
509 3211 585 3261 cunt.
633 3203 690 3278 (lnr'
707 3211 798 3260 numm
815 3200 917 3278 feccrit
938 3202 1009 3270 atto,
1034 3201 1105 3258 oioot
1126 3201 1155 3258 in
1176 3201 1226 3258 eis.

167 3295 268 3361 Relnt.
289 3296 312 3361 I.
347 3297 430 3363 lloec
445 3300 507 3386 ipsa
525 3301 633 3364 verbu:
657 3305 764 3362 Dr'ooitc
776 3305 842 3381 puro
856 3305 947 3362 ιἰιειιιε
961 3321 998 3360 ee
1007 3299 1071 3379 fide
1086 3303 1167 3372 valet,
1192 3299 1228 3362 ele

77 3399 215 3483 apostolo
229 3411 364 3486 nsnrputo
380 3411 584 3467 testamentum
600 3412 682 3465 retus
696 3401 896 3488 comprobent.
942 3399 1025 3465 Ilaec
1039 3400 1116 3464 enim
1130 3400 1165 3462 eb
1178 3400 1228 3463 illo

77 3511 153 3566 snut
169 3521 207 3564 en
223 3502 287 3585 lege
303 3524 339 3566 oc
353 3504 500 3588 prophetia
516 3505 550 3567 ed
567 3503 654 3568 ritant
671 3504 754 3567 nobis
769 3503 978 3567 conciliandam
995 3503 1029 3566 de
1047 3523 1125 3566 novo
1140 3511 1229 3565 teste·

77 3611 182 3666 mento
200 3603 400 3688 pronontiata,
434 3607 596 3690 etquidem
615 3627 679 3668 cum
698 3627 750 3690 spe
768 3617 869 3669 nostre
887 3616 1097 3668 consentanea.
1143 3601 1228 3687 Quod

75 3714 177 3768 eutem
201 3708 253 3772 sud
269 3711 414 3768 mokdrcto
433 3731 493 3770 esce
515 3707 601 3787 dicit,
632 3727 668 3770 eo
688 3707 872 3772 referendum
895 3717 958 3786 eat,
990 3705 1065 3790 quod
1088 3707 1229 3769 adversus

75 3805 189 3870 Adumi
209 3807 343 3872 dedictum
363 3809 408 3872 dei
428 3810 667 3874 comminationes
689 3808 718 3872 io
736 3809 802 3892 Iege
820 3809 1062 3888 continebantur,
1095 3808 1187 3872 donec
1212 3827 1228 3870 e

78 3907 166 3972 coelo
181 3908 287 3974 missus
302 3909 455 3975 adveniret
471 3909 625 3988 Christus,
650 3911 698 3994 qui
714 3932 754 3974 ex
770 3910 875 3975 Adami
891 3932 987 3976 messe
1005 3913 1157 3974 lormotum
1173 3908 1228 3972 silai

77 4031 188 4096 eorpus
211 4012 334 4076 induens
357 4013 537 4078 meledictum
559 4014 589 4076 io
611 4012 841 4076 benedictionem
865 4014 1022 4078 convertit.

168 4109 268 4178 Schol.
287 4111 329 4178 Il.
363 4119 532 4178 Maledictus
548 4119 636 4178 ornnes
653 4120 705 4197 pne·
713 4119 816 4195 pendet
832 4119 861 4178 in
877 4119 965 4196 dignm
1014 4118 1070 4192 (lui
1085 4123 1177 4176 antem
1193 4133 1298 4180 ecreto
1311 4137 1342 4182 ra

76 4219 296 4296 repromissione
316 4229 375 4294 eat,
400 4241 436 4280 ce
458 4219 557 4280 lr'dcro.
1242 4203 1364 4261 ⁰⁸r·⁴·²³·

74 4349 191 4418 superios
208 4351 307 4470 qpidem
323 4351 390 4404 iuxta
407 4353 518 4405 ordinem
535 4373 579 4422 per
596 4363 639 4406 to·
706 4353 747 4408 78.
766 4351 1030 4410 arcesseremusne.
1059 4349 1163 4407 δεκτικὰ
1177 4355 1231 4404 lrllri

74 4432 133 4471 enm
151 4437 166 4470 a
183 4436 216 4471 no
233 4421 254 4470 is
268 4421 400 4538 proposita
414 4422 478 4480 sint.
496 4439 562 4474 nnnc
578 4439 639 4474 vero
674 4427 737 4476 edili.

75 4489 111 4541 sb
130 4487 266 4556 epistolae
303 4489 402 4541 Galatas
419 4490 492 4542 initio
510 4491 606 4542 lacto.“
707 4491 747 4546 79.
764 4484 861 4546 denter
877 4493 928 4542 cod.
946 4493 1035 4555 lotio,
1061 4495 1082 4542 et
1104 4492 1158 4541 inde
1174 4492 1229 4541 edil.

113 4555 156 4610 77.
173 4559 254 4621 Scpro
270 4556 375 4612 Μάθετι
391 4557 421 4614 dl
438 4553 478 4613 ὅτι
494 4557 598 4620 δίκαιος.
672 4565 754 4616 Petro.
786 4553 839 4614 ἅνω
856 4561 909 4610 edd.
922 4562 998 4623 prtoc.
