<?xml version="1.0" encoding="UTF-8"?>
<!DOCTYPE html PUBLIC "-//W3C//DTD XHTML 1.0 Transitional//EN"
    "http://www.w3.org/TR/xhtml1/DTD/xhtml1-transitional.dtd">
<html xmlns="http://www.w3.org/1999/xhtml" xml:lang="en" lang="en">
 <head>
  <title>
</title>
<meta http-equiv="Content-Type" content="text/html;charset=utf-8" />
  <meta name='ocr-system' content='tesseract 3.04.00' />
  <meta name='ocr-capabilities' content='ocr_page ocr_carea ocr_par ocr_line ocrx_word'/>
</head>
<body>
  <div class='ocr_page' id='page_1' title='image "./corporishaerese03oehlgoog_0064.png"; bbox 0 0 2986 4996; ppageno 0'>
   <div class='ocr_carea' id='block_1_1' title="bbox 332 177 1237 237">
    <p class='ocr_par' dir='ltr' id='par_1_1' title="bbox 332 177 1237 237">
     <span class='ocr_line' id='line_1_1' title="bbox 332 177 1237 237; baseline 0.002 -3"><span class='ocrx_word' id='word_1_1' title='bbox 332 183 467 236; x_wconf 73' lang='lat' dir='ltr'>eausam</span> <span class='ocrx_word' id='word_1_2' title='bbox 484 183 560 235; x_wconf 70' lang='grc' dir='ltr'>ΔΝ.</span> <span class='ocrx_word' id='word_1_3' title='bbox 577 182 745 235; x_wconf 66' lang='grc' dir='ltr'>ΕΔΕΙΕΒΕὸ</span> <span class='ocrx_word' id='word_1_4' title='bbox 763 183 825 236; x_wconf 72' lang='lat' dir='ltr'>Llfl.</span> <span class='ocrx_word' id='word_1_5' title='bbox 841 185 859 236; x_wconf 89' lang='lat' dir='ltr'>l.</span> <span class='ocrx_word' id='word_1_6' title='bbox 876 185 956 237; x_wconf 75' lang='lat' dir='ltr'>Tota.</span> <span class='ocrx_word' id='word_1_7' title='bbox 968 185 988 237; x_wconf 89' lang='grc' dir='ltr'>Ι.</span> <span class='ocrx_word' id='word_1_8' title='bbox 1196 177 1237 237; x_wconf 78' lang='grc'>47</span> 
     </span>
    </p>
   </div>
   <div class='ocr_carea' id='block_1_2' title="bbox 77 301 1408 3941">
    <p class='ocr_par' dir='ltr' id='par_1_2' title="bbox 77 301 1408 2316">
     <span class='ocr_line' id='line_1_2' title="bbox 91 301 1240 389; baseline 0.003 -23"><span class='ocrx_word' id='word_1_9' title='bbox 91 321 194 386; x_wconf 84' lang='lat' dir='ltr'>resque</span> <span class='ocrx_word' id='word_1_10' title='bbox 211 311 359 366; x_wconf 75' lang='lat' dir='ltr'>meteres.</span> <span class='ocrx_word' id='word_1_11' title='bbox 405 302 451 366; x_wconf 79' lang='lat' dir='ltr'>Ad</span> <span class='ocrx_word' id='word_1_12' title='bbox 475 301 548 366; x_wconf 88' lang='lat' dir='ltr'>haec</span> <span class='ocrx_word' id='word_1_13' title='bbox 566 301 726 366; x_wconf 86' lang='lat' dir='ltr'>animarum</span> <span class='ocrx_word' id='word_1_14' title='bbox 747 323 788 367; x_wconf 84' lang='lat' dir='ltr'>ex</span> <span class='ocrx_word' id='word_1_15' title='bbox 804 302 870 367; x_wconf 86' lang='lat' dir='ltr'>aliis</span> <span class='ocrx_word' id='word_1_16' title='bbox 884 303 914 367; x_wconf 89' lang='lat' dir='ltr'>iu</span> <span class='ocrx_word' id='word_1_17' title='bbox 931 304 990 367; x_wconf 88' lang='lat' dir='ltr'>alia</span> <span class='ocrx_word' id='word_1_18' title='bbox 1004 325 1128 389; x_wconf 90' lang='lat' dir='ltr'>corpora</span> <span class='ocrx_word' id='word_1_19' title='bbox 1143 313 1240 370; x_wconf 88' lang='lat' dir='ltr'>traus-</span> 
     </span>
     <span class='ocr_line' id='line_1_3' title="bbox 90 401 1241 490; baseline 0.006 -26"><span class='ocrx_word' id='word_1_20' title='bbox 90 402 221 468; x_wconf 74' lang='lat' dir='ltr'>fusiones</span> <span class='ocrx_word' id='word_1_21' title='bbox 244 423 280 466; x_wconf 86' lang='lat' dir='ltr'>ac</span> <span class='ocrx_word' id='word_1_22' title='bbox 302 403 443 468; x_wconf 73' lang='lat' dir='ltr'><strong>transitus</strong></span> <span class='ocrx_word' id='word_1_23' title='bbox 466 401 631 468; x_wconf 85' lang='lat' dir='ltr'>admittunt.</span> <span class='ocrx_word' id='word_1_24' title='bbox 676 402 738 468; x_wconf 79' lang='lat' dir='ltr'>Eas</span> <span class='ocrx_word' id='word_1_25' title='bbox 762 404 868 490; x_wconf 91' lang='lat' dir='ltr'>quippe</span> <span class='ocrx_word' id='word_1_26' title='bbox 891 405 928 468; x_wconf 90' lang='lat' dir='ltr'>de</span> <span class='ocrx_word' id='word_1_27' title='bbox 949 426 1073 490; x_wconf 89' lang='lat' dir='ltr'>corpore</span> <span class='ocrx_word' id='word_1_28' title='bbox 1096 406 1241 471; x_wconf 77' lang='lat' dir='ltr'>decedere</span> 
     </span>
     <span class='ocr_line' id='line_1_4' title="bbox 89 504 1241 589; baseline 0.005 -21"><span class='ocrx_word' id='word_1_29' title='bbox 89 525 242 568; x_wconf 85' lang='lat' dir='ltr'>aurursus</span> <span class='ocrx_word' id='word_1_30' title='bbox 259 504 392 588; x_wconf 73' lang='lat' dir='ltr'>ingredi,</span> <span class='ocrx_word' id='word_1_31' title='bbox 425 506 588 589; x_wconf 78' lang='lat' dir='ltr'>iterumque</span> <span class='ocrx_word' id='word_1_32' title='bbox 603 506 683 589; x_wconf 79' lang='lat' dir='ltr'>gigni</span> <span class='ocrx_word' id='word_1_33' title='bbox 700 517 849 585; x_wconf 87' lang='lat' dir='ltr'>statuunt,</span> <span class='ocrx_word' id='word_1_34' title='bbox 879 517 909 569; x_wconf 92' lang='lat' dir='ltr'>et</span> <span class='ocrx_word' id='word_1_35' title='bbox 926 509 1156 571; x_wconf 68' lang='lat' dir='ltr'>consceleratum</span> <span class='ocrx_word' id='word_1_36' title='bbox 1171 508 1241 574; x_wconf 90' lang='lat' dir='ltr'>illud</span> 
     </span>
     <span class='ocr_line' id='line_1_5' title="bbox 88 604 1241 694; baseline 0.004 -26"><span class='ocrx_word' id='word_1_37' title='bbox 88 607 191 690; x_wconf 78' lang='lat' dir='ltr'>dogma</span> <span class='ocrx_word' id='word_1_38' title='bbox 209 607 332 690; x_wconf 82' lang='lat' dir='ltr'>quedem</span> <span class='ocrx_word' id='word_1_39' title='bbox 350 607 461 670; x_wconf 88' lang='lat' dir='ltr'>erroris</span> <span class='ocrx_word' id='word_1_40' title='bbox 478 607 655 670; x_wconf 87' lang='lat' dir='ltr'>abundantia</span> <span class='ocrx_word' id='word_1_41' title='bbox 673 617 846 672; x_wconf 85' lang='lat' dir='ltr'>contexunt.</span> <span class='ocrx_word' id='word_1_42' title='bbox 892 604 1050 672; x_wconf 86' lang='lat' dir='ltr'>Caeterum</span> <span class='ocrx_word' id='word_1_43' title='bbox 1072 609 1241 694; x_wconf 71' lang='lat' dir='ltr'>perticulam</span> 
     </span>
     <span class='ocr_line' id='line_1_6' title="bbox 87 703 1242 795; baseline 0.003 -24"><span class='ocrx_word' id='word_1_44' title='bbox 87 709 231 790; x_wconf 88' lang='lat' dir='ltr'>quandam</span> <span class='ocrx_word' id='word_1_45' title='bbox 246 707 307 787; x_wconf 92' lang='lat' dir='ltr'>dci,</span> <span class='ocrx_word' id='word_1_46' title='bbox 331 709 511 792; x_wconf 84' lang='lat' dir='ltr'>eandemque</span> <span class='ocrx_word' id='word_1_47' title='bbox 524 703 716 772; x_wconf 75' lang='lat' dir='ltr'>immortalem</span> <span class='ocrx_word' id='word_1_48' title='bbox 731 709 856 772; x_wconf 82' lang='lat' dir='ltr'>artimam</span> <span class='ocrx_word' id='word_1_49' title='bbox 872 729 938 773; x_wconf 89' lang='lat' dir='ltr'>esse</span> <span class='ocrx_word' id='word_1_50' title='bbox 952 711 1129 795; x_wconf 87' lang='lat' dir='ltr'>praedicant.</span> <span class='ocrx_word' id='word_1_51' title='bbox 1166 708 1242 775; x_wconf 88' lang='lat' dir='ltr'>Por·</span> 
     </span>
     <span class='ocr_line' id='line_1_7' title="bbox 89 807 1242 896; baseline 0.005 -26"><span class='ocrx_word' id='word_1_52' title='bbox 89 809 164 872; x_wconf 86' lang='lat' dir='ltr'>fieus</span> <span class='ocrx_word' id='word_1_53' title='bbox 182 809 339 895; x_wconf 87' lang='lat' dir='ltr'>princeps,</span> <span class='ocrx_word' id='word_1_54' title='bbox 369 809 433 874; x_wconf 89' lang='lat' dir='ltr'>sive</span> <span class='ocrx_word' id='word_1_55' title='bbox 454 807 574 874; x_wconf 90' lang='lat' dir='ltr'>Stoicae</span> <span class='ocrx_word' id='word_1_56' title='bbox 592 821 709 888; x_wconf 87' lang='lat' dir='ltr'>sactae,</span> <span class='ocrx_word' id='word_1_57' title='bbox 742 809 826 874; x_wconf 89' lang='lat' dir='ltr'>Zeno</span> <span class='ocrx_word' id='word_1_58' title='bbox 845 811 914 890; x_wconf 92' lang='lat' dir='ltr'>fuit,</span> <span class='ocrx_word' id='word_1_59' title='bbox 945 812 980 874; x_wconf 89' lang='lat' dir='ltr'>de</span> <span class='ocrx_word' id='word_1_60' title='bbox 1000 833 1057 896; x_wconf 93' lang='lat' dir='ltr'>quo</span> <span class='ocrx_word' id='word_1_61' title='bbox 1075 811 1173 876; x_wconf 86' lang='lat' dir='ltr'>varius</span> <span class='ocrx_word' id='word_1_62' title='bbox 1194 821 1242 876; x_wconf 91' lang='lat' dir='ltr'>est</span> 
     </span>
     <span class='ocr_line' id='line_1_8' title="bbox 87 908 1242 998; baseline 0.003 -24"><span class='ocrx_word' id='word_1_63' title='bbox 87 931 197 974; x_wconf 87' lang='lat' dir='ltr'>sermo.</span> <span class='ocrx_word' id='word_1_64' title='bbox 243 909 324 975; x_wconf 89' lang='lat' dir='ltr'>Nam</span> <span class='ocrx_word' id='word_1_65' title='bbox 342 909 391 974; x_wconf 86' lang='lat' dir='ltr'>alii</span> <span class='ocrx_word' id='word_1_66' title='bbox 408 908 559 975; x_wconf 79' lang='lat' dir='ltr'>Cleanthis</span> <span class='ocrx_word' id='word_1_67' title='bbox 577 912 725 976; x_wconf 90' lang='lat' dir='ltr'>cuiusdam</span> <span class='ocrx_word' id='word_1_68' title='bbox 741 909 827 997; x_wconf 77' lang='lat' dir='ltr'>&#39;l&#39;yrii</span> <span class='ocrx_word' id='word_1_69' title='bbox 844 912 930 976; x_wconf 85' lang='lat' dir='ltr'>lilium</span> <span class='ocrx_word' id='word_1_70' title='bbox 950 912 1042 976; x_wconf 90' lang='lat' dir='ltr'>fuisse</span> <span class='ocrx_word' id='word_1_71' title='bbox 1057 924 1169 998; x_wconf 88' lang='lat' dir='ltr'>putant,</span> <span class='ocrx_word' id='word_1_72' title='bbox 1192 913 1242 978; x_wconf 89' lang='lat' dir='ltr'>alii</span> 
     </span>
     <span class='ocr_line' id='line_1_9' title="bbox 91 1008 1244 1098; baseline 0.003 -21"><span class='ocrx_word' id='word_1_73' title='bbox 91 1009 269 1077; x_wconf 84' lang='lat' dir='ltr'>Cittiensem</span> <span class='ocrx_word' id='word_1_74' title='bbox 288 1014 397 1076; x_wconf 83' lang='lat' dir='ltr'>faciunt</span> <span class='ocrx_word' id='word_1_75' title='bbox 415 1032 455 1076; x_wconf 86' lang='lat' dir='ltr'>ex</span> <span class='ocrx_word' id='word_1_76' title='bbox 470 1013 567 1076; x_wconf 89' lang='lat' dir='ltr'>insula</span> <span class='ocrx_word' id='word_1_77' title='bbox 582 1008 701 1098; x_wconf 66' lang='lat' dir='ltr'>Cypro,</span> <span class='ocrx_word' id='word_1_78' title='bbox 725 1034 809 1098; x_wconf 89' lang='lat' dir='ltr'>quem</span> <span class='ocrx_word' id='word_1_79' title='bbox 829 1023 860 1076; x_wconf 88' lang='lat' dir='ltr'>et</span> <span class='ocrx_word' id='word_1_80' title='bbox 876 1011 991 1077; x_wconf 79' lang='lat' dir='ltr'>Romae</span> <span class='ocrx_word' id='word_1_81' title='bbox 1008 1015 1182 1098; x_wconf 88' lang='lat' dir='ltr'>aliquamdiu</span> <span class='ocrx_word' id='word_1_82' title='bbox 1198 1015 1244 1080; x_wconf 85' lang='lat' dir='ltr'>vi·</span> 
     </span>
     <span class='ocr_line' id='line_1_10' title="bbox 86 1112 1239 1201; baseline 0.002 -23"><span class='ocrx_word' id='word_1_83' title='bbox 86 1115 173 1178; x_wconf 77' lang='lat' dir='ltr'>uisse</span> <span class='ocrx_word' id='word_1_84' title='bbox 187 1123 329 1193; x_wconf 85' lang='lat' dir='ltr'>narrant,</span> <span class='ocrx_word' id='word_1_85' title='bbox 352 1113 477 1198; x_wconf 86' lang='lat' dir='ltr'>indeque</span> <span class='ocrx_word' id='word_1_86' title='bbox 494 1112 628 1177; x_wconf 78' lang='lat' dir='ltr'>Athenas</span> <span class='ocrx_word' id='word_1_87' title='bbox 645 1115 806 1199; x_wconf 88' lang='lat' dir='ltr'>profectum</span> <span class='ocrx_word' id='word_1_88' title='bbox 822 1114 852 1178; x_wconf 88' lang='lat' dir='ltr'>in</span> <span class='ocrx_word' id='word_1_89' title='bbox 868 1112 959 1196; x_wconf 88' lang='lat' dir='ltr'>Stoa,</span> <span class='ocrx_word' id='word_1_90' title='bbox 984 1115 1038 1178; x_wconf 92' lang='lat' dir='ltr'>hoc</span> <span class='ocrx_word' id='word_1_91' title='bbox 1055 1127 1100 1179; x_wconf 89' lang='lat' dir='ltr'>est</span> <span class='ocrx_word' id='word_1_92' title='bbox 1114 1116 1239 1201; x_wconf 87' lang='lat' dir='ltr'>porticu,</span> 
     </span>
     <span class='ocr_line' id='line_1_11' title="bbox 86 1207 1370 1302; baseline 0.002 -22"><span class='ocrx_word' id='word_1_93' title='bbox 86 1216 226 1300; x_wconf 76' lang='lat' dir='ltr'>dogmata</span> <span class='ocrx_word' id='word_1_94' title='bbox 241 1217 291 1280; x_wconf 85' lang='lat' dir='ltr'>illa</span> <span class='ocrx_word' id='word_1_95' title='bbox 309 1215 422 1301; x_wconf 90' lang='lat' dir='ltr'>publice</span> <span class='ocrx_word' id='word_1_96' title='bbox 439 1214 638 1301; x_wconf 83' lang='lat' dir='ltr'>proposuisse.</span> <span class='ocrx_word' id='word_1_97' title='bbox 677 1213 747 1279; x_wconf 90' lang='lat' dir='ltr'>Nou</span> <span class='ocrx_word' id='word_1_98' title='bbox 767 1218 872 1280; x_wconf 83' lang='lat' dir='ltr'>desunt</span> <span class='ocrx_word' id='word_1_99' title='bbox 886 1217 935 1302; x_wconf 92' lang='lat' dir='ltr'>qui</span> <span class='ocrx_word' id='word_1_100' title='bbox 951 1217 1024 1280; x_wconf 89' lang='lat' dir='ltr'>duos</span> <span class='ocrx_word' id='word_1_101' title='bbox 1042 1215 1182 1282; x_wconf 86' lang='lat' dir='ltr'>Zenones</span> <span class='ocrx_word' id='word_1_102' title='bbox 1199 1217 1242 1283; x_wconf 93' lang='lat' dir='ltr'>di·</span> <span class='ocrx_word' id='word_1_103' title='bbox 1367 1207 1370 1214; x_wconf 44' lang='lat'><strong><em>⁴</em></strong></span> 
     </span>
     <span class='ocr_line' id='line_1_12' title="bbox 85 1315 1240 1404; baseline 0.004 -24"><span class='ocrx_word' id='word_1_104' title='bbox 85 1318 257 1400; x_wconf 78' lang='lat' dir='ltr'>elinguem,</span> <span class='ocrx_word' id='word_1_105' title='bbox 282 1315 419 1395; x_wconf 83' lang='lat' dir='ltr'>Eleatem,</span> <span class='ocrx_word' id='word_1_106' title='bbox 444 1326 475 1379; x_wconf 90' lang='lat' dir='ltr'>et</span> <span class='ocrx_word' id='word_1_107' title='bbox 491 1337 556 1380; x_wconf 91' lang='lat' dir='ltr'>eum</span> <span class='ocrx_word' id='word_1_108' title='bbox 574 1317 609 1381; x_wconf 89' lang='lat' dir='ltr'>de</span> <span class='ocrx_word' id='word_1_109' title='bbox 627 1339 684 1401; x_wconf 91' lang='lat' dir='ltr'>quo</span> <span class='ocrx_word' id='word_1_110' title='bbox 701 1319 835 1403; x_wconf 83' lang='lat' dir='ltr'>proxime</span> <span class='ocrx_word' id='word_1_111' title='bbox 853 1317 958 1382; x_wconf 87' lang='lat' dir='ltr'>dictum</span> <span class='ocrx_word' id='word_1_112' title='bbox 976 1327 1032 1382; x_wconf 85' lang='lat' dir='ltr'>eat.</span> <span class='ocrx_word' id='word_1_113' title='bbox 1076 1315 1240 1404; x_wconf 88' lang='lat' dir='ltr'>Utcumque</span> 
     </span>
     <span class='ocr_line' id='line_1_13' title="bbox 84 1416 1241 1504; baseline 0.003 -22"><span class='ocrx_word' id='word_1_114' title='bbox 84 1419 141 1497; x_wconf 87' lang='lat' dir='ltr'>sit,</span> <span class='ocrx_word' id='word_1_115' title='bbox 179 1419 282 1482; x_wconf 89' lang='lat' dir='ltr'>eadem</span> <span class='ocrx_word' id='word_1_116' title='bbox 306 1419 343 1482; x_wconf 89' lang='lat' dir='ltr'>ah</span> <span class='ocrx_word' id='word_1_117' title='bbox 366 1416 517 1502; x_wconf 85' lang='lat' dir='ltr'>utriusque</span> <span class='ocrx_word' id='word_1_118' title='bbox 540 1418 657 1482; x_wconf 86' lang='lat' dir='ltr'>decreta</span> <span class='ocrx_word' id='word_1_119' title='bbox 682 1419 894 1503; x_wconf 84' lang='lat' dir='ltr'>prolluxerunt.</span> <span class='ocrx_word' id='word_1_120' title='bbox 938 1416 1123 1504; x_wconf 87' lang='lat' dir='ltr'>Proindeque</span> <span class='ocrx_word' id='word_1_121' title='bbox 1150 1431 1241 1486; x_wconf 71' lang='lat' dir='ltr'>mew-</span> 
     </span>
     <span class='ocr_line' id='line_1_14' title="bbox 77 1519 1241 1605; baseline 0.003 -21"><span class='ocrx_word' id='word_1_122' title='bbox 77 1523 162 1584; x_wconf 80' lang='lat' dir='ltr'>riam</span> <span class='ocrx_word' id='word_1_123' title='bbox 181 1520 331 1604; x_wconf 88' lang='lat' dir='ltr'>aequalem</span> <span class='ocrx_word' id='word_1_124' title='bbox 350 1520 405 1584; x_wconf 92' lang='lat' dir='ltr'>deo</span> <span class='ocrx_word' id='word_1_125' title='bbox 425 1520 494 1584; x_wconf 85' lang='lat' dir='ltr'>fauit</span> <span class='ocrx_word' id='word_1_126' title='bbox 513 1520 588 1583; x_wconf 91' lang='lat' dir='ltr'>alter</span> <span class='ocrx_word' id='word_1_127' title='bbox 608 1519 676 1598; x_wconf 90' lang='lat' dir='ltr'>ille,</span> <span class='ocrx_word' id='word_1_128' title='bbox 708 1519 946 1605; x_wconf 87' lang='lat' dir='ltr'>quemadmodum</span> <span class='ocrx_word' id='word_1_129' title='bbox 969 1532 999 1584; x_wconf 89' lang='lat' dir='ltr'>et</span> <span class='ocrx_word' id='word_1_130' title='bbox 1015 1521 1154 1585; x_wconf 84' lang='lat' dir='ltr'>haereses</span> <span class='ocrx_word' id='word_1_131' title='bbox 1172 1523 1241 1587; x_wconf 90' lang='lat' dir='ltr'>reli·</span> 
     </span>
     <span class='ocr_line' id='line_1_15' title="bbox 84 1621 1240 1707; baseline 0.002 -21"><span class='ocrx_word' id='word_1_132' title='bbox 84 1643 180 1707; x_wconf 88' lang='lat' dir='ltr'>quae.</span> <span class='ocrx_word' id='word_1_133' title='bbox 226 1621 303 1686; x_wconf 84' lang='lat' dir='ltr'>Tum</span> <span class='ocrx_word' id='word_1_134' title='bbox 322 1642 395 1686; x_wconf 88' lang='lat' dir='ltr'>vero</span> <span class='ocrx_word' id='word_1_135' title='bbox 412 1621 462 1684; x_wconf 87' lang='lat' dir='ltr'>fati</span> <span class='ocrx_word' id='word_1_136' title='bbox 478 1630 565 1705; x_wconf 87' lang='lat' dir='ltr'>atque</span> <span class='ocrx_word' id='word_1_137' title='bbox 579 1621 702 1706; x_wconf 80' lang='lat' dir='ltr'>originis</span> <span class='ocrx_word' id='word_1_138' title='bbox 716 1622 921 1686; x_wconf 87' lang='lat' dir='ltr'>necessitatem</span> <span class='ocrx_word' id='word_1_139' title='bbox 937 1623 1077 1703; x_wconf 89' lang='lat' dir='ltr'>adstruit,</span> <span class='ocrx_word' id='word_1_140' title='bbox 1100 1623 1183 1688; x_wconf 88' lang='lat' dir='ltr'>euius</span> <span class='ocrx_word' id='word_1_141' title='bbox 1197 1625 1240 1688; x_wconf 90' lang='lat' dir='ltr'>le·</span> 
     </span>
     <span class='ocr_line' id='line_1_16' title="bbox 84 1721 1240 1811; baseline 0.003 -24"><span class='ocrx_word' id='word_1_142' title='bbox 84 1725 177 1808; x_wconf 77' lang='lat' dir='ltr'>giltas</span> <span class='ocrx_word' id='word_1_143' title='bbox 192 1734 392 1808; x_wconf 88' lang='lat' dir='ltr'>temperentur</span> <span class='ocrx_word' id='word_1_144' title='bbox 406 1733 437 1786; x_wconf 89' lang='lat' dir='ltr'>et</span> <span class='ocrx_word' id='word_1_145' title='bbox 450 1722 614 1786; x_wconf 84' lang='lat' dir='ltr'>afficiantur</span> <span class='ocrx_word' id='word_1_146' title='bbox 629 1724 779 1788; x_wconf 89' lang='lat' dir='ltr'>universa.</span> <span class='ocrx_word' id='word_1_147' title='bbox 824 1721 918 1808; x_wconf 86' lang='lat' dir='ltr'>lgitur</span> <span class='ocrx_word' id='word_1_148' title='bbox 931 1744 1129 1809; x_wconf 87' lang='lat' dir='ltr'>quaecumque</span> <span class='ocrx_word' id='word_1_149' title='bbox 1142 1727 1240 1811; x_wconf 90' lang='lat' dir='ltr'>operis</span> 
     </span>
     <span class='ocr_line' id='line_1_17' title="bbox 83 1823 1241 1910; baseline -0.002 -18"><span class='ocrx_word' id='word_1_150' title='bbox 83 1825 218 1892; x_wconf 85' lang='lat' dir='ltr'>instituti</span> <span class='ocrx_word' id='word_1_151' title='bbox 241 1825 369 1888; x_wconf 78' lang='lat' dir='ltr'>brevitas</span> <span class='ocrx_word' id='word_1_152' title='bbox 390 1835 492 1888; x_wconf 88' lang='lat' dir='ltr'>eontra</span> <span class='ocrx_word' id='word_1_153' title='bbox 514 1823 591 1888; x_wconf 90' lang='lat' dir='ltr'>illius</span> <span class='ocrx_word' id='word_1_154' title='bbox 615 1825 772 1909; x_wconf 88' lang='lat' dir='ltr'>nequitiam</span> <span class='ocrx_word' id='word_1_155' title='bbox 792 1825 932 1909; x_wconf 86' lang='lat' dir='ltr'>disputari</span> <span class='ocrx_word' id='word_1_156' title='bbox 951 1827 1076 1910; x_wconf 88' lang='lat' dir='ltr'>patitur,</span> <span class='ocrx_word' id='word_1_157' title='bbox 1106 1848 1141 1891; x_wconf 86' lang='lat' dir='ltr'>ue</span> <span class='ocrx_word' id='word_1_158' title='bbox 1159 1828 1241 1892; x_wconf 85' lang='lat' dir='ltr'>velut</span> 
     </span>
     <span class='ocr_line' id='line_1_18' title="bbox 85 1925 1283 2011; baseline 0.001 -19"><span class='ocrx_word' id='word_1_159' title='bbox 85 1927 240 1992; x_wconf 83' lang='lat' dir='ltr'>auxiliare</span> <span class='ocrx_word' id='word_1_160' title='bbox 254 1927 494 1990; x_wconf 86' lang='lat' dir='ltr'>medicamentum</span> <span class='ocrx_word' id='word_1_161' title='bbox 512 1925 628 2010; x_wconf 87' lang='lat' dir='ltr'>parari,</span> <span class='ocrx_word' id='word_1_162' title='bbox 652 1928 704 1990; x_wconf 89' lang='lat' dir='ltr'>sed</span> <span class='ocrx_word' id='word_1_163' title='bbox 719 1926 760 1990; x_wconf 87' lang='lat' dir='ltr'>ita</span> <span class='ocrx_word' id='word_1_164' title='bbox 777 1947 958 2011; x_wconf 87' lang='lat' dir='ltr'>nequaquam</span> <span class='ocrx_word' id='word_1_165' title='bbox 976 1939 1007 1991; x_wconf 91' lang='lat' dir='ltr'>ut</span> <span class='ocrx_word' id='word_1_166' title='bbox 1021 1927 1051 1992; x_wconf 92' lang='lat' dir='ltr'>in</span> <span class='ocrx_word' id='word_1_167' title='bbox 1069 1929 1239 1993; x_wconf 86' lang='lat' dir='ltr'>immensam</span> <span class='ocrx_word' id='word_1_168' title='bbox 1280 1955 1283 1968; x_wconf 93' lang='lat'><em>·</em></span> 
     </span>
     <span class='ocr_line' id='line_1_19' title="bbox 85 2027 1240 2114; baseline -0.002 -20"><span class='ocrx_word' id='word_1_169' title='bbox 85 2031 200 2096; x_wconf 88' lang='lat' dir='ltr'>molem</span> <span class='ocrx_word' id='word_1_170' title='bbox 223 2027 291 2092; x_wconf 91' lang='lat' dir='ltr'>illud</span> <span class='ocrx_word' id='word_1_171' title='bbox 310 2031 404 2114; x_wconf 90' lang='lat' dir='ltr'>ipsum</span> <span class='ocrx_word' id='word_1_172' title='bbox 427 2047 501 2112; x_wconf 89' lang='lat' dir='ltr'>opus</span> <span class='ocrx_word' id='word_1_173' title='bbox 522 2038 695 2108; x_wconf 83' lang='lat' dir='ltr'>excrescat,</span> <span class='ocrx_word' id='word_1_174' title='bbox 724 2028 813 2106; x_wconf 90' lang='lat' dir='ltr'>haec,</span> <span class='ocrx_word' id='word_1_175' title='bbox 839 2028 971 2112; x_wconf 87' lang='lat' dir='ltr'>iuquam,</span> <span class='ocrx_word' id='word_1_176' title='bbox 995 2030 1178 2108; x_wconf 85' lang='lat' dir='ltr'>summatim,</span> <span class='ocrx_word' id='word_1_177' title='bbox 1203 2050 1240 2094; x_wconf 91' lang='lat' dir='ltr'>ne</span> 
     </span>
     <span class='ocr_line' id='line_1_20' title="bbox 85 2129 1238 2218; baseline -0.001 -22"><span class='ocrx_word' id='word_1_178' title='bbox 85 2129 326 2218; x_wconf 87' lang='lat' dir='ltr'>praetermisisse</span> <span class='ocrx_word' id='word_1_179' title='bbox 348 2130 467 2209; x_wconf 88' lang='lat' dir='ltr'>videar,</span> <span class='ocrx_word' id='word_1_180' title='bbox 493 2129 635 2194; x_wconf 83' lang='lat' dir='ltr'>adversus</span> <span class='ocrx_word' id='word_1_181' title='bbox 656 2130 735 2193; x_wconf 89' lang='lat' dir='ltr'>illum</span> <span class='ocrx_word' id='word_1_182' title='bbox 758 2129 910 2207; x_wconf 88' lang='lat' dir='ltr'>ohiieiam,</span> <span class='ocrx_word' id='word_1_183' title='bbox 935 2130 1031 2213; x_wconf 88' lang='lat' dir='ltr'>itaque</span> <span class='ocrx_word' id='word_1_184' title='bbox 1053 2133 1238 2196; x_wconf 82' lang='lat' dir='ltr'>conveniam.</span> 
     </span>
     <span class='ocr_line' id='line_1_21' title="bbox 176 2229 1408 2316; baseline 0 -20"><span class='ocrx_word' id='word_1_185' title='bbox 176 2230 261 2297; x_wconf 85' lang='lat' dir='ltr'>Heus</span> <span class='ocrx_word' id='word_1_186' title='bbox 283 2233 330 2296; x_wconf 90' lang='lat' dir='ltr'>tul</span> <span class='ocrx_word' id='word_1_187' title='bbox 354 2233 483 2316; x_wconf 89' lang='lat' dir='ltr'>iuquam.</span> <span class='ocrx_word' id='word_1_188' title='bbox 527 2230 625 2296; x_wconf 85' lang='lat' dir='ltr'>Potiu&#39;</span> <span class='ocrx_word' id='word_1_189' title='bbox 648 2233 744 2316; x_wconf 88' lang='lat' dir='ltr'>eloqui</span> <span class='ocrx_word' id='word_1_190' title='bbox 764 2253 782 2296; x_wconf 87' lang='lat' dir='ltr'>a</span> <span class='ocrx_word' id='word_1_191' title='bbox 804 2253 860 2316; x_wconf 93' lang='lat' dir='ltr'>quo</span> <span class='ocrx_word' id='word_1_192' title='bbox 881 2229 1040 2296; x_wconf 82' lang='lat' dir='ltr'>doctrinam</span> <span class='ocrx_word' id='word_1_193' title='bbox 1059 2232 1134 2296; x_wconf 85' lang='lat' dir='ltr'>hanc</span> <span class='ocrx_word' id='word_1_194' title='bbox 1155 2253 1241 2296; x_wconf 90' lang='lat' dir='ltr'>acee-</span> <span class='ocrx_word' id='word_1_195' title='bbox 1260 2233 1318 2304; x_wconf 68' lang='grc' dir='ltr'>θεν·</span> <span class='ocrx_word' id='word_1_196' title='bbox 1334 2236 1366 2288; x_wconf 83' lang='lat'>¹1·</span> <span class='ocrx_word' id='word_1_197' title='bbox 1405 2311 1408 2316; x_wconf 24' lang='grc' dir='ltr'>Ι</span> 
     </span>
    </p>

    <p class='ocr_par' dir='ltr' id='par_1_3' title="bbox 79 2334 1242 3941">
     <span class='ocr_line' id='line_1_22' title="bbox 81 2334 1241 2423; baseline -0.003 -21"><span class='ocrx_word' id='word_1_198' title='bbox 81 2335 192 2423; x_wconf 73' lang='lat' dir='ltr'>peris?</span> <span class='ocrx_word' id='word_1_199' title='bbox 222 2343 272 2398; x_wconf 87' lang='lat' dir='ltr'>aut</span> <span class='ocrx_word' id='word_1_200' title='bbox 296 2334 360 2419; x_wconf 85' lang='lat' dir='ltr'>quis</span> <span class='ocrx_word' id='word_1_201' title='bbox 382 2336 494 2398; x_wconf 88' lang='lat' dir='ltr'>demum</span> <span class='ocrx_word' id='word_1_202' title='bbox 519 2334 639 2418; x_wconf 88' lang='lat' dir='ltr'>spiritus</span> <span class='ocrx_word' id='word_1_203' title='bbox 662 2345 781 2397; x_wconf 87' lang='lat' dir='ltr'>sanetus</span> <span class='ocrx_word' id='word_1_204' title='bbox 805 2344 899 2397; x_wconf 89' lang='lat' dir='ltr'>tecam</span> <span class='ocrx_word' id='word_1_205' title='bbox 924 2335 960 2397; x_wconf 93' lang='lat' dir='ltr'>de</span> <span class='ocrx_word' id='word_1_206' title='bbox 985 2334 1040 2397; x_wconf 86' lang='lat' dir='ltr'>hoe</span> <span class='ocrx_word' id='word_1_207' title='bbox 1066 2344 1115 2398; x_wconf 91' lang='lat' dir='ltr'>tuo</span> <span class='ocrx_word' id='word_1_208' title='bbox 1137 2354 1241 2398; x_wconf 84' lang='lat' dir='ltr'>errore</span> 
     </span>
     <span class='ocr_line' id='line_1_23' title="bbox 82 2434 1242 2521; baseline -0.005 -17"><span class='ocrx_word' id='word_1_209' title='bbox 82 2439 125 2504; x_wconf 87' lang='lat' dir='ltr'>sit</span> <span class='ocrx_word' id='word_1_210' title='bbox 145 2437 286 2502; x_wconf 77' lang='lat' dir='ltr'>loeutus?</span> <span class='ocrx_word' id='word_1_211' title='bbox 328 2434 395 2499; x_wconf 85' lang='lat' dir='ltr'>Duo</span> <span class='ocrx_word' id='word_1_212' title='bbox 412 2435 515 2521; x_wconf 92' lang='lat' dir='ltr'>qnippe</span> <span class='ocrx_word' id='word_1_213' title='bbox 532 2435 618 2500; x_wconf 88' lang='lat' dir='ltr'>simul</span> <span class='ocrx_word' id='word_1_214' title='bbox 634 2435 765 2518; x_wconf 88' lang='lat' dir='ltr'>aequalia</span> <span class='ocrx_word' id='word_1_215' title='bbox 783 2447 928 2521; x_wconf 88' lang='lat' dir='ltr'>tempore,</span> <span class='ocrx_word' id='word_1_216' title='bbox 960 2435 1112 2499; x_wconf 90' lang='lat' dir='ltr'>materiam</span> <span class='ocrx_word' id='word_1_217' title='bbox 1129 2435 1242 2499; x_wconf 89' lang='lat' dir='ltr'>scilicet</span> 
     </span>
     <span class='ocr_line' id='line_1_24' title="bbox 81 2535 1242 2621; baseline -0.003 -17"><span class='ocrx_word' id='word_1_218' title='bbox 81 2563 120 2604; x_wconf 85' lang='lat' dir='ltr'>ne</span> <span class='ocrx_word' id='word_1_219' title='bbox 136 2541 230 2603; x_wconf 88' lang='lat' dir='ltr'>deum</span> <span class='ocrx_word' id='word_1_220' title='bbox 245 2536 389 2601; x_wconf 88' lang='lat' dir='ltr'>violenter</span> <span class='ocrx_word' id='word_1_221' title='bbox 405 2537 547 2600; x_wconf 87' lang='lat' dir='ltr'>obtrudis.</span> <span class='ocrx_word' id='word_1_222' title='bbox 593 2535 712 2600; x_wconf 85' lang='lat' dir='ltr'>Excidit</span> <span class='ocrx_word' id='word_1_223' title='bbox 726 2535 815 2621; x_wconf 81' lang='lat' dir='ltr'>igitur</span> <span class='ocrx_word' id='word_1_224' title='bbox 831 2548 880 2600; x_wconf 88' lang='lat' dir='ltr'>tua</span> <span class='ocrx_word' id='word_1_225' title='bbox 894 2537 940 2600; x_wconf 88' lang='lat' dir='ltr'>illa</span> <span class='ocrx_word' id='word_1_226' title='bbox 957 2539 1042 2616; x_wconf 86' lang='lat' dir='ltr'>ratio,</span> <span class='ocrx_word' id='word_1_227' title='bbox 1066 2537 1242 2621; x_wconf 89' lang='lat' dir='ltr'>minimeque</span> 
     </span>
     <span class='ocr_line' id='line_1_25' title="bbox 81 2637 1242 2724; baseline -0.005 -18"><span class='ocrx_word' id='word_1_228' title='bbox 81 2643 235 2706; x_wconf 83' lang='lat' dir='ltr'>cohaeret</span> <span class='ocrx_word' id='word_1_229' title='bbox 257 2638 318 2722; x_wconf 89' lang='lat' dir='ltr'>ipsa</span> <span class='ocrx_word' id='word_1_230' title='bbox 339 2659 456 2718; x_wconf 87' lang='lat' dir='ltr'>seeum,</span> <span class='ocrx_word' id='word_1_231' title='bbox 489 2660 554 2702; x_wconf 86' lang='lat' dir='ltr'>eum</span> <span class='ocrx_word' id='word_1_232' title='bbox 578 2648 608 2702; x_wconf 89' lang='lat' dir='ltr'>tu</span> <span class='ocrx_word' id='word_1_233' title='bbox 631 2648 661 2700; x_wconf 92' lang='lat' dir='ltr'>et</span> <span class='ocrx_word' id='word_1_234' title='bbox 683 2637 812 2724; x_wconf 81' lang='lat' dir='ltr'>opificem</span> <span class='ocrx_word' id='word_1_235' title='bbox 831 2639 973 2722; x_wconf 88' lang='lat' dir='ltr'>quendam</span> <span class='ocrx_word' id='word_1_236' title='bbox 993 2639 1120 2702; x_wconf 90' lang='lat' dir='ltr'>omniurn</span> <span class='ocrx_word' id='word_1_237' title='bbox 1142 2659 1242 2701; x_wconf 89' lang='lat' dir='ltr'>rerum</span> 
     </span>
     <span class='ocr_line' id='line_1_26' title="bbox 81 2737 1241 2832; baseline -0.004 -25"><span class='ocrx_word' id='word_1_238' title='bbox 81 2763 157 2807; x_wconf 82' lang='lat' dir='ltr'>esee</span> <span class='ocrx_word' id='word_1_239' title='bbox 182 2741 307 2817; x_wconf 77' lang='lat' dir='ltr'>fateare,</span> <span class='ocrx_word' id='word_1_240' title='bbox 332 2759 417 2823; x_wconf 87' lang='lat' dir='ltr'>quem</span> <span class='ocrx_word' id='word_1_241' title='bbox 432 2739 520 2832; x_wconf 78' lang='lat' dir='ltr'>etiam</span> <span class='ocrx_word' id='word_1_242' title='bbox 537 2739 763 2824; x_wconf 87' lang='lat' dir='ltr'>omnipotentem</span> <span class='ocrx_word' id='word_1_243' title='bbox 779 2741 901 2818; x_wconf 87' lang='lat' dir='ltr'>asseris,</span> <span class='ocrx_word' id='word_1_244' title='bbox 924 2753 955 2804; x_wconf 88' lang='lat' dir='ltr'>et</span> <span class='ocrx_word' id='word_1_245' title='bbox 967 2740 997 2804; x_wconf 90' lang='lat' dir='ltr'>in</span> <span class='ocrx_word' id='word_1_246' title='bbox 1014 2761 1051 2804; x_wconf 94' lang='lat' dir='ltr'>eo</span> <span class='ocrx_word' id='word_1_247' title='bbox 1065 2751 1161 2804; x_wconf 89' lang='lat' dir='ltr'>tameo</span> <span class='ocrx_word' id='word_1_248' title='bbox 1177 2737 1241 2824; x_wconf 89' lang='lat' dir='ltr'>ipso</span> 
     </span>
     <span class='ocr_line' id='line_1_27' title="bbox 83 2837 1242 2919; baseline -0.005 -11"><span class='ocrx_word' id='word_1_249' title='bbox 83 2841 278 2908; x_wconf 82' lang='lat' dir='ltr'>divinitatum</span> <span class='ocrx_word' id='word_1_250' title='bbox 297 2841 420 2905; x_wconf 86' lang='lat' dir='ltr'>divortia</span> <span class='ocrx_word' id='word_1_251' title='bbox 438 2841 611 2904; x_wconf 78' lang='lat' dir='ltr'>corastiluas.</span> <span class='ocrx_word' id='word_1_252' title='bbox 658 2837 817 2905; x_wconf 87' lang='lat' dir='ltr'>Cuiusnam</span> <span class='ocrx_word' id='word_1_253' title='bbox 835 2862 908 2905; x_wconf 88' lang='lat' dir='ltr'>vero</span> <span class='ocrx_word' id='word_1_254' title='bbox 923 2843 1029 2906; x_wconf 81' lang='lat' dir='ltr'>artilex</span> <span class='ocrx_word' id='word_1_255' title='bbox 1047 2841 1103 2904; x_wconf 92' lang='lat' dir='ltr'>erit</span> <span class='ocrx_word' id='word_1_256' title='bbox 1117 2841 1185 2919; x_wconf 91' lang='lat' dir='ltr'>ille,</span> <span class='ocrx_word' id='word_1_257' title='bbox 1215 2840 1242 2903; x_wconf 86' lang='lat' dir='ltr'>si</span> 
     </span>
     <span class='ocr_line' id='line_1_28' title="bbox 81 2941 1242 3030; baseline -0.005 -20"><span class='ocrx_word' id='word_1_258' title='bbox 81 2943 224 3030; x_wconf 83' lang='lat' dir='ltr'>aequalis</span> <span class='ocrx_word' id='word_1_259' title='bbox 243 2953 371 3027; x_wconf 89' lang='lat' dir='ltr'>tempore</span> <span class='ocrx_word' id='word_1_260' title='bbox 388 2943 509 3006; x_wconf 87' lang='lat' dir='ltr'>materia</span> <span class='ocrx_word' id='word_1_261' title='bbox 529 2942 664 3026; x_wconf 82' lang='lat' dir='ltr'>ponitur?</span> <span class='ocrx_word' id='word_1_262' title='bbox 706 2941 771 3006; x_wconf 81' lang='lat' dir='ltr'>Erit</span> <span class='ocrx_word' id='word_1_263' title='bbox 794 2943 871 3007; x_wconf 91' lang='lat' dir='ltr'>enim</span> <span class='ocrx_word' id='word_1_264' title='bbox 893 2963 946 3028; x_wconf 90' lang='lat' dir='ltr'>per·</span> <span class='ocrx_word' id='word_1_265' title='bbox 966 2964 1034 3006; x_wconf 88' lang='lat' dir='ltr'>sese</span> <span class='ocrx_word' id='word_1_266' title='bbox 1055 2941 1162 3006; x_wconf 88' lang='lat' dir='ltr'>suimet</span> <span class='ocrx_word' id='word_1_267' title='bbox 1179 2943 1242 3026; x_wconf 93' lang='lat' dir='ltr'>ipsu</span> 
     </span>
     <span class='ocr_line' id='line_1_29' title="bbox 79 3043 1241 3130; baseline -0.003 -18"><span class='ocrx_word' id='word_1_268' title='bbox 79 3047 185 3122; x_wconf 84' lang='lat' dir='ltr'>iuris,</span> <span class='ocrx_word' id='word_1_269' title='bbox 217 3053 316 3129; x_wconf 89' lang='lat' dir='ltr'>utpote</span> <span class='ocrx_word' id='word_1_270' title='bbox 337 3065 412 3129; x_wconf 91' lang='lat' dir='ltr'>quae</span> <span class='ocrx_word' id='word_1_271' title='bbox 434 3065 451 3106; x_wconf 93' lang='lat' dir='ltr'>a</span> <span class='ocrx_word' id='word_1_272' title='bbox 473 3044 551 3108; x_wconf 92' lang='lat' dir='ltr'>nullo</span> <span class='ocrx_word' id='word_1_273' title='bbox 572 3043 611 3108; x_wconf 89' lang='lat' dir='ltr'>sit</span> <span class='ocrx_word' id='word_1_274' title='bbox 632 3043 753 3128; x_wconf 84' lang='lat' dir='ltr'>originis</span> <span class='ocrx_word' id='word_1_275' title='bbox 777 3045 916 3130; x_wconf 87' lang='lat' dir='ltr'>principio</span> <span class='ocrx_word' id='word_1_276' title='bbox 937 3046 1076 3124; x_wconf 86' lang='lat' dir='ltr'>deducta,</span> <span class='ocrx_word' id='word_1_277' title='bbox 1111 3044 1241 3128; x_wconf 89' lang='lat' dir='ltr'>adeoque</span> 
     </span>
     <span class='ocr_line' id='line_1_30' title="bbox 80 3142 1240 3232; baseline -0.005 -18"><span class='ocrx_word' id='word_1_278' title='bbox 80 3147 225 3214; x_wconf 80' lang='lat' dir='ltr'>subiecta</span> <span class='ocrx_word' id='word_1_279' title='bbox 242 3147 362 3210; x_wconf 87' lang='lat' dir='ltr'>nemini.</span> <span class='ocrx_word' id='word_1_280' title='bbox 407 3142 493 3228; x_wconf 82' lang='lat' dir='ltr'>Quod</span> <span class='ocrx_word' id='word_1_281' title='bbox 514 3146 539 3209; x_wconf 89' lang='lat' dir='ltr'>si</span> <span class='ocrx_word' id='word_1_282' title='bbox 557 3146 593 3210; x_wconf 89' lang='lat' dir='ltr'>ab</span> <span class='ocrx_word' id='word_1_283' title='bbox 614 3167 665 3224; x_wconf 89' lang='lat' dir='ltr'>ea,</span> <span class='ocrx_word' id='word_1_284' title='bbox 697 3147 857 3231; x_wconf 86' lang='lat' dir='ltr'>producere</span> <span class='ocrx_word' id='word_1_285' title='bbox 877 3157 908 3208; x_wconf 94' lang='lat' dir='ltr'>ut</span> <span class='ocrx_word' id='word_1_286' title='bbox 925 3159 1040 3231; x_wconf 90' lang='lat' dir='ltr'>posset,</span> <span class='ocrx_word' id='word_1_287' title='bbox 1072 3147 1171 3232; x_wconf 82' lang='lat' dir='ltr'>opifex</span> <span class='ocrx_word' id='word_1_288' title='bbox 1190 3145 1240 3230; x_wconf 91' lang='lat' dir='ltr'>qui</span> 
     </span>
     <span class='ocr_line' id='line_1_31' title="bbox 79 3247 1240 3332; baseline -0.004 -18"><span class='ocrx_word' id='word_1_289' title='bbox 79 3271 153 3315; x_wconf 86' lang='lat' dir='ltr'>eam</span> <span class='ocrx_word' id='word_1_290' title='bbox 175 3258 279 3312; x_wconf 85' lang='lat' dir='ltr'>nactus</span> <span class='ocrx_word' id='word_1_291' title='bbox 301 3257 347 3310; x_wconf 89' lang='lat' dir='ltr'>est</span> <span class='ocrx_word' id='word_1_292' title='bbox 363 3248 526 3332; x_wconf 82' lang='lat' dir='ltr'>acceperit,</span> <span class='ocrx_word' id='word_1_293' title='bbox 558 3248 695 3311; x_wconf 88' lang='lat' dir='ltr'>nonnulla</span> <span class='ocrx_word' id='word_1_294' title='bbox 717 3247 787 3310; x_wconf 88' lang='lat' dir='ltr'>haee</span> <span class='ocrx_word' id='word_1_295' title='bbox 806 3269 872 3311; x_wconf 87' lang='lat' dir='ltr'>esse</span> <span class='ocrx_word' id='word_1_296' title='bbox 890 3249 976 3313; x_wconf 87' lang='lat' dir='ltr'>dehet</span> <span class='ocrx_word' id='word_1_297' title='bbox 994 3249 1071 3312; x_wconf 89' lang='lat' dir='ltr'>illius</span> <span class='ocrx_word' id='word_1_298' title='bbox 1089 3247 1240 3312; x_wconf 89' lang='lat' dir='ltr'>imbecilli·</span> 
     </span>
     <span class='ocr_line' id='line_1_32' title="bbox 80 3347 1240 3434; baseline -0.004 -16"><span class='ocrx_word' id='word_1_299' title='bbox 80 3365 150 3433; x_wconf 82' lang='lat' dir='ltr'>tus,</span> <span class='ocrx_word' id='word_1_300' title='bbox 187 3370 223 3414; x_wconf 83' lang='lat' dir='ltr'>ae</span> <span class='ocrx_word' id='word_1_301' title='bbox 242 3350 321 3412; x_wconf 85' lang='lat' dir='ltr'>velut</span> <span class='ocrx_word' id='word_1_302' title='bbox 337 3347 434 3433; x_wconf 83' lang='lat' dir='ltr'>egenti</span> <span class='ocrx_word' id='word_1_303' title='bbox 451 3350 527 3412; x_wconf 88' lang='lat' dir='ltr'>facta</span> <span class='ocrx_word' id='word_1_304' title='bbox 543 3347 735 3427; x_wconf 69' lang='lat' dir='ltr'>corinthum,</span> <span class='ocrx_word' id='word_1_305' title='bbox 767 3349 901 3412; x_wconf 90' lang='lat' dir='ltr'>nimirum</span> <span class='ocrx_word' id='word_1_306' title='bbox 917 3349 966 3433; x_wconf 90' lang='lat' dir='ltr'>qui</span> <span class='ocrx_word' id='word_1_307' title='bbox 985 3371 1043 3413; x_wconf 90' lang='lat' dir='ltr'>non</span> <span class='ocrx_word' id='word_1_308' title='bbox 1058 3349 1179 3434; x_wconf 88' lang='lat' dir='ltr'>privatis</span> <span class='ocrx_word' id='word_1_309' title='bbox 1198 3369 1240 3413; x_wconf 82' lang='lat' dir='ltr'>ax</span> 
     </span>
     <span class='ocr_line' id='line_1_33' title="bbox 81 3449 1239 3540; baseline -0.004 -21"><span class='ocrx_word' id='word_1_310' title='bbox 81 3454 202 3540; x_wconf 82' lang='lat' dir='ltr'>copiis,</span> <span class='ocrx_word' id='word_1_311' title='bbox 231 3452 283 3515; x_wconf 88' lang='lat' dir='ltr'>sed</span> <span class='ocrx_word' id='word_1_312' title='bbox 306 3471 345 3514; x_wconf 86' lang='lat' dir='ltr'>ex</span> <span class='ocrx_word' id='word_1_313' title='bbox 365 3449 461 3514; x_wconf 89' lang='lat' dir='ltr'>aliena</span> <span class='ocrx_word' id='word_1_314' title='bbox 476 3451 598 3514; x_wconf 89' lang='lat' dir='ltr'>materia</span> <span class='ocrx_word' id='word_1_315' title='bbox 614 3470 699 3514; x_wconf 89' lang='lat' dir='ltr'>snum</span> <span class='ocrx_word' id='word_1_316' title='bbox 717 3471 789 3535; x_wconf 89' lang='lat' dir='ltr'>opus</span> <span class='ocrx_word' id='word_1_317' title='bbox 804 3451 993 3536; x_wconf 88' lang='lat' dir='ltr'>praestiterit.</span> <span class='ocrx_word' id='word_1_318' title='bbox 1038 3449 1100 3515; x_wconf 90' lang='lat' dir='ltr'>lam</span> <span class='ocrx_word' id='word_1_319' title='bbox 1117 3451 1186 3514; x_wconf 90' lang='lat' dir='ltr'>illud</span> <span class='ocrx_word' id='word_1_320' title='bbox 1203 3451 1239 3514; x_wconf 82' lang='lat' dir='ltr'>tle</span> 
     </span>
     <span class='ocr_line' id='line_1_34' title="bbox 81 3552 1239 3636; baseline -0.006 -15"><span class='ocrx_word' id='word_1_321' title='bbox 81 3557 253 3620; x_wconf 84' lang='lat' dir='ltr'>animarum</span> <span class='ocrx_word' id='word_1_322' title='bbox 269 3552 298 3616; x_wconf 91' lang='lat' dir='ltr'>iu</span> <span class='ocrx_word' id='word_1_323' title='bbox 312 3553 408 3616; x_wconf 90' lang='lat' dir='ltr'>aliena</span> <span class='ocrx_word' id='word_1_324' title='bbox 425 3571 548 3635; x_wconf 85' lang='lat' dir='ltr'>corpora</span> <span class='ocrx_word' id='word_1_325' title='bbox 566 3552 705 3632; x_wconf 90' lang='lat' dir='ltr'>transitu,</span> <span class='ocrx_word' id='word_1_326' title='bbox 729 3554 910 3636; x_wconf 89' lang='lat' dir='ltr'>quantumin</span> <span class='ocrx_word' id='word_1_327' title='bbox 927 3564 955 3616; x_wconf 91' lang='lat' dir='ltr'>te</span> <span class='ocrx_word' id='word_1_328' title='bbox 972 3554 1120 3618; x_wconf 85' lang='lat' dir='ltr'>levitatem</span> <span class='ocrx_word' id='word_1_329' title='bbox 1137 3553 1239 3636; x_wconf 87' lang='lat' dir='ltr'>depra-</span> 
     </span>
     <span class='ocr_line' id='line_1_35' title="bbox 81 3653 1238 3738; baseline -0.005 -17"><span class='ocrx_word' id='word_1_330' title='bbox 81 3670 177 3721; x_wconf 83' lang='lat' dir='ltr'>vatae</span> <span class='ocrx_word' id='word_1_331' title='bbox 202 3655 306 3718; x_wconf 88' lang='lat' dir='ltr'>meotis</span> <span class='ocrx_word' id='word_1_332' title='bbox 326 3654 441 3738; x_wconf 80' lang='lat' dir='ltr'>arguit,</span> <span class='ocrx_word' id='word_1_333' title='bbox 473 3655 521 3738; x_wconf 92' lang='lat' dir='ltr'>qui</span> <span class='ocrx_word' id='word_1_334' title='bbox 545 3663 576 3716; x_wconf 92' lang='lat' dir='ltr'>et</span> <span class='ocrx_word' id='word_1_335' title='bbox 594 3653 754 3738; x_wconf 87' lang='lat' dir='ltr'>sapientiae</span> <span class='ocrx_word' id='word_1_336' title='bbox 776 3655 896 3736; x_wconf 78' lang='lat' dir='ltr'>gloriam</span> <span class='ocrx_word' id='word_1_337' title='bbox 919 3655 1057 3734; x_wconf 80' lang='lat' dir='ltr'>affectas,</span> <span class='ocrx_word' id='word_1_338' title='bbox 1089 3665 1119 3717; x_wconf 92' lang='lat' dir='ltr'>et</span> <span class='ocrx_word' id='word_1_339' title='bbox 1139 3673 1238 3716; x_wconf 90' lang='lat' dir='ltr'>rerum</span> 
     </span>
     <span class='ocr_line' id='line_1_36' title="bbox 84 3749 1237 3844; baseline -0.007 -20"><span class='ocrx_word' id='word_1_340' title='bbox 84 3759 164 3844; x_wconf 86' lang='lat' dir='ltr'>apud</span> <span class='ocrx_word' id='word_1_341' title='bbox 182 3755 315 3820; x_wconf 85' lang='lat' dir='ltr'>hemines</span> <span class='ocrx_word' id='word_1_342' title='bbox 331 3755 481 3820; x_wconf 86' lang='lat' dir='ltr'>scientium</span> <span class='ocrx_word' id='word_1_343' title='bbox 500 3755 664 3840; x_wconf 75' lang='lat' dir='ltr'>profiteris?</span> <span class='ocrx_word' id='word_1_344' title='bbox 704 3749 782 3818; x_wconf 90' lang='lat' dir='ltr'>Nam</span> <span class='ocrx_word' id='word_1_345' title='bbox 799 3755 825 3818; x_wconf 90' lang='lat' dir='ltr'>si</span> <span class='ocrx_word' id='word_1_346' title='bbox 840 3777 905 3840; x_wconf 88' lang='lat' dir='ltr'>pars</span> <span class='ocrx_word' id='word_1_347' title='bbox 920 3767 966 3820; x_wconf 91' lang='lat' dir='ltr'>est</span> <span class='ocrx_word' id='word_1_348' title='bbox 981 3755 1028 3820; x_wconf 90' lang='lat' dir='ltr'>illa</span> <span class='ocrx_word' id='word_1_349' title='bbox 1047 3756 1104 3833; x_wconf 89' lang='lat' dir='ltr'>dei,</span> <span class='ocrx_word' id='word_1_350' title='bbox 1128 3764 1158 3818; x_wconf 88' lang='lat' dir='ltr'>et</span> <span class='ocrx_word' id='word_1_351' title='bbox 1174 3753 1237 3838; x_wconf 90' lang='lat' dir='ltr'>qui·</span> 
     </span>
     <span class='ocr_line' id='line_1_37' title="bbox 83 3855 1236 3941; baseline -0.003 -20"><span class='ocrx_word' id='word_1_352' title='bbox 83 3861 152 3923; x_wconf 85' lang='lat' dir='ltr'>deun</span> <span class='ocrx_word' id='word_1_353' title='bbox 176 3855 368 3937; x_wconf 89' lang='lat' dir='ltr'>immortalis,</span> <span class='ocrx_word' id='word_1_354' title='bbox 400 3868 431 3919; x_wconf 90' lang='lat' dir='ltr'>tu</span> <span class='ocrx_word' id='word_1_355' title='bbox 447 3877 519 3920; x_wconf 83' lang='lat' dir='ltr'>vero</span> <span class='ocrx_word' id='word_1_356' title='bbox 542 3858 577 3920; x_wconf 90' lang='lat' dir='ltr'>ad</span> <span class='ocrx_word' id='word_1_357' title='bbox 596 3856 796 3920; x_wconf 85' lang='lat' dir='ltr'>infelicissima</span> <span class='ocrx_word' id='word_1_358' title='bbox 818 3861 917 3920; x_wconf 88' lang='lat' dir='ltr'>neseio</span> <span class='ocrx_word' id='word_1_359' title='bbox 938 3879 1011 3941; x_wconf 91' lang='lat' dir='ltr'>quae</span> <span class='ocrx_word' id='word_1_360' title='bbox 1032 3877 1154 3941; x_wconf 85' lang='lat' dir='ltr'>corpora</span> <span class='ocrx_word' id='word_1_361' title='bbox 1177 3877 1236 3919; x_wconf 90' lang='lat' dir='ltr'>nou</span> 
     </span>
    </p>
   </div>
   <div class='ocr_carea' id='block_1_3' title="bbox 81 4036 1236 4452">
    <p class='ocr_par' dir='ltr' id='par_1_4' title="bbox 81 4036 1236 4383">
     <span class='ocr_line' id='line_1_38' title="bbox 82 4036 1236 4110; baseline -0.001 -14"><span class='ocrx_word' id='word_1_362' title='bbox 82 4045 117 4096; x_wconf 82' lang='lat' dir='ltr'>ed</span> <span class='ocrx_word' id='word_1_363' title='bbox 133 4041 318 4105; x_wconf 78' lang='lat' dir='ltr'>eunmudum,</span> <span class='ocrx_word' id='word_1_364' title='bbox 341 4041 457 4094; x_wconf 84' lang='lat' dir='ltr'>auxiliare</span> <span class='ocrx_word' id='word_1_365' title='bbox 475 4051 562 4093; x_wconf 88' lang='lat' dir='ltr'>contra</span> <span class='ocrx_word' id='word_1_366' title='bbox 577 4040 648 4106; x_wconf 87' lang='lat' dir='ltr'>hujus</span> <span class='ocrx_word' id='word_1_367' title='bbox 682 4043 813 4110; x_wconf 85' lang='lat' dir='ltr'>disputem.</span> <span class='ocrx_word' id='word_1_368' title='bbox 847 4047 881 4096; x_wconf 85' lang='lat' dir='ltr'>De</span> <span class='ocrx_word' id='word_1_369' title='bbox 893 4047 996 4107; x_wconf 75' lang='lat' dir='ltr'>formula</span> <span class='ocrx_word' id='word_1_370' title='bbox 1013 4040 1056 4096; x_wconf 81' lang='lat' dir='ltr'>seul</span> <span class='ocrx_word' id='word_1_371' title='bbox 1072 4036 1129 4110; x_wconf 68' lang='lat' dir='ltr'>ntiql</span> <span class='ocrx_word' id='word_1_372' title='bbox 1144 4041 1236 4108; x_wconf 76' lang='grc' dir='ltr'><strong>μᾶλλον</strong></span> 
     </span>
     <span class='ocr_line' id='line_1_39' title="bbox 83 4107 1236 4181; baseline 0.001 -20"><span class='ocrx_word' id='word_1_373' title='bbox 83 4109 226 4181; x_wconf 81' lang='lat' dir='ltr'>nequitiam</span> <span class='ocrx_word' id='word_1_374' title='bbox 241 4109 454 4171; x_wconf 79' lang='lat' dir='ltr'>medicamentum,</span> <span class='ocrx_word' id='word_1_375' title='bbox 474 4109 591 4171; x_wconf 85' lang='lat' dir='ltr'>adhaec,</span> <span class='ocrx_word' id='word_1_376' title='bbox 607 4109 649 4158; x_wconf 89' lang='lat' dir='ltr'>in·</span> <span class='ocrx_word' id='word_1_377' title='bbox 681 4139 760 4152; x_wconf 91' lang='grc'>--</span> <span class='ocrx_word' id='word_1_378' title='bbox 779 4108 808 4165; x_wconf 73' lang='grc' dir='ltr'>δὲ</span> <span class='ocrx_word' id='word_1_379' title='bbox 825 4115 854 4175; x_wconf 73' lang='lat' dir='ltr'>cf.</span> <span class='ocrx_word' id='word_1_380' title='bbox 869 4115 933 4175; x_wconf 77' lang='lat' dir='ltr'>infru</span> <span class='ocrx_word' id='word_1_381' title='bbox 949 4113 1035 4162; x_wconf 83' lang='lat' dir='ltr'>luceres.</span> <span class='ocrx_word' id='word_1_382' title='bbox 1051 4107 1100 4171; x_wconf 79' lang='lat'>66,</span> <span class='ocrx_word' id='word_1_383' title='bbox 1118 4109 1165 4161; x_wconf 79' lang='lat' dir='ltr'>th:</span> <span class='ocrx_word' id='word_1_384' title='bbox 1191 4109 1236 4162; x_wconf 77' lang='lat' dir='ltr'>aul</span> 
     </span>
     <span class='ocr_line' id='line_1_40' title="bbox 82 4169 1236 4262; baseline 0 -33"><span class='ocrx_word' id='word_1_385' title='bbox 82 4197 177 4250; x_wconf 74' lang='lat' dir='ltr'>qum,</span> <span class='ocrx_word' id='word_1_386' title='bbox 205 4187 302 4229; x_wconf 83' lang='lat' dir='ltr'>tantum</span> <span class='ocrx_word' id='word_1_387' title='bbox 323 4178 393 4228; x_wconf 86' lang='lat' dir='ltr'>abest</span> <span class='ocrx_word' id='word_1_388' title='bbox 416 4189 443 4227; x_wconf 89' lang='lat' dir='ltr'>ut</span> <span class='ocrx_word' id='word_1_389' title='bbox 464 4177 489 4228; x_wconf 89' lang='lat' dir='ltr'>iu</span> <span class='ocrx_word' id='word_1_390' title='bbox 505 4178 650 4228; x_wconf 83' lang='lat' dir='ltr'>immensam</span> <span class='ocrx_word' id='word_1_391' title='bbox 683 4181 773 4247; x_wconf 74' lang='grc' dir='ltr'><strong>μᾶλλον</strong></span> <span class='ocrx_word' id='word_1_392' title='bbox 786 4173 832 4231; x_wconf 77' lang='grc' dir='ltr'>οὐκ</span> <span class='ocrx_word' id='word_1_393' title='bbox 844 4175 949 4231; x_wconf 71' lang='grc' dir='ltr'>ἐναντίον</span> <span class='ocrx_word' id='word_1_394' title='bbox 962 4175 990 4231; x_wconf 78' lang='grc' dir='ltr'>τό</span> <span class='ocrx_word' id='word_1_395' title='bbox 1003 4171 1071 4242; x_wconf 72' lang='grc' dir='ltr'><strong>ὕδωρ</strong></span> <span class='ocrx_word' id='word_1_396' title='bbox 1082 4182 1135 4237; x_wconf 81' lang='grc' dir='ltr'><strong>τοῖς</strong></span> <span class='ocrx_word' id='word_1_397' title='bbox 1145 4169 1236 4262; x_wconf 65' lang='lat' dir='ltr'>ippon-</span> 
     </span>
     <span class='ocr_line' id='line_1_41' title="bbox 81 4240 1236 4314; baseline 0.003 -16"><span class='ocrx_word' id='word_1_398' title='bbox 81 4249 182 4300; x_wconf 73' lang='lat' dir='ltr'>maten</span> <span class='ocrx_word' id='word_1_399' title='bbox 209 4246 290 4312; x_wconf 79' lang='lat' dir='ltr'>patiar</span> <span class='ocrx_word' id='word_1_400' title='bbox 317 4262 460 4296; x_wconf 82' lang='lat' dir='ltr'>excrescere</span> <span class='ocrx_word' id='word_1_401' title='bbox 492 4245 560 4314; x_wconf 90' lang='lat' dir='ltr'>quod</span> <span class='ocrx_word' id='word_1_402' title='bbox 587 4243 650 4295; x_wconf 89' lang='lat' dir='ltr'>illud</span> <span class='ocrx_word' id='word_1_403' title='bbox 683 4263 720 4301; x_wconf 79' lang='lat' dir='ltr'>ott</span> <span class='ocrx_word' id='word_1_404' title='bbox 740 4246 789 4311; x_wconf 83' lang='grc' dir='ltr'>τῆς</span> <span class='ocrx_word' id='word_1_405' title='bbox 805 4245 937 4312; x_wconf 72' lang='grc' dir='ltr'><strong>πονηρίας,</strong></span> <span class='ocrx_word' id='word_1_406' title='bbox 956 4241 991 4305; x_wconf 72' lang='lat' dir='ltr'>tris</span> <span class='ocrx_word' id='word_1_407' title='bbox 1012 4243 1043 4296; x_wconf 80' lang='lat' dir='ltr'>cti</span> <span class='ocrx_word' id='word_1_408' title='bbox 1061 4243 1155 4311; x_wconf 66' lang='lat' dir='ltr'>little.</span> <span class='ocrx_word' id='word_1_409' title='bbox 1172 4240 1236 4298; x_wconf 73' lang='grc' dir='ltr'>αλλᾶ</span> 
     </span>
     <span class='ocr_line' id='line_1_42' title="bbox 82 4307 1160 4383; baseline -0.004 -18"><span class='ocrx_word' id='word_1_410' title='bbox 82 4315 199 4383; x_wconf 78' lang='lat' dir='ltr'>spondet</span> <span class='ocrx_word' id='word_1_411' title='bbox 214 4331 285 4381; x_wconf 83' lang='lat' dir='ltr'>opus,</span> <span class='ocrx_word' id='word_1_412' title='bbox 303 4312 489 4376; x_wconf 75' lang='lat' dir='ltr'>mammutius,</span> <span class='ocrx_word' id='word_1_413' title='bbox 507 4331 538 4364; x_wconf 89' lang='lat' dir='ltr'>ne</span> <span class='ocrx_word' id='word_1_414' title='bbox 549 4311 650 4364; x_wconf 85' lang='lat' dir='ltr'>omuino</span> <span class='ocrx_word' id='word_1_415' title='bbox 684 4311 859 4380; x_wconf 77' lang='grc' dir='ltr'>συνεργητυιόι</span> <span class='ocrx_word' id='word_1_416' title='bbox 875 4314 965 4380; x_wconf 74' lang='grc' dir='ltr'><strong>μᾶλλον</strong></span> <span class='ocrx_word' id='word_1_417' title='bbox 980 4309 1007 4365; x_wconf 81' lang='lat' dir='ltr'>&#39;td</span> <span class='ocrx_word' id='word_1_418' title='bbox 1025 4307 1094 4378; x_wconf 75' lang='lat' dir='ltr'>deep</span> <span class='ocrx_word' id='word_1_419' title='bbox 1111 4319 1160 4363; x_wconf 85' lang='lat' dir='ltr'>cett.</span> 
     </span>
    </p>

    <p class='ocr_par' dir='ltr' id='par_1_5' title="bbox 83 4374 1235 4452">
     <span class='ocr_line' id='line_1_43' title="bbox 83 4374 1235 4452; baseline -0.001 -18"><span class='ocrx_word' id='word_1_420' title='bbox 83 4381 284 4452; x_wconf 64' lang='lat' dir='ltr'>misisse</span> <span class='ocrx_word' id='word_1_421' title='bbox 312 4381 411 4445; x_wconf 83' lang='lat' dir='ltr'>ridear,</span> <span class='ocrx_word' id='word_1_422' title='bbox 441 4379 558 4433; x_wconf 80' lang='lat' dir='ltr'>adsersus</span> <span class='ocrx_word' id='word_1_423' title='bbox 584 4381 650 4432; x_wconf 88' lang='lat' dir='ltr'>hunc</span> <span class='ocrx_word' id='word_1_424' title='bbox 717 4383 774 4434; x_wconf 75' lang='lat' dir='ltr'>Cas.</span> <span class='ocrx_word' id='word_1_425' title='bbox 792 4383 823 4434; x_wconf 91' lang='lat' dir='ltr'>ll.</span> <span class='ocrx_word' id='word_1_426' title='bbox 841 4409 873 4422; x_wconf 90' lang='lat'>-··</span> <span class='ocrx_word' id='word_1_427' title='bbox 894 4389 915 4435; x_wconf 86' lang='lat' dir='ltr'>l.</span> <span class='ocrx_word' id='word_1_428' title='bbox 932 4383 997 4431; x_wconf 76' lang='lat' dir='ltr'>tert</span> <span class='ocrx_word' id='word_1_429' title='bbox 1013 4383 1097 4433; x_wconf 79' lang='lat' dir='ltr'>hubent</span> <span class='ocrx_word' id='word_1_430' title='bbox 1112 4374 1131 4447; x_wconf 75' lang='grc' dir='ltr'>ἦ</span> <span class='ocrx_word' id='word_1_431' title='bbox 1145 4395 1189 4444; x_wconf 78' lang='lat' dir='ltr'>pre</span> <span class='ocrx_word' id='word_1_432' title='bbox 1204 4377 1235 4434; x_wconf 83' lang='lat' dir='ltr'>ti.</span> 
     </span>
    </p>
   </div>
   <div class='ocr_carea' id='block_1_4' title="bbox 0 0 1498 4996">
    <p class='ocr_par' dir='ltr' id='par_1_6' title="bbox 0 0 1498 4996">
     <span class='ocr_line' id='line_1_44' title="bbox 0 0 1498 4996; baseline 0 2"><span class='ocrx_word' id='word_1_433' title='bbox 0 0 1498 4996; x_wconf 95' lang='lat' dir='ltr'> </span> 
     </span>
    </p>
   </div>
  </div>
 </body>
</html>
