3010 5000
259 281 336 360 538‘
676 307 984 362 εκαοτιοειεειαο

259 425 419 512 ἀπολογίαν
439 423 555 493 διδόναι
577 427 684 516 ἑκάστη
704 423 856 516 Ἐξουσίμ,
882 429 934 492 καί
949 425 1044 503 ούτας
1059 423 1242 512 ὑπερβαίνειν
1256 426 1333 512 πρός
1348 427 1403 510 τὴν

230 557 234 574 ·
258 528 405 614 ἀνατὲραν
422 530 548 614 Μητίρα
565 531 615 594 καί
632 531 751 614 Πατέρα
767 537 825 596 τῶν
840 529 929 610 όλαν,
960 529 1033 596 ὅθεν
1049 528 1086 614 δὴ
1101 537 1248 612 κατῆλθεν
1261 533 1302 607 είς
1317 529 1403 596 τόνδε

257 631 309 699 τόν
322 635 442 715 κόσμον.
477 629 556 714 ’Ἠδη
570 632 602 697 δὲ
616 628 699 697 εἷπον
713 629 754 709 οῦς
768 631 1016 715 ἀναθεματίζουσι
1028 632 1061 699 τό
1076 631 1242 716 βάπτισμα,
1263 629 1305 709 ιός
1319 643 1405 716 μυῖαι

258 743 441 801 θανατοῦσαι
459 741 650 820 σαπεριούσαι
668 740 822 802 σκευασίαν
840 737 938 802 ἐλαίου
955 733 1135 820 ἡδύσματος,
1169 730 1209 811 σός
1223 737 1273 801 ἐπὶ
1290 739 1404 801 τούτων

257 840 308 904 καλ
328 845 387 903 τῦν
401 835 511 919 ὁμοίων
530 835 631 914 αύτοῖς
649 835 671 920 ἡ
687 837 841 924 παραβολὴ
858 845 899 927 τῷ
915 835 1123 927 Ἐκκλησιαστὴ
1140 841 1256 925 είρηοαι
1303 845 1405 903 Μυῖια

258 939 313 1026 γάρ
335 943 407 1005 εἰσιν
426 937 546 1021 ἀληθοῦς
566 947 750 1006 θανατοῦσαι
771 942 822 1005 καλ
840 939 973 1008 θάνατον
989 943 1165 1024 ἐμποιοῦσαι
1183 943 1233 1006 καλ
1248 945 1403 1025 σακρίζοα·

259 1064 306 1109 σαι
329 1040 362 1108 τό
379 1041 546 1128 μυρεψικόν
562 1045 660 1108 ἔλαιον
678 1050 731 1108 τοῦ
745 1040 929 1127 ἡδύσματος,
959 1042 995 1108 τά
1014 1042 1083 1130 ύγια
1099 1051 1153 1110 τοῦ
1168 1050 1243 1109 θεοῦ
1259 1041 1406 1129 μυστήρια

257 1144 292 1210 τά
314 1148 345 1211 ἒν
366 1152 406 1234 τῷ
426 1152 538 1233 λουτρῷ
560 1142 631 1228 ἡμῖν
652 1148 694 1220 είς
715 1143 821 1226 ἀφεσιν
842 1143 992 1231 άμαρτιῶν
1012 1147 1211 1231 κεχαρισμένα.

122 1261 189 1328 Κεφ.
206 1259 237 1329 γ’.
343 1245 509 1329 Θαυμάσειε
532 1245 557 1310 δ
579 1244 616 1311 ἀν
636 1273 680 1322 τις
695 1243 791 1332 εύροίν
806 1249 857 1313 καί
872 1247 953 1333 παρά
966 1258 1029 1325 τοῖς
1042 1247 1230 1334 φυσιολόγοις
1245 1246 1309 1313 τινά
1327 1245 1403 1329 ιάφε·

256 1353 333 1426 λείας
354 1352 476 1432 ἔμπλεα,
506 1347 697 1425 ἀπεικασθεὶς
718 1357 753 1439 τὴ
775 1357 826 1432 τῆς
844 1355 974 1433 μελίττης
992 1352 1122 1429 συνέσει,
1152 1357 1205 1432 τῆς
1223 1346 1268 1430 ἐφ’
1285 1348 1406 1416 ἅπαντα

256 1454 309 1534 μὲν
323 1450 360 1518 τά
376 1449 563 1536 βλαστήματα
579 1449 785 1534 ἒφιζανούσης,
814 1452 850 1518 τά
865 1451 992 1539 χρήσιμα
1007 1453 1039 1518 δὲ
1055 1455 1145 1541 ἑαυτῇ
1161 1451 1405 1538 ἒπιευταγούσης.

254 1554 289 1621 ‘0
308 1554 364 1640 γδρ
386 1552 506 1629 συνετός
526 1551 687 1637 ἀνθρακος
707 1553 876 1636 οὐδαμόθεν
896 1563 1063 1639 ζημιοῦται,
1094 1552 1151 1620 ἀλλ’
1173 1553 1195 1638 ἡ
1215 1553 1406 1636 πανταχόθεν

256 1661 412 1743 κερδαίνει·
435 1653 574 1732 ἀσύνετος
591 1657 623 1720 δὲ
638 1656 868 1741 ζημιωθήσεται,
891 1656 933 1734 ἀς
948 1660 999 1722 καί
1014 1655 1032 1724 ό
1047 1657 1130 1744 ῦγιος
1144 1655 1297 1743 προφὴτης
1309 1658 1405 1742 λέγει·

261 1765 312 1837 Τίς
327 1758 446 1835 συνετός
463 1760 511 1823 καί
529 1757 647 1842 συνὴσει
665 1767 770 1838 ταῦτα,
799 1762 849 1825 καί
866 1758 883 1826 ό
901 1763 987 1846 λόγος
1003 1765 1109 1845 κυρίου
1126 1762 1201 1838 ἔστί,
1229 1760 1278 1823 καί
1295 1758 1407 1844 γυιύσε-

255 1891 303 1928 ται
324 1859 414 1942 αύτά,
446 1860 492 1926 ότι
513 1858 627 1926 εύθεῑαι
648 1863 681 1925 αἱ
701 1859 768 1927 όδοὶ
789 1865 909 1946 κυρίου,
942 1861 1055 1945 ἀσεβεῖς
1078 1863 1111 1928 δὲ
1132 1860 1348 1944 άσθενὴσουσιν
1375 1865 1406 1928 ἐν

256 1963 373 2043 αύταῖςς
407 1961 546 2049 Εύρομεν
560 1961 615 2049 γάρ
633 1965 683 2028 καὶ
699 1962 779 2048 παρά
795 1975 856 2040 τοῖς
871 1967 1060 2048 καλουμένοις
1073 1962 1269 2050 φυσιολόγοις,
1291 1969 1406 2044 μύλλου

255 2069 287 2133 δλ
302 2065 386 2151 ἡμεῖς
401 2064 484 2132 αὐτοὶ
500 2064 630 2149 ὁρῶμεν,
654 2063 694 2142 τός
708 2065 741 2132 τό
757 2074 816 2131 νῦν
833 2065 995 2152 κανθάρων
1012 2068 1095 2153 γένος
1111 2065 1143 2132 τό
1160 2065 1241 2152 παρά
1253 2086 1311 2130 τισι
1329 2069 1402 2148 ιβο.

254 2172 345 2255 λάρον
360 2167 555 2250 καλούμενον,
578 2167 740 2251 συνήθειαν
754 2170 809 2252 ἔχει
827 2172 858 2235 ἒν
873 2179 909 2260 τῇ
922 2173 1052 2257 δυςαδίρι
1067 2171 1119 2234 καλ
1134 2168 1237 2258 κόπρῳ
1251 2166 1406 2234 ἀνακυλίε-

255 2281 342 2350 σθαι,
365 2273 415 2335 καί
432 2269 505 2353 αῦτη
520 2267 620 2346 αύτοῖς
634 2269 731 2354 τροφὴ
745 2297 774 2336 τε
789 2274 839 2336 καί
855 2274 984 2357 ἐργασία,
1006 2269 1103 2348 ἀλλοις
1116 2272 1147 2335 δὲ
1162 2268 1215 2354 εὴν
1227 2268 1320 2352 αύτὴν
1331 2270 1404 2336 τού-

253 2400 307 2441 του
321 2371 495 2458 βορβορεόδη
508 2371 637 2457 τροφὴν,
660 2375 701 2447 εἰς
715 2373 766 2454 μὲν
778 2371 939 2457 ἒπάγθειαυ
953 2375 1002 2438 καλ
1018 2377 1187 2455 δυςοδμίαν.
1233 2375 1293 2437 Καὶ
1307 2379 1403 2454 μελίσ-

254 2497 318 2551 σαις
335 2475 387 2557 μίν
404 2474 478 2558 αῦτη
500 2471 519 2557 ἡ
539 2473 652 2558 κόπρος
669 2477 720 2540 καί
737 2478 866 2551 δυςαδία
881 2475 1030 2555 θάνατος,
1060 2473 1199 2560 βυλάροις
1212 2477 1245 2539 δῦ
1261 2476 1341 2540 ίστιυ
1358 2479 1404 2560 ἐρ-

254 2582 341 2663 γασία
366 2579 439 2641 λκαί
462 2575 560 2659 τροφὴ
583 2579 634 2642 καί
656 2582 849 2663 πραγματεία·
881 2587 946 2654 ταῖς
968 2578 999 2642 δὲ
1022 2582 1167 2660 μελίσσαις
1189 2575 1404 2661 τοῦνανείονὴ

254 2678 376 2762 εύοδμία
390 2681 440 2744 καί
456 2678 491 2743 τά
507 2677 588 2762 ἀνθη
602 2681 652 2744 καί
668 2679 704 2743 τά
720 2679 798 2763 μύρα
814 2683 856 2756 είς
870 2677 1039 2764 άναψυγὴν,
1061 2684 1155 2746 κτίσιν
1169 2704 1199 2744 τε
1210 2683 1262 2745 καλ
1276 2679 1402 2763 ἀδωδὴκ,

254 2785 296 2858 είς
309 2785 445 2866 ἐργασίαν
459 2807 490 2846 τε
503 2783 551 2846 καί
568 2787 775 2868 πραγματείαν,
797 2791 858 2859 τοῖς
871 2783 904 2848 dd
918 2783 1084 2867 κανθάροις
1096 2790 1158 2858 τοῖς
1169 2784 1403 2866 προειρημίνοις,

133 2913 185 2959 1¹¹⁸·
197 2902 241 2948 σοι.
257 2881 305 2948 είτ’
319 2876 373 2949 οὖν
386 2883 535 2969 βυλάροις,
557 2886 677 2950 ίναντία-
688 2882 724 2948 τά
739 2891 868 2950 τοιαῦτα.
906 2882 939 2948 ‘0
954 2885 1009 2972 γύρ
1025 2884 1205 2967 βουλόμενος
1218 2883 1343 2960 τούτους
1353 2889 1402 2950 do·

253 2988 390 3068 κιμοίσαι,
420 2985 461 3062 ῦς
477 3007 568 3066 φασιν
583 2989 615 3051 οί
628 2985 814 3072 φυσιολόγοι,
838 2985 896 3052 ἀπό
915 2986 1025 3074 μύρου,
1056 2989 1134 3069 φημί
1147 2986 1179 3050 δλ
1190 2983 1403 3070 ὀποβαλσάμου

253 3087 274 3171 ἡ
291 3087 417 3174 νάρδου,
447 3085 545 3169 λαβάν
560 3090 610 3152 καλ
625 3091 818 3175 προςενέγκας
833 3097 896 3165 τοῖς
911 3087 1075 3172 κανθάροις
1089 3087 1222 3153 θάνατον
1236 3085 1341 3166 αύτοῖς
1353 3093 1402 3172 ἀμ·

252 3199 339 3255 ποιεῖ.
383 3187 492 3265 Εύθῦς
513 3187 568 3274 γάρ
586 3196 753 3267 τελευτῶσι,
783 3189 823 3274 μὴ
841 3192 979 3276 φέροντες
994 3190 1049 3273 τὴν
1065 3188 1199 3256 εύαδίον.
1247 3189 1336 3257 Ούτα
1350 3194 1401 3256 καλ

252 3285 351 3371 οῦτοι,
383 3299 437 3374 τῆς
457 3291 509 3372 μὲν
534 3291 684 3378 Βγαλήνης
703 3295 753 3358 καὶ
770 3298 908 3378 πορνείας
928 3296 979 3358 καὶ
994 3296 1100 3368 κακίας
1117 3289 1288 3376 ὀρεγόμενοι
1310 3296 1351 3370 τίς
1364 3291 1402 3357 τό

252 3391 367 3479 πονηρά
390 3396 488 3476 ἔχουσι
510 3391 563 3475 τὴν
581 3397 694 3460 ἑαυτῶν
713 3397 828 3472 ἐλπίδα,
859 3395 1069 3478 πλησιάσαντες
1087 3394 1120 3458 δὲ
1140 3399 1180 3482 τῷ
1197 3391 1272 3483 άγίςο
1289 3401 1401 3482 λουτρῷ

251 3499 301 3561 καὶ
319 3503 354 3586 τὴ
372 3493 495 3585 εύοδμίμ
512 3494 770 3580 ἀποθνήσκουσιν,
803 3499 844 3573 είς
861 3496 914 3563 τόν
930 3495 1005 3563 θεόν
1022 3501 1265 3579 βλασφημοῦντες
1280 3499 1332 3562 καί
1347 3495 1402 3579 τὴκ

252 3596 349 3664 αῦτιῦν
370 3597 530 3682 κυριότητα
552 3597 733 3674 ἀθετοῦντες.

116 3705 183 3774 Κεφ.
202 3703 233 3760 δ’.
334 3699 385 3764 Ἐκ
403 3708 472 3780 μιᾶς
491 3701 522 3766 δῦ
542 3699 562 3783 ἡ
580 3699 634 3766 δύο
651 3707 820 3786 μαρτυριοῦν
837 3700 945 3778 αύτούς
961 3699 1171 3787 διατρίψομεν.
1218 3701 1262 3764 Εί
1275 3699 1329 3786 γάρ
1348 3703 1401 3766 καλ

249 3799 349 3888 Ἀρχαλ
365 3804 416 3867 καί
430 3800 577 3879 Ἐξουσίαι
593 3803 786 3886 καλούμεναι,
809 3801 865 3870 ούκ
880 3802 964 3879 ἐκτός
977 3809 1053 3870 θεοῦ
1071 3795 1159 3867 αύται
1175 3801 1324 3888 γεγόνασι,
1344 3801 1400 3884 μα’-

250 3913 331 3970 λιστα
352 3909 392 3970 ἐν’
406 3913 467 3981 τοῖς
488 3904 634 3992 ούρανοῖς.
681 3903 751 3970 Οίδε
772 3903 828 3990 γάρ
845 3903 866 3988 ἡ
882 3906 983 3992 γραφὴ
998 3907 1088 3990 λέγειν
1102 3902 1254 3990 Ἀγγίλους
1272 3907 1321 3972 καλ
1335 3901 1400 3988 ’Δρ

250 4009 407 4094 χαγγίλους
422 4005 476 4073 ούκ
492 4011 533 4084 είς
548 4007 734 4090 ἐναντιότητα
746 4009 947 4092 τεταγμένους,
970 4004 1041 4072 ἀλλά
1053 4008 1237 4092 λειτουργικὰ
1250 4005 1399 4090 πνεύματα

252 4112 293 4186 είς
315 4113 469 4175 διακονίαν
490 4108 737 4192 ἀποστελλόμενα,
768 4109 818 4175 διά
839 4109 909 4186 τούς
930 4111 1084 4192 μέλλοντας
1099 4117 1290 4193 κληρονομεῖν
1307 4130 1397 4192 σατη-

251 4215 327 4306 ρίαν.
373 4214 434 4276 Καί
453 4209 509 4296 γάρ
535 4213 584 4278 ἐπὶ
608 4219 661 4296 τῆς
679 4219 735 4299 γῆς
755 4210 825 4277 καθ’
846 4211 971 4295 ἑκάστην
991 4215 1138 4296 βασιλείαν
1159 4215 1264 4278 πολλαί
1281 4210 1396 4295 Ἀργαλ,

251 4311 321 4378 ἀλλά
345 4311 406 4379 ύπδ
430 4315 482 4379 ἕνα
504 4315 631 4396 βασιλία.
673 4318 718 4379 Αἱ
737 4313 793 4400 γάρ
810 4307 898 4381 ούσαι
913 4311 1057 4392 Ἐξουσίαι
1076 4317 1109 4380 ίκ
1127 4322 1204 4379 θεοῦ
1221 4315 1397 4400 τεταγμέναι,

286 4469 346 4518 (λιι.
360 4469 403 4518 111.
422 4497 454 4508 -
477 4471 498 4520 ί.
517 4473 646 4522 Carnarius
661 4470 799 4538 pilularium
815 4473 917 4522 reddidit
934 4473 976 4523 λοι
991 4474 1171 4524 wandatorum
1186 4487 1264 4536 φικια

284 4537 309 4588 2.
326 4535 370 4588 καλ
385 4533 467 4602 τροφὴ
485 4540 555 4589 verba
562 4575 571 4601 ,
588 4554 648 4602 φασι
665 4543 749 4591 absunt
762 4543 792 4590 ab
810 4541 863 4590 ιδίί.
877 4541 969 4603 μελαμ,
985 4543 1095 4592 Ριιονίυι
1108 4553 1138 4590 εκ
1152 4543 1205 4592 cod.
1222 4543 1292 4590 Vade.
1303 4539 1395 4592 σελίεεῦ.
