3018 4994
321 309 457 361 riulan
474 309 537 360 utu.
551 311 569 360 t.
586 309 668 361 ron.
679 309 720 360 ιιι.
738 307 836 358 anun.
850 307 973 358 xxxiv.
1158 294 1221 358 449

76 427 161 490 tionis
175 427 331 507 iudicium,
356 441 387 492 ut
401 429 537 493 coelestis
553 429 649 492 anima
665 431 740 513 quod
754 427 809 492 sibi
825 438 978 512 cognatum
996 437 1222 512 estaguusceus

75 531 276 616 opitulatorem
298 531 459 596 submittat.

156 631 204 704 De
227 645 287 698 tutu
306 633 396 718 igilur
411 635 462 699 illo
482 635 616 712 numine,
647 635 721 718 quod
740 630 837 696 XXX
854 653 894 698 ex
911 633 1005 697 literis
1024 633 1217 718 componitur,
1239 637 1373 705 capvltt.

74 733 170 821 Bytho
192 735 241 821 qni
263 737 335 799 iisce
357 759 397 800 ex
415 737 508 801 literis
526 737 736 800 incrementum
755 736 848 821 capit,
881 757 936 799 nec
957 757 1014 800 non
1034 748 1065 800 et
1081 733 1221 800 Veritatis

74 859 196 924 corpore
213 839 351 902 membris
366 850 520 903 constante
537 840 708 916 duodecim,
729 859 850 923 quorum
865 839 978 923 singula
996 837 1106 902 duabus
1125 860 1141 902 e
1158 839 1222 902 lite-

74 941 111 1005 ris
132 941 256 1004 coullata
274 951 358 1020 suut,
382 941 529 1026 ipsiusque
546 963 621 1005 voce
638 962 723 1026 quam
741 940 858 1006 minime
874 941 1014 1025 eloquens
1031 951 1076 1006 est
1094 941 1220 1021 elocuta,

74 1054 131 1106 tum
152 1045 187 1106 de
203 1045 320 1107 minime
338 1043 441 1129 prolati
459 1043 638 1108 resolutione
656 1044 793 1122 nominis,
817 1065 851 1108 ac
870 1045 905 1106 du
920 1041 1023 1107 Mundi
1040 1054 1069 1106 et
1087 1041 1222 1107 llominis

73 1147 187 1224 arilina,
212 1157 354 1230 quatenus
373 1149 406 1209 ad
426 1146 643 1210 similitudinem
662 1167 803 1232 expressa
820 1145 1019 1230 providentiae
1038 1147 1222 1212 administra-

74 1249 203 1333 tionique
228 1249 422 1334 respondent,
458 1249 513 1312 lroc
536 1249 585 1312 ille
609 1251 694 1312 modu
717 1261 840 1332 nugatus
863 1259 919 1314 est.
971 1247 1221 1331 Quemadmodum

73 1371 145 1414 vero
161 1371 201 1414 ex
219 1351 383 1415 numinibus
400 1351 549 1436 aequalem
568 1373 689 1416 numeru
705 1348 852 1414 Virtutem
868 1353 895 1414 ei
913 1348 1070 1436 Tetractys
1086 1353 1223 1416 ostende·

72 1454 125 1534 rit,
159 1453 296 1538 deinceps
315 1453 542 1538 explicabimus,
573 1474 609 1517 ne
634 1455 818 1538 quideorunt
844 1465 889 1533 le,
920 1455 1089 1532 carissime,
1121 1456 1219 1533 lateat,

73 1577 146 1638 quae
163 1556 199 1619 ab
215 1556 266 1620 illc
282 1557 357 1619 dicta
375 1558 410 1620 ad
429 1567 557 1620 nostram
575 1557 742 1620 memoriam
762 1569 977 1641 pervenerunt,
999 1559 1027 1620 id
1044 1557 1118 1641 quud
1136 1579 1153 1620 u
1170 1579 1222 1620 uu·

73 1659 115 1722 bis
141 1679 228 1744 saepe
253 1659 419 1743 postulasti.
466 1657 530 1722 Hoc
555 1657 652 1743 itaque
676 1659 761 1722 modo
787 1657 1001 1743 sapientissima
1023 1658 1094 1743 Sige
1112 1657 1220 1722 XXlV

73 1763 284 1824 elementorum
306 1761 346 1824 illi
369 1762 587 1843 generationem
609 1761 759 1847 exposuit.
803 1758 949 1824 Nimirum
972 1783 1036 1824 cum
1058 1759 1222 1843 Singulari·

73 1875 130 1926 tate
150 1861 297 1928 Unitatem
314 1864 462 1927 existeres
487 1863 523 1926 ab
539 1865 576 1926 iis
593 1875 751 1949 propagata
768 1864 824 1926 duu
844 1861 1002 1928 Monadem
1023 1875 1109 1948 utque
1126 1861 1222 1928 Unum

73 1977 198 2050 quatuor
215 1966 363 2051 implesse.
409 1963 462 2030 Bis
475 1967 552 2029 enim
570 1968 626 2030 duo
643 1978 767 2050 quatuor
781 1967 918 2030 efficiunt.
965 1965 1149 2050 Rursumque
1166 1968 1222 2030 duu

73 2069 226 2132 coniuncta
249 2090 313 2131 cum
336 2079 461 2153 quatuor
485 2069 633 2132 senarium
656 2067 857 2132 ostenderunt.
905 2066 961 2132 llic
982 2081 1085 2153 quater
1106 2070 1135 2132 iu
1155 2089 1222 2132 sose

72 2171 175 2234 ductus
197 2167 307 2234 XXlV
329 2173 438 2234 lurmas
461 2172 568 2234 ellecil.
614 2173 659 2236 Ac
681 2171 791 2256 primae
813 2170 926 2254 quidem
946 2168 1083 2235 Tetradis
1105 2172 1223 2235 nomina

73 2271 275 2351 sanctissimo,
300 2292 374 2356 quae
391 2272 584 2356 intelligentia
599 2274 662 2337 sula
678 2273 786 2358 percipi
802 2283 940 2357 possunt,
965 2273 1065 2336 verbis
1082 2273 1222 2357 explicari

74 2393 131 2436 nou
147 2385 282 2460 possunt,
307 2375 361 2438 soli
377 2385 458 2460 putat
474 2375 532 2438 lilio
547 2376 675 2460 cognitu,
698 2395 772 2458 qttae
787 2375 946 2438 cuiusmodi
961 2374 1020 2438 sint
1034 2371 1123 2438 Pater
1137 2375 1222 2438 intel-

73 2474 147 2558 ligit.
195 2474 280 2559 Quae
296 2497 368 2540 reru
384 2478 428 2540 sio
444 2487 567 2561 augusta
582 2487 667 2554 sarit,
698 2487 730 2540 ut
747 2497 812 2540 cum
828 2477 883 2540 lide
899 2475 1079 2561 pronuntiari
1095 2478 1220 2561 possint,

74 2577 150 2640 hunc
172 2577 203 2640 in
228 2578 342 2642 modum
364 2590 510 2642 recenset.
555 2579 703 2643 Arrhetus
727 2590 757 2642 et
781 2573 890 2662 Seige,
923 2576 1014 2642 Pater
1037 2589 1067 2642 et
1090 2577 1220 2644 Veritas.

73 2677 170 2743 lluius
188 2675 327 2744 Tetradis
346 2701 483 2744 numerus
502 2681 595 2744 omnis
613 2677 723 2744 XXlV
742 2681 884 2744 elementa
903 2681 1022 2763 colligit.
1067 2678 1145 2744 Num
1165 2683 1223 2744 Ar·

73 2781 176 2846 rhetos
192 2791 302 2865 septem
321 2782 351 2844 iu
368 2803 401 2846 se
417 2782 517 2846 literas
534 2783 753 2868 complectitur,
778 2779 869 2866 Seige
886 2780 924 2860 V,
948 2781 1039 2847 Pater
1053 2781 1092 2860 V,
1116 2793 1146 2846 et
1162 2781 1224 2847 Ve-

73 2883 145 2946 ritas
161 2880 237 2964 vlt,
257 2905 330 2967 quae
346 2885 374 2947 in
391 2906 479 2948 unum
496 2885 655 2970 composita
670 2885 714 2948 bis
728 2885 853 2968 quinque
869 2883 971 2969 bisque
986 2896 1096 2969 septum
1111 2882 1223 2949 XXIV

72 2985 212 3048 efficiunt.
258 2983 302 3048 lta
323 2997 353 3049 et
370 2989 498 3051 secunda
517 2985 644 3066 Tetras,
675 2985 795 3071 Logus,
821 2983 901 3064 Zue',
927 2987 1096 3072 Antlrupns
1117 2997 1147 3049 et
1166 2985 1223 3050 Ee·

72 3086 162 3150 clesia
179 3088 301 3151 eundem
319 3089 460 3152 exhibent
477 3088 687 3152 elementorum
704 3109 866 3154 numerum.
913 3085 973 3151 lam
991 3086 1156 3154 salvatoris
1172 3111 1225 3154 uu·

72 3209 151 3268 men,
172 3191 247 3273 quud
264 3189 363 3254 ed'erri
379 3193 422 3253 las
438 3202 494 3269 est,
516 3191 571 3254 huc
587 3201 633 3254 est
645 3186 768 3270 Ἰησοῦς,
786 3190 934 3254 literarum
950 3211 1017 3254 esse
1031 3213 1097 3255 sex.
1139 3190 1224 3274 Quod

72 3311 143 3354 vero
165 3291 348 3376 pronuntiari
372 3295 487 3377 nequit,
521 3293 620 3356 literas
642 3289 889 3356 habereXXlV.
936 3290 981 3356 lta
1002 3289 1151 3358 Cltristnm
1174 3292 1224 3357 Fi·

71 3393 141 3456 lium
159 3394 308 3457 literarum
322 3415 389 3458 esse
404 3393 484 3458 Xll:
511 3396 587 3479 quod
602 3417 674 3459 vero
691 3397 719 3458 iu
736 3391 856 3460 Christo
873 3414 927 3456 noc
943 3394 1058 3458 effabile
1073 3407 1135 3477 est,
1159 3397 1224 3460 lite-

72 3515 170 3559 rarum
184 3493 294 3559 XXX.
332 3493 460 3581 ideoque
474 3502 504 3558 A
518 3508 548 3562 ct
561 3501 594 3558 ll
606 3498 732 3583 seipsum
749 3496 890 3575 uuminnl,
910 3507 940 3560 ul
956 3498 1116 3562 columbam
1133 3499 1223 3582 signi·

72 3596 150 3660 licet.
198 3596 275 3661 lluic
297 3599 373 3662 etnim
397 3599 444 3663 avi
467 3621 605 3665 uumerus
626 3601 683 3664 iste
706 3601 855 3664 convenit.

105 3851 131 3903 8,
147 3855 539 3922 ΙιοτιιιιιιίιιΡιιιιᾶο-Οτίρινιι.
576 3859 630 3908 Vol·
664 3851 756 3914 Οὕτως
776 3851 805 3908 ri
826 3851 852 3906 ἐν
872 3853 909 3922 τῷ
927 3853 1033 3922 Χριστῷ
1050 3847 1156 3921 ἄρρητον
1173 3852 1223 3922 pol·

70 3936 101 3984 ρο
118 3917 168 3972 τόν.
665 3940 753 3978 excuso
775 3920 903 3989 στοιχείων
925 3919 1064 3984 τριάκοντα.
1106 3921 1158 3974 Καὶ
1180 3921 1222 3977 dmi

105 3987 130 4038 9.
148 3992 240 4040 Plenior
255 3993 293 4041 lic
309 3994 360 4053 ipro
375 3994 470 4043 lreuoeo
486 3997 537 4043 elus
553 4007 631 4044 ιοιιτ-
664 3995 736 4045 τοῦτο
753 3988 783 4044 δέ
800 4006 876 4056 φασιν
892 3985 967 4043 αὐτόν
986 3989 1080 4057 λέγειν,
1103 3985 1175 4056 Ἐγώ
1192 3989 1220 4044 cd

68 4061 124 4116 plur
140 4063 171 4108 ert
186 4061 426 4123 Pseudo-orimum:
445 4059 483 4115 Τὸ
503 4059 532 4115 dl
550 4060 575 4114 lu
592 4062 629 4129 τῷ
665 4054 735 4127 ἄλφα
750 4057 793 4111 καὶ
810 4054 838 4110 τὸ
855 4060 893 4118 ιδ,
910 4055 1079 4112 ἐπιδεικνύντα
1093 4055 1139 4122 τὴν
1154 4076 1222 4126 trept-

70 4122 176 4187 Χριοτιῆ
194 4119 302 4191 ἄρρητον
320 4127 474 4193 γραμμάτων
492 4125 631 4193 τριάκοντα.
666 4123 755 4193 scepsis
772 4126 857 4179 τοῦτον
875 4123 979 4194 ἔχουσαν
995 4123 1039 4178 τὸν
1053 4119 1178 4192 α’ριθμόν,
1206 4123 1221 4181 ii

70 4191 118 4242 acl
138 4179 199 4246 urire*
217 4201 269 4254 τοῖς
288 4192 313 4246 ἐν
330 4191 400 4264 αὐτῷ
418 4193 551 4262 γράμμασι
567 4194 633 4248 κατὰ
665 4195 731 4248 ἐστιν
752 4189 890 4248 ὀκτακόσια
913 4192 945 4246 ἕν.
980 4196 1048 4256 Quod
1068 4199 1222 4246 testimonium

68 4255 96 4311 ἓν
109 4257 430 4329 στοιχιῖονοὶριὲμοῦμινον.
456 4261 494 4316 Te
508 4261 630 4384 poipot-
665 4269 735 4314 etium
759 4265 842 4324 refellit
866 4265 1011 4312 salmasium
1039 4265 1068 4313 de
1093 4267 1222 4326 scripturus

71 4324 134 4386 οτόι
151 4327 205 4382 ἐστι
219 4329 348 4397 στοιχείων
364 4325 441 4384 ὀκτώ.
469 4329 507 4385 Td
523 4351 542 4398 μ
556 4352 568 4384 ν
581 4327 630 4398 γάρ
663 4335 763 4382 nomime
788 4333 873 4380 Christi
894 4333 963 4380 modu
984 4334 1106 4382 Petuur'um
1130 4335 1220 4394 νίιιιριι-

70 4398 112 4462 ’χῑι
126 4399 216 4460 τριῶν,
232 4395 261 4451 τὸ
278 4395 307 4452 δὲ
321 4401 337 4463 ρ
352 4395 412 4461 δύο,
431 4399 475 4452 καὶ
490 4397 518 4454 τὲ
536 4403 558 4454 ii
573 4396 629 4462 duic,
663 4405 751 4450 rantum
763 4402 788 4448 ιἰι
799 4399 849 4462 (Fr.
858 4400 955 4462 struet)
969 4400 1085 4462 Consulat.
1094 4402 1220 4452 nonnoso.

70 4463 117 4514 καὶ
132 4467 144 4515 i
159 4461 306 4530 τεσσάρων,
324 4463 352 4520 rd
373 4470 389 4518 ὀ
405 4466 492 4529 πέντε,
511 4466 555 4520 nal
570 4466 599 4521 τὸ
615 4471 631 4522 ἱ
663 4472 716 4518 dul.
733 4469 841 4518 Gmcoelll
853 4481 912 4530 pun.
924 4466 1016 4530 leupo.

68 4532 162 4598 τριῶν,
178 4529 207 4586 τὸ
223 4533 254 4589 δὲ
267 4537 295 4588 ο“ν
311 4529 365 4596 δύο,
382 4535 427 4590 sul
441 4532 469 4590 τὸ
487 4531 533 4590 στὶν
546 4536 628 4602 τριῶν.

124 4611 354 4672 commurmurat
368 4612 397 4659 ll.
976 4623 1017 4688 29
