2986 4996
274 263 314 324 64
693 271 813 324 sANch
832 273 999 326 ΕΡΙΡΗΔΝῙΙ

274 395 334 454 τῶν
350 384 590 469 κατοικησάντων
608 383 641 450 τδ
669 388 740 472 πρίν
765 387 970 473 ιιἐγκοίθετον
992 387 1155 476 διαγωγὴν,
1185 397 1249 467 πῶς
1271 386 1410 474 ἦδῦνανιο

275 487 436 572 οἶποστῆναι
451 487 505 571 τὴν
520 494 579 553 τῶν
593 491 711 573 θηρίον
725 486 861 576 δρποιγήν
879 515 908 554 τε
925 492 976 555 καλ
990 494 1066 574 βίαν.
1109 487 1142 555 ‘O
1167 492 1198 558 δέ
1214 489 1348 576 βασιλεῦς
1367 515 1410 575 μι-

274 588 492 674 ταστειλοίμενος
514 587 585 666 τοῦς
610 591 825 677 πρεσβυτέρους
848 591 935 677 ἤρετο
962 590 1017 674 την
1041 589 1141 668 αὐτοῖς
1162 595 1319 678 γενομένην
1341 590 1409 678 οίγο·

274 690 331 780 γην
345 698 399 774 τῆς
413 693 445 758 έν
460 698 496 780 τῇ
511 687 639 778 Ἰουδαίμ
656 693 816 772 καθέξεως,
837 701 902 769 πῶς
914 718 944 758 τε
961 691 1155 760 διελάνθανον
1172 693 1223 760 τόν
1237 703 1296 760 τῶν
1303 698 1411 780 θηρίον

275 791 418 881 όρπαγὴν,
434 790 577 874 τοσαύτης
591 796 785 876 θηριοβολίας
799 796 850 859 καλ
864 793 958 876 λύμης
972 793 1047 859 κατοί
1060 794 1114 878 τὴν
1129 803 1184 881 γῆν
1198 799 1312 879 έκείνην
1325 793 1410 879 ῦπαρ-

275 895 391 979 χοῦσης.
438 897 478 958 Οί
492 893 523 960 δέ
542 891 596 976 τὴν
617 901 671 959 τοῦ
689 902 765 960 θεοῦ
788 900 967 978 νομοθεσίαν
988 893 1068 985 αὐτῷ
1088 900 1251 976 ἐδείκνυον,
1279 899 1331 962 καί
1347 895 1411 979 μετδ

277 998 420 1072 συνέσεως
442 993 521 1085 αὐτῷ
541 992 746 1060 ῶπεκόλυπτον
767 1003 820 1078 τῆς
837 995 959 1083 εόλόγου
976 996 1094 1083 γνῶμης
1114 995 1150 1062 τό
1168 1003 1298 1082 καθεξῆς
1318 996 1412 1080 ¹¹9⁷}-

274 1121 383 1175 σαντες.
425 1093 484 1179 Μὴ
500 1095 648 1161 δύνασθαι
671 1095 728 1183 γδρ
745 1101 836 1163 ἐκεῖσε
853 1101 943 1174 έθνος
961 1101 1155 1180 καθίζεσθαι,
1177 1103 1204 1164 εί
1217 1102 1259 1183 μή
1274 1126 1303 1166 τι
1317 1097 1355 1165 δν
1366 1097 1413 1164 τόν

274 1199 367 1284 νόμον
383 1205 437 1264 τοῦ
456 1205 534 1263 θεοῦ
549 1205 602 1286 τοῦ
616 1196 747 1283 οῦρανοῦ
763 1197 815 1265 τόν
833 1198 882 1265 διδ
896 1202 1053 1276 Μωῦσέοος
1073 1203 1200 1268 δοθέντα
1222 1203 1412 1268 ἐπιτελέουσι.

275 1299 363 1367 Εἶναι
381 1298 437 1388 γδρ
454 1298 506 1366 τόν
520 1297 592 1364 θεόν
612 1297 670 1372 τόν,
685 1297 915 1386 ῦπερασπίζοντα
930 1309 982 1384 τῆς
995 1309 1064 1388 γῆς,
1086 1301 1126 1385 μὴ
1141 1302 1302 1386 βούλεσθαι
1320 1304 1351 1370 δέ
1363 1329 1412 1368 πα·

275 1401 413 1491 ραβόσεις
435 1403 466 1468 ἐν
484 1398 558 1489 αὐτῇ
579 1399 648 1486 παρ’
664 1404 761 1468 ἐθνῶν
776 1400 948 1482 α’λλοφῦλων
969 1409 1103 1489 γίνεσθαι
1117 1407 1350 1488 εἰδολολατρείας
1368 1405 1415 1470 καὶ

274 1512 335 1571 τῶν
354 1502 456 1570 δίλλοον.
498 1499 532 1566 ‘0
555 1503 586 1567 δέ
610 1503 815 1586 ἐπιμελόμενος
835 1507 886 1570 καὶ
906 1503 1084 1588 πειθόμενος
1098 1514 1134 1595 τῇ
1152 1514 1212 1572 τῶν
1228 1503 1413 1584 σίναδιδοξόν·

278 1633 338 1673 ταν
354 1602 537 1694 οἲληθεστοίτη
555 1605 693 1693 ἑρμηνεία
711 1603 890 1690 ἀπέγραφον
906 1615 960 1672 τοῦ
978 1605 1073 1690 νόμον
1088 1607 1198 1696 ᾔτησεν.
1224 1612 1264 1672 oi
1277 1609 1310 1674 δέ
1322 1605 1414 1687 ῶφθό·

156 1748 208 1795 μς.
221 1735 254 1780 εει
280 1733 340 1784 νοις
364 1703 524 1781 δεδωκότες
544 1703 614 1787 μετδ
637 1707 687 1770 καί
705 1714 759 1771 τοῦ
776 1706 870 1789 νόμου
887 1705 1018 1794 Ἕσδραν
1039 1707 1104 1775 τινοί
1120 1711 1198 1795 ίερέα
1216 1707 1416 1776 ἀποστέλλουσι

276 1806 436 1890 παιδευτὴν
443 1814 497 1873 τοῦ
506 1805 601 1888 νόμον
611 1805 670 1874 οίπδ
681 1812 867 1891 Βαβυλῶνος,
880 1808 955 1894 πρός
970 1808 1002 1876 τό
1014 1815 1169 1876 παιδεῦσαι
1182 1810 1253 1888 τοῦς
1268 1815 1299 1878 ἐν
1316 1819 1417 1902 τῇΣα-
1457 1887 1463 1899 ⁴

276 1915 383 1998 μαρείμ
400 1911 602 1984 καθεσθέντος
615 1905 795 1995 Ἀσσυρίους,
819 1909 889 1986 τοῦς
903 1913 1182 1997 προδεδηλωμένους
1201 1919 1418 1988 13Χουθοιίους

275 2015 328 2079 καὶ
347 2011 467 2090 δλλους,
489 2009 540 2076 τόν
554 2013 647 2093 νόμον
661 2009 712 2077 τόν
726 2014 890 2088 Μαῦσέος.
935 2018 1052 2078 Γίνεται
1074 2013 1106 2079 δέ
1126 2022 1212 2080 τοῦτο
1233 2017 1264 2082 έν
1285 2023 1329 2104 τῷ
1343 2043 1415 2101 τρια·

278 2121 374 2202 κοοτηδ
393 2116 449 2178 ἔτει
465 2116 552 2178 πλείω
574 2111 595 2195 ἢ
617 2111 726 2178 έλοίσοα
743 2121 795 2195 τῆς
809 2122 862 2180 τοῦ
876 2112 994 2201 Ἰσραὴλ
1010 2117 1060 2181 καλ
1072 2113 1264 2202 Ἰερουσαλὴμ
1279 2120 1418 2200 αἰχμαλω-

276 2220 350 2292 σίας.
391 2211 546 2280 Ἐπαίδευε
564 2219 665 2282 τοίνυν
677 2212 808 2301 Ἔσδρας
828 2218 880 2282 καί
900 2220 930 2282 οί
945 2215 1004 2300 μετ’
1022 2214 1115 2284 αὐτοῦ
1133 2215 1167 2282 τό
1184 2221 1266 2303 γένος
1282 2219 1318 2286 τό
1334 2222 1366 2286 ἐν
1383 2231 1416 2308 τῇ

277 2320 446 2404 Σαμαρείᾳ,
467 2317 518 2381 καλ
533 2315 699 2400 ἐκλήθησαν
714 2324 911 2400 Σαμαρεῖται,
941 2321 974 2384 οἷ
987 2317 1039 2385 τόν
1055 2317 1147 2400 νόμον
1168 2318 1218 2386 διοί
1238 2327 1291 2386 τοῦ
1310 2319 1418 2406 Ἓσδρα

276 2427 330 2486 τοῦ
353 2415 411 2484 οίπδ
439 2425 616 2504 Βαβυλῶνος
638 2417 762 2501 ἥκοντος
787 2417 997 2502 διαδεξόμενοι.
1040 2429 1153 2503 Διῆλθε
1171 2423 1203 2487 δέ
1222 2421 1330 2506 χρόνος
1350 2425 1419 2488 ἐτῶν

275 2519 490 2606 τεσσαράκοντα
505 2517 613 2600 ἄλλον,
642 2522 693 2586 καλ
707 2518 727 2604 ἡ
741 2523 918 2604 αἰχμαλωσία
940 2518 1062 2606 δυείθη,
1092 2525 1143 2589 καί
1162 2521 1292 2607 α’νῆλθεν
1305 2522 1418 2610 Ἰσραὴλ

277 2620 336 2688 οίπό
357 2629 409 2705 τῆς
430 2625 616 2704 Βαβυλῶνος.

144 2743 209 2810 Κεφ.
224 2737 258 2807 η’.
358 2721 480 2804 ’Βιτέστη
508 2723 541 2788 δέ
564 2722 741 2808 θαυμάζειν,
773 2729 838 2800 πῶς
860 2727 1026 2808 συμβέβηκε
1050 2724 1087 2790 τδ
1114 2729 1238 2812 τέσσαρα
1266 2729 1344 2812 ἔθνη
1372 2728 1419 2792 καλ

277 2827 417 2909 τέσσαρας
436 2826 561 2908 αλρέσεις
584 2827 616 2892 ἐν
639 2823 717 2913 αδτρῑ
739 2832 779 2912 τῶ
799 2828 880 2892 ἔθνει
897 2829 1050 2914 γενέσθαι,
1073 2830 1150 2911 φημλ
1165 2830 1197 2894 δέ
1214 2836 1336 2914 πρῶτον
1360 2826 1419 2894 Ἐσ-

277 2933 389 3010 σηνῶν,
419 2925 554 3012 δεύτερον
587 2933 790 3012 ιΓορθηνῶν,
818 2932 916 3011 τρίτον
944 2934 1132 3012 Σεβουαίοον,
1169 2932 1308 3017 τέταρτον
1336 2938 1420 2997 Δοσι·

275 3031 366 3094 θέσιν.
408 3024 565 3094 Ἐντεῦθεν
589 3025 663 3113 ῶρχὴ
688 3053 737 3110 μοι
763 3033 870 3113 γίνεται
893 3037 946 3112 τῆς
972 3038 1026 3096 τοῦ
1048 3033 1261 3118 ἐπαγγέλματος
1278 3031 1356 3098 κατδ
1379 3035 1420 3096 αλ·

279 3132 386 3217 ρέσεοον
398 3139 608 3216 πραγματείας,
626 3132 678 3195 καὶ
693 3127 726 3194 τδ
743 3133 853 3210 αέτιον,
875 3130 956 3208 ὅπως
974 3132 1172 3216 ’διασαφησα
1192 3137 1224 3200 ἐν
1237 3139 1344 3220 βραχεῖ
1356 3137 1420 3220 ἐρῶ.

283 3237 320 3296 Τι’
341 3233 374 3296 δέ
392 3234 470 3297 ἐστιν
494 3231 562 3298 ῦλλο
582 3231 605 3315 ἢ
627 3230 672 3298 δτι
693 3229 753 3298 οἷπδ
769 3239 822 3314 τῆς
837 3239 896 3297 τῶν
916 3241 1053 3319 γλωσσῶν
1070 3233 1244 3321 πολυφόρσυ
1261 3233 1420 3318 δλλοιοφα-

278 3337 344 3409 νίας
358 3335 448 3414 φυλαί
466 3332 614 3420 γεγόνασι,
636 3331 711 3399 κατδ
728 3335 760 3400 δὲ
777 3333 901 3418 ἐκόστην
913 3334 1011 3419 φυλήν
1026 3361 1057 3402 τε
1072 3338 1124 3402 καλ
1138 3341 1331 3423 πατριαρχλοιν
1347 3341 1419 3420 ἔθνη

278 3433 409 3519 διάφορα
429 3437 571 3518 προέστης
605 3443 675 3502 Πᾶν
695 3437 727 3501 δέ
745 3439 837 3512 ἔθνος
851 3437 944 3524 ἕαυτρῦ
969 3437 1166 3523 προεστήσατο
1181 3442 1303 3522 βασιλέα
1319 3443 1362 3517 εἰς
1377 3463 1420 3505 κε-

277 3535 384 3619 φαλήν.
427 3539 603 3620 Συμβέβηκε
626 3540 657 3604 δέ
681 3535 740 3604 οίπδ
764 3536 872 3604 τοῦτον
900 3537 1027 3622 πόλεμον
1051 3536 1125 3605 τίνοι
1145 3543 1196 3606 καί
1215 3543 1353 3609 ἔνστασιν
1372 3542 1420 3607 καλ

280 3636 491 3724 συμπληγόδας
514 3642 613 3705 ἐθνῶν
637 3643 670 3706 ἐν
696 3643 795 3706 ἔθνεσι
818 3641 1077 3726 συρβηγνυμένοιν,
1105 3640 1229 3708 ἓκόστου
1247 3646 1421 3728 βιαζομένου

279 3738 312 3806 εδ
331 3743 409 3807 ἴδιον
420 3743 536 3824 θέλημα
550 3749 768 3826 προτιμᾶσθαι,
790 3744 832 3818 είς
848 3740 953 3808 έουτόν
968 3743 999 3808 δέ
1022 3741 1059 3808 τοί
1079 3751 1140 3809 τῶν
1164 3747 1254 3820 πέλας
1275 3742 1420 3831 οίποφέρε·

278 3851 365 3922 σθαι,
387 3840 437 3909 διαί
453 3841 507 3926 τήν
522 3845 555 3908 ἐν
568 3850 609 3932 τῷ
625 3845 681 3932 βίρο
696 3846 727 3909 ἐν
745 3840 813 3928 ἡμῖν
828 3851 918 3910 πᾶσιν
940 3842 1097 3930 οίκόρεστον
1111 3851 1288 3924 πλεονεξίαν.
1337 3847 1421 3912 Ου”τα

277 3945 330 4008 καλ
344 3943 484 4034 ἐντούτῳ
502 3951 542 4032 τῷ
559 3952 653 4033 καιρῷ
674 3953 714 4034 τῷ
731 3949 988 4035 προδεδηλωμένῳ,
1011 3947 1228 4031 μεταπεσούσης
1237 3956 1291 4014 τοῦ
1303 3947 1422 4034 Ἰσραὴλ

278 4052 331 4129 τῆς
351 4054 420 4130 μιᾶς
442 4051 602 4132 θρησκείας
624 4049 675 4112 καὶ
699 4055 752 4130 τῆς
772 4044 849 4113 κατὰ
868 4046 920 4114 τόν
933 4048 1028 4132 νόμον
1044 4056 1161 4136 γραφῆς
1183 4053 1225 4127 είς
1242 4053 1326 4135 ἔτερα
1342 4053 1421 4138 γένη,

314 4268 352 4320 ¹1.
377 4299 434 4330 .,-
454 4271 603 4323 admirantes
625 4271 658 4321 δε
686 4288 771 4322 eorum
791 4270 832 4338 qui
900 4271 939 4323 12.
964 4269 1094 4339 φήσαντες
1119 4278 1228 4337 rammi
1249 4290 1279 4326 ετ
1307 4278 1422 4328 ποιοῦσί.

277 4336 346 4404 μήτε
360 4336 558 4390 ἱοέιολιὶτειοεοοι
570 4339 640 4390 δινσιε
653 4338 712 4389 aede
727 4357 757 4390 οο
771 4339 831 4400 vita,
864 4341 963 4392 Ριλουίλ.
989 4343 1054 4390 δέδιε·
1069 4344 1140 4404 υιιλςο
1156 4343 1239 4392 habent
1251 4338 1399 4409 wicum.

277 4404 548 4526 ρρρῗοὲλορῃςγορρρειὶοι
560 4407 699 4458 παίοντα·
713 4413 763 4460 τελλ.
777 4423 831 4460 οοιι·
901 4406 939 4460 λδ.
956 4405 1085 4469 Χυθαίους
1101 4411 1156 4462 εσίλ.
1169 4411 1250 4462 ww.
