2984 4996
307 301 442 353 ruuumr
459 301 523 354 urs.
536 304 555 354 1.
574 303 656 355 rou.
669 303 713 354 ιιι.
731 299 828 354 nuru.
843 303 939 357 xoru.
1140 291 1202 358 689

49 420 279 485 comminatione
298 420 485 506 perstringit:
516 426 573 500 Qui
589 445 645 484 non
660 425 832 504 honorificat
840 426 956 504 fidicen,
981 436 1015 486 ut
1032 427 1284 506 honorificantem.
1291 443 1312 498 ι,
1320 442 1353 486 ιι.

46 537 178 604 putrem,
207 529 253 586 r'rc
273 528 325 586 dei
343 528 372 588 i'n
397 528 447 586 ille
469 537 570 587 manet.
617 525 664 588 Ao
690 547 745 590 nos
773 525 919 611 plerisque
943 527 1000 590 iam
1028 526 1203 593 testimoniis

51 626 237 692 ostendimus
262 649 349 691 unum
369 648 435 692 csse
456 628 540 691 deum
564 647 598 690 uc
617 637 728 712 patrem
748 628 854 690 domini
879 628 971 692 nostri
992 626 1062 692 losu
1078 626 1202 711 Christi,

51 729 101 811 qui
128 729 221 792 bonus
245 741 291 792 est
310 729 476 814 bonumque
498 729 617 814 genuit,
643 729 749 794 caritas
769 731 844 794 idem
868 740 914 794 est
933 740 963 793 et
983 731 1133 796 caritatem
1152 753 1203 816 ge·
1345 801 1348 808 Δ

52 831 135 911 nuit,
162 833 226 896 loos
242 843 289 895 est
305 843 333 896 et
352 835 461 896 lentem
481 834 559 896 vitae
576 833 714 918 produxit
736 825 836 916 (Apud
849 847 875 895 ee
890 838 963 896 ιιιίιιι
979 837 1101 918 estsons
1117 839 1200 911 oe'tue,
1216 851 1253 896 m.
1267 853 1301 907 ss,
1314 853 1345 898 ιι

54 935 97 996 ait
114 933 286 1020 scriptura)=
311 937 386 999 idem
408 947 438 998 et
452 935 563 999 veritas
584 945 630 998 est
649 946 679 999 et
697 936 848 1001 veritatem
873 936 990 1018 genuit,
1015 937 1205 1022 similiterque

53 1034 152 1099 lumen
171 1049 216 1100 est
234 1038 372 1101 etlumen
390 1039 508 1122 genuit,
532 1037 592 1100 vito
607 1049 653 1100 est
671 1047 701 1100 et
719 1037 805 1102 vitam
828 1038 1014 1124 propagauit,
1039 1039 1164 1122 i'dque
1140 1061 1205 1104 stne

54 1139 117 1200 ullo
133 1139 287 1256 principio,
311 1140 347 1204 ab
363 1151 496 1220 aeterno,
521 1139 651 1224 citraque
668 1151 791 1224 tempus.
828 1137 894 1224 Qua
911 1141 1026 1250 ratione
1042 1138 1205 1206 Marcionis

55 1261 144 1304 error
165 1243 259 1305 omnis
282 1241 436 1306 evertitur.

143 1340 229 1425 Quae
249 1367 313 1408 eum
331 1345 370 1408 ita
393 1364 425 1409 se
447 1345 589 1425 habeant,
613 1366 647 1408 ae
667 1344 846 1410 nebulonis
837 1344 922 1408 rstius
938 1345 1035 1410 multis
1053 1357 1083 1410 et
1102 1347 1205 1410 certis-

56 1443 140 1510 simis
158 1447 320 1511 rationibus
337 1448 397 1512 siut
418 1449 551 1513 convicta
573 1447 741 1527 mendacia,
770 1468 805 1511 ae
828 1448 975 1530 negotium
999 1469 1085 1538 omne
1107 1451 1205 1512 conle-

58 1558 154 1629 ctum,
178 1551 214 1614 ad
236 1548 293 1614 alia
312 1560 513 1630 transeamus,
538 1562 568 1615 et
589 1549 642 1614 bao
661 1550 741 1615 velut
764 1550 881 1614 immani
899 1551 1020 1635 quadam
1039 1550 1138 1636 aspide
1154 1573 1205 1616 ue·

58 1651 182 1715 cissimis
198 1651 355 1716 salvatorIs
374 1652 472 1716 verbis
487 1652 611 1732 obtrita,
635 1654 683 1736 qni
701 1653 792 1730 dixit,
816 1657 890 1714 lledr'
902 1655 979 1714 nebule
994 1656 1107 1716 calcare
1121 1661 1356 1736 superum.‘1u,ru.

56 1767 217 1835 serpentes,
241 1767 271 1817 et
290 1760 466 1836 scorpiones,
491 1768 521 1818 et
542 1778 627 1837 super
646 1778 750 1817 omnem
764 1767 929 1836 potestatem
950 1761 1070 1831 ιἰιιιιιίιὶ,
1100 1755 1136 1821 ad
1159 1777 1206 1821 ee-

57 1867 188 1921 terorum
205 1878 261 1922 nos
278 1857 498 1944 contemplanda
515 1878 549 1922 ao
566 1859 718 1922 refutanda
735 1857 835 1922 deliria
853 1859 1028 1938 referamus,
1053 1859 1096 1924 sio
1113 1871 1145 1925 ιιι
1161 1860 1207 1924 dei

58 1959 88 2022 in
112 1959 247 2026 omuibus
268 1981 351 2047 opem
374 1982 408 2024 ac
429 1959 604 2048 praesidium
626 1960 824 2046 imploremus.

368 2201 557 2278 cunrat
582 2161 906 2296 suorumsrss
993 2161 997 2172 ’

263 2345 345 2417 quae
372 2329 423 2396 est
447 2321 595 2398 haeresis
621 2322 771 2414 XXIII,
797 2323 851 2398 sel
876 2321 1006 2399 XLIII.

144 2470 295 2537 Lucienus
309 2474 423 2558 quidam
441 2474 597 2559 antiquior,
623 2497 680 2538 non
696 2475 744 2538 ille
761 2473 808 2558 qui
826 2484 922 2538 aetate
940 2450 1040 2537 ndstra
1057 2473 1111 2538 sub
1126 2469 1206 2537 Con·
1225 2489 1284 2558 cap.
1298 2491 1316 2541 1.

60 2575 192 2640 stanti'no
204 2574 322 2639 seniore
338 2576 424 2656 visit,
449 2598 535 2660 quem
551 2577 654 2642 Ariani
674 2577 750 2640 iuter
766 2585 911 2666 martyres
926 2576 1105 2641 adscribunt.
1140 2571 1212 2639 Fuit

61 2678 141 2741 cuim
166 2674 316 2742 Lucienus
341 2677 397 2742 iste
423 2677 520 2742 iunior
543 2679 721 2745 Asianorum
750 2677 899 2742 erroribus
923 2679 1064 2757 inlectus,
1095 2679 1131 2742 de
1153 2700 1211 2762 qno

61 2791 184 2866 postea,
209 2801 272 2844 curn
284 2780 460 2844 ⁴refutandus
474 2782 547 2862 erit,
572 2781 665 2846 acturi
682 2803 799 2846 sumus:
823 2802 900 2846 nuno
915 2782 1057 2846 adversus
1072 2780 1211 2844 maiorem

61 2882 144 2945 illum
159 2878 322 2947 buciacum
337 2883 521 2970 suscipienda
538 2883 622 2948 nobis
637 2896 682 2948 est
696 2883 862 2970 disputatio.
908 2882 966 2948 Hie
979 2883 1069 2968 igitur
1082 2880 1212 2947 Marcio·

61 2985 111 3048 nis
135 2996 202 3048 ante
227 2995 373 3065 sectator,
397 2997 464 3072 post
485 2986 521 3050 ab
546 2989 648 3052 codem
671 2987 819 3066 divulsus,
849 2985 992 3071 prisatum
1015 2985 1069 3050 sibi
1092 3007 1211 3070 gregem

63 3087 244 3153 contrabens
266 3110 361 3154 novae
378 3100 478 3154 sectae
499 3091 591 3154 lautus
614 3101 659 3154 est
680 3090 830 3168 conditor,
854 3089 890 3152 ab
914 3110 1007 3173 eoque
1024 3085 1215 3152 Lucianistne

62 3203 183 3256 veteres
206 3211 312 3255 nomen
337 3203 524 3277 aeceperunt.
569 3189 664 3257 Porro
688 3189 849 3256 Marcionis
871 3189 919 3254 ille
943 3191 1076 3276 dogmata
1099 3189 1213 3275 penitus

62 3293 237 3377 complexus
259 3303 316 3358 est.
363 3291 477 3378 Quibus
499 3293 620 3381 perinde
640 3305 685 3358 est
708 3316 796 3373 usus,
826 3303 857 3356 ut
880 3293 915 3356 ad
940 3313 994 3356 nos
1022 3294 1094 3355 lama
1118 3303 1215 3356 estet

61 3395 214 3460 auditione
231 3395 385 3480 perlatum.
430 3395 507 3460 Nam
524 3419 588 3462 eum
603 3397 729 3480 antiquis
746 3396 784 3460 illi
803 3393 981 3480 temporibus
997 3394 1161 3473 extiterint,
1186 3406 1216 3458 et

62 3519 152 3583 quom
170 3496 309 3562 citissime
326 3499 458 3564 restincti
475 3499 551 3579 sint,
575 3499 739 3562 difficillima
755 3497 857 3576 uobis,
882 3508 913 3560 ut
929 3495 1052 3581 intelligi
1070 3497 1105 3560 ab
1123 3495 1216 3560 omni-

61 3602 120 3665 bus
137 3611 244 3686 potest,
268 3602 382 3666 illorum
399 3599 548 3686 inquisitio
567 3603 630 3665 luit.
676 3597 736 3665 Sed
751 3621 825 3684 quac
844 3600 880 3664 de
896 3599 945 3663 illo
964 3610 1120 3685 utcumque
1137 3620 1215 3664 cour-

61 3701 165 3791 perire
187 3704 350 3788 potuimus,
374 3715 442 3768 sont
464 3703 618 3769 eiusmodi.

149 3803 228 3870 Nam
252 3817 438 3890 posteaquam
455 3806 530 3871 alius
552 3806 588 3871 ab
607 3825 643 3870 eo
660 3804 835 3868 constitutus
853 3815 899 3869 est
917 3799 1044 3868 Creator
1066 3825 1099 3868 ao
1122 3801 1215 3868 Index

61 3919 96 3973 et
111 3904 229 3986 Iustus,
253 3905 354 3972 Bonus
372 3909 463 3989 alius,
487 3910 613 3995 itemque
629 3905 728 3972 Malus
745 3907 866 3986 tertius,
891 3907 1037 3972 nonnullis
1053 3904 1215 3971 Marcionis

62 4009 205 4096 exemplo
221 4011 395 4075 testimoniis
412 4010 513 4091 utitur,
538 4032 612 4097 quae
627 4032 667 4074 ex
685 4008 889 4096 prophetarum
906 4011 1023 4095 scriptis
1040 4010 1075 4073 ad
1091 4008 1215 4087 erroris,

62 4125 98 4179 ιιι
117 4113 185 4192 illc,
214 4112 258 4176 sui
281 4114 471 4199 patrocinium
497 4113 624 4178 adducit.
670 4109 842 4178 Cuiusmodi
865 4109 942 4175 istud
967 4123 1030 4176 est:
1060 4117 1154 4174 Vanus
1174 4123 1219 4174 est
1229 4132 1314 4190 uns,
1325 4134 1349 4178 ιι

62 4220 120 4300 qut'
138 4221 229 4278 seruit
248 4220 367 4280 dommo.
414 4211 506 4280 Item:
538 4221 711 4280 destiterunt
731 4219 797 4291 dec,
822 4226 852 4276 et
867 4217 943 4277 salui
957 4218 1121 4297 sanctisunt.
1167 4214 1215 4277 Al

99 4350 128 4406 6.
145 4353 211 4404 uon
224 4354 307 4406 nubent
320 4351 628 4422 umepqaeapluqc‚qucd
565 4355 753 4419 qucdunctnts
766 4319 863 4404 ιιιιιιυιι.

61 4425 267 4474 cletumcorrem'.
696 4417 1215 4482 (λιιι.-1.οιιιιιιιιιι.ιιιιιιιι.·(ὶιιί-

99 4489 127 4540 7.
150 4491 200 4540 llue
220 4491 288 4551 prtus
303 4486 491 4556 ἐπικαλούμενοι
506 4493 627 4542 obundore
660 4490 706 4540 bns
732 4489 807 4540 etiam
838 4496 940 4538 utuntur
968 4488 1006 4556 ips
1008 4489 1045 4539 ius
1073 4487 1214 4556 complices,

63 4563 147 4610 uisum
162 4561 194 4607 ιιι
211 4559 323 4608 Gurnorr‘o
339 4563 360 4608 et
374 4561 485 4622 Petouto,
508 4563 549 4622 qut
568 4561 629 4610 tllud
662 4543 730 4611 veluit
747 4558 813 4609 lamo
829 4557 862 4608 ad
879 4573 925 4608 nos
942 4558 1052 4625 pertulit.

120 4637 208 4694 oona·
221 4637 352 4684 neuneu
366 4635 395 4682 ιι
972 4647 1013 4710 44
