3036 4998
293 295 354 358 290
714 305 832 358 εκυοει
850 305 1016 356 nummu
1107 301 1110 322 ·

294 422 392 507 φήσας
405 417 484 510 αὐτῷ
498 418 516 488 δ
530 415 604 499 θεός
616 417 678 486 κατ’
694 424 866 504 ἐπιτίμησιν,
890 420 1045 507 Πόροικον
1058 421 1137 486 ἐσται
1149 417 1182 486 εδ
1198 421 1313 505 στεέρμα
1328 441 1383 486 σου
1398 422 1427 486 ἐν

294 531 331 615 γή
349 523 497 612 όλλοτρίγ,
526 525 577 588 καλ
592 522 864 590 καταδουλώσουσιν
881 521 977 589 θαύτδ
994 525 1043 606 ἐτη
1057 520 1244 609 τετρακόσια,
1273 521 1428 602 όσφαλείας

176 667 225 713 1¹¹ss-
239 655 284 700 ιεε,
297 630 380 694 ἕνεκα
397 624 448 691 διό
461 624 513 691 τόν
525 624 693 711 δισταγμδν,
714 625 751 692 δι’
767 625 802 691 δν
816 622 906 705 εἶπεν,
928 627 971 690 El
983 633 1023 714 τῷ
1038 625 1258 690 *ἕκατονταέτει
1272 624 1337 700 νίδς
1350 623 1430 710 γενή-

296 754 387 796 σεται·
408 732 458 794 ἵνα
473 725 513 812 μή
525 729 752 794 καταδουλωθέν
766 725 798 792 τδ
812 729 928 813 σπέρμα
940 725 1001 794 όπδ
1016 729 1228 812 είδωλολατρῶν
1240 725 1430 814 καλδπίστων

295 835 465 919 Αίγυπτίων
481 828 655 914 ἐπιλάθηται
669 835 745 895 θεοῦ
762 835 819 895 τοδν
837 831 971 914 πατέρων
990 827 1097 908 αὐτοῦ,
1127 831 1272 912 ἐπίθηκεν
1288 828 1430 920 αὐτῷκαὶ

295 933 395 1010 αὐτοῖς
414 931 468 1016 τήν
485 935 628 1018 ἐνσαρκον
644 930 803 1018 περιτομήν
809 981 817 1011 ,
846 935 897 997 ἵνα
915 929 1042 1017 δρῶντες
1057 929 1354 1014 ὐπομιμνήσκωνται,
1384 933 1429 997 καί

294 1043 498 1114 δυςωποδνται,
527 1038 577 1100 καλ
601 1033 641 1118 μή
667 1033 813 1122 ἀρνῶνται
833 1031 932 1099 αὐτόν.
977 1036 1038 1099 Καί
1055 1033 1204 1119 διήρκεσεν
1221 1033 1286 1118 δγρι
1306 1041 1430 1120 Χριστοῦ

293 1147 395 1204 τοῦτο·
411 1140 463 1203 καὶ
477 1136 587 1203 τούτου
599 1139 684 1204 ἕνεκα
696 1138 747 1202 καλ
761 1134 851 1212 αὐτός
863 1133 980 1202 εὐδοκεῖ
991 1143 1215 1222 περιτμηθῆναι.
1243 1139 1301 1202 Kal
1318 1135 1429 1222 ἄνθρω-

295 1265 352 1318 πος
368 1243 484 1327 γίγονεν
498 1241 532 1306 ἐν
545 1237 679 1328 ἀληθείᾳ,
699 1237 819 1305 ἄνωθεν
833 1237 928 1304 ἐλθοίν
943 1241 975 1304 ἐκ
990 1236 1102 1323 πατρός
1113 1237 1187 1315 θεός
1198 1237 1293 1324 λόγος,
1315 1241 1365 1306 καλ
1380 1237 1431 1305 αὐτ

293 1341 480 1425 δποθίμενος
495 1339 549 1425 τήν
563 1341 706 1425 θιόεητα,
729 1338 799 1406 α’λλδ
815 1339 909 1427 σάρκα
927 1341 1056 1426 φορέσας
1073 1344 1106 1407 ἐν
1122 1338 1262 1430 ὐληθείρ,
1283 1345 1390 1407 τελείαν
1404 1367 1431 1406 τε

295 1443 522 1531 ἐνανθροίινησιν
537 1446 625 1528 δγων,
655 1445 869 1529 περιτέμνεται,
899 1440 935 1508 ταὶ
952 1441 1049 1508 πάντα
1065 1446 1231 1526 σίκονομοῖν
1251 1445 1283 1510 ἐν
1301 1441 1430 1532 ἀληθείη,

294 1551 345 1614 ἵνα
359 1548 410 1612 καλ
422 1543 578 1626 Ἰουδαῖοι,
606 1544 647 1622 σός
662 1553 819 1632 προεῖπον,
844 1543 1057 1632 όναπολόγητοι
1074 1543 1170 1626 ὄντες,
1194 1547 1245 1611 καλ
1263 1553 1430 1630 Μανιγαῖοι,

299 1651 350 1715 καλ
366 1646 448 1714 όίλλοι
466 1647 707 1734 ἐλεγχθήσονται,
736 1650 786 1714 καὶ
804 1650 853 1712 ἵνα
870 1649 1061 1733 περιτμηθελς
1079 1645 1205 1734 εὐλόγως
1220 1647 1370 1740 καταλύσῃ
1385 1648 1433 1732 τήν

301 1747 474 1836 περιτομήν,
496 1752 547 1816 καί
561 1749 649 1832 δίλλην
663 1755 778 1834 μείζονα
792 1752 887 1839 δείξη,
909 1747 962 1833 οὐχ
977 1747 1018 1825 οίς
1032 1747 1073 1833 μή
1087 1751 1173 1833 ἔχων,
1195 1751 1245 1816 καλ
1260 1752 1357 1839 ἕαυτηδ
1372 1771 1433 1816 συν-

303 1849 470 1934 ιστάμενος,
498 1849 567 1916 ολλλδ
591 1855 664 1936 ἔχων
684 1853 748 1936 μὲν,
778 1849 892 1928 δεικνύς
913 1852 945 1917 δέ
965 1850 1010 1918 δτι
1032 1850 1139 1935 ταύτης
1155 1849 1252 1918 σύιτέιι
1272 1854 1334 1918 ἐστλ
1349 1857 1433 1940 χρεία,

302 1951 372 2020 ὐλλδ
392 1961 445 2036 τής
465 1957 599 2036 μείζονος.

153 2075 218 2144 Κεφ,
235 2071 285 2130 κη’,
388 2059 448 2121 Καί
465 2054 512 2122 δτι
528 2057 584 2138 μίν
596 2054 688 2132 εόθύς
702 2057 856 2142 γεννηθείς
872 2054 945 2132 θεδς
959 2048 1014 2140 ήν,
1043 2057 1093 2121 καλ
1111 2051 1148 2121 οὐ
1164 2054 1253 2139 ψιλός
1268 2055 1433 2142 ἅνθρωπος,

303 2161 335 2225 οί
351 2157 456 2244 Μόγοι
476 2165 579 2240 σαφοίς
596 2163 730 2238 δείξουσι.
773 2155 861 2224 Mn&
879 2157 934 2244 γδρ
953 2157 1008 2224 δόο
1027 2160 1101 2224 ἐτοῖν
1118 2157 1240 2244 χρόνον,
1270 2156 1311 2236 ός
1327 2162 1434 2238 ἔδειξαν

302 2267 343 2349 τῷ
357 2256 472 2350 Ἡρώδη
487 2259 539 2327 τόν
551 2259 656 2346 χρόνον
668 2267 722 2327 τοῦ
738 2258 868 2345 ὐστίρος,
885 2257 944 2326 ὐπδ
959 2265 1072 2337 διετοῦς
1086 2262 1136 2326 τιαλ
1150 2263 1315 2348 κατωτέρω,
1337 2261 1433 2330 ἐλθόν·

303 2388 349 2438 τες
364 2365 405 2439 είς
416 2360 617 2448 Ἰερουσαλήμ,
638 2366 689 2429 καί
702 2361 896 2448 ἐρωτήσαντες
910 2365 941 2428 οί
951 2360 1036 2430 αὐτοὶ
1054 2361 1172 2448 Μόγοι,
1194 2366 1245 2429 καί
1260 2363 1380 2450 γνόντες
1393 2363 1433 2430 ότι

306 2467 336 2530 ἐν
350 2465 482 2548 Βηθλεέμ
499 2463 626 2552 Χριστός
640 2469 789 2552 γεννᾶται,
817 2467 942 2547 ἐξῆλθον
957 2464 1046 2532 πόλιν
1060 2472 1115 2532 τοῦ
1129 2463 1249 2552 ὐστέρος
1262 2463 1436 2554 δδηγοῦντος

305 2563 421 2647 αὐτοῖς,
450 2569 501 2634 καί
520 2561 616 2652 ἦλθον
637 2565 694 2634 ὐπδ
712 2564 917 2653 Ἱεροσολύμων
935 2569 977 2644 είς
995 2569 1138 2652 Βηθλεέμ.
1183 2569 1244 2634 Καὶ
1264 2567 1437 2646 είςελθόντες

303 2662 390 2756 εὖρον
405 2667 495 2736 αὐτόν
509 2669 579 2752 μετδ
593 2676 646 2752 τῆς
660 2667 768 2755 μητρός
784 2667 876 2735 αὐτοῦ
891 2675 1028 2756 Μαρίας,
1049 2671 1101 2735 καί
1115 2667 1252 2746 πεσόντες
1263 2669 1436 2755 προςεκόνη

304 2793 360 2836 σαν
374 2769 467 2860 αὐτῷ,
489 2773 539 2837 καί
553 2770 754 2858 προςήνεγκαν
768 2769 804 2836 τσλ
819 2775 908 2857 δῶρα.
950 2775 994 2838 Et
1004 2775 1104 2838 τοίνυν
1120 2769 1213 2850 εὐθύς
1226 2783 1437 2858 πρσςκαναῖτατ,

305 2870 342 2939 ου’
362 2873 450 2956 ψιλός
467 2872 626 2960 ἄνθρωπος
643 2870 661 2940 δ
678 2875 846 2959 γεννηθείς,
875 2871 944 2940 α’λλδ
963 2874 1048 2952 θεός·
1078 2876 1130 2940 καλ
1145 2872 1181 2940 οὐ
1198 2873 1269 2958 μετὰ
1286 2874 1437 2960 τριόκοντα

306 2977 371 3058 ἐτη,
400 2977 449 3042 καλ
467 2973 505 3041 οὐ
521 2973 592 3058 μεταλ
605 2974 639 3042 τό
656 2975 807 3059 βάπτισμα
825 2975 952 3061 Χριστός
966 2981 1089 3063 γίνεται,
1118 2975 1188 3042 α’λλαὶ
1205 2974 1299 3055 εὐθύς
1315 2974 1438 3064 Χριστός

306 3075 451 3163 ἐγεννήθη
466 3076 524 3144 αλπδ
541 3083 665 3164 Μαρίας
676 3080 831 3164 παρθένου
844 3077 918 3156 θεός
931 3082 981 3144 καλ
996 3077 1164 3166 όνθρωπος.
1207 3078 1264 3145 Αιδ
1281 3082 1329 3146 καλ
1347 3083 1380 3146 ολ
1393 3077 1437 3162 δγ-
1497 3089 1498 3104 ’

305 3187 382 3264 γελοι
399 3177 647 3262 εὐθύςύμνοῦσι,
676 3182 820 3266 λέγοντες,
850 3179 932 3259 Δόξα
948 3183 979 3248 ἐν
995 3178 1132 3263 ὑψίστοις
1147 3187 1227 3270 θεῷ,
1256 3183 1307 3248 καλ
1324 3184 1374 3248 ἐπλ
1389 3188 1439 3266 γῆς

306 3279 424 3367 εἰρήνη,
447 3284 479 3348 ἐν
493 3279 667 3368 ὐνθροίπσις
679 3280 813 3364 εὐδοκία,
836 3285 886 3349 καί
899 3281 1124 3370 εὐαγγελίζονται
1137 3283 1208 3360 τούς
1222 3285 1378 3366 ποιμένας,
1398 3285 1437 3346 λί-

306 3409 415 3468 γυντες,
435 3380 595 3470 Ἐγεννήθη
610 3383 680 3468 ήμῖν
695 3384 823 3472 Χριστός
835 3385 937 3472 κύριος
952 3384 1078 3472 σήμερον
1092 3387 1123 3452 ἐν
1136 3385 1218 3453 πόλει
1231 3389 1339 3469 Δαβίδ.
1383 3386 1439 3448 Καὶ
1496 3419 1497 3427 ¹

306 3483 344 3550 οὐ
357 3483 449 3568 μόνον
465 3494 566 3563 τοῦτο,
589 3481 792 3571 όήπατημίνε
805 3485 924 3570 Ἐβίων,
945 3492 1106 3567 δείκνυται,
1129 3485 1198 3552 σῖλλιλ
1214 3486 1339 3554 καλόντί
1354 3491 1437 3554 δωδε-

306 3594 428 3663 καετοῦς
443 3585 603 3674 εὐρίσκεται
620 3589 790 3674 καθήμενος
806 3587 951 3674 όναμίσον
967 3597 1026 3657 τῶν
1043 3591 1143 3675 ίερέων
1161 3591 1211 3656 καί
1228 3591 1437 3676 πρεσβυτέραν,

188 3723 237 3770 ηις.
250 3714 294 3758 σεε.
308 3689 423 3774 ἐρωτῶν
439 3687 561 3770 αὐτούς,
582 3694 634 3758 καί
649 3700 740 3775 ζητῶν
758 3689 815 3774 μετ’
829 3689 942 3774 αὐτῶν,
963 3695 1014 3758 καλ
1030 3691 1231 3777 ἐξεπλήττοντο
1247 3695 1296 3758 ἐπὶ
1311 3701 1352 3783 τῷ
1367 3690 1439 3780 λόγῳ
1495 3677 1496 3747 ί

306 3797 358 3872 τῆς
371 3789 498 3878 χάριτος,
516 3801 557 3882 τῷ
572 3796 793 3884 ἐκπορευομίνηο
810 3797 843 3862 ἐκ
856 3801 910 3861 τοῦ
924 3793 1065 3878 στόματος
1080 3793 1181 3864 αὐτοῦ.
1222 3796 1283 3860 Καὶ
1296 3793 1357 3878 οὐχὶ
1373 3791 1440 3877 μετύ

306 3891 338 3958 τό
355 3892 526 3978 τριακοστόν
539 3897 603 3970 ἐτος
617 3897 708 3961 ἐποίει
720 3905 821 3977 τοῦτο,
843 3900 893 3963 ἵνα
907 3901 992 3988 είπής
1012 3896 1058 3964 ὅτι
1075 3894 1126 3978 ὐφ’
1141 3889 1179 3963 οὐ
1192 3889 1267 3980 ἦλθε
1281 3894 1315 3962 τδ
1330 3902 1441 3977 πνεῦμα
1494 3925 1495 3940 ¹

307 3997 348 4071 είς
371 3993 460 4063 αὐτόν
484 3995 611 4084 Χριστός
629 3997 754 4083 ἐγίνετο,
783 3997 853 4064 σλλλολ
873 3997 967 4075 εὐθύς
987 3997 1046 4066 όπδ
1069 4002 1281 4078 δωδεκαετοῦς,
1311 3994 1354 4074 τίς
1373 4023 1441 4082 πρσ-

306 4105 406 4180 εἷπον,
435 4097 476 4177 τίς
492 4101 648 4186 γέγραπται
674 4101 704 4166 ἐν
727 4108 768 4190 τῷ
787 4100 861 4168 κοτδ
879 4107 1003 4168 Λουκᾶν
1023 4099 1185 4192 εὐαγγελίῳ.
1227 4099 1309 4167 'AM
1329 4101 1383 4166 καλ
1405 4101 1442 4166 ἔτι

338 4289 364 4344 δ.
381 4285 441 4345 αὐτό
458 4293 592 4354 reponam
606 4293 657 4344 ανδ
670 4293 776 4357 Rhedt‘a„
790 4307 858 4346 ιτπευ
893 4292 996 4344 vitutem
1013 4291 1115 4360 adigunt
1132 4293 1213 4362 ἰριυαι
1232 4309 1277 4362 ρετ
1295 4307 1375 4344 annos
1392 4299 1442 4342 tre-

304 4363 439 4421 postulante.
463 4361 527 4409 Εδιλι·
541 4362 594 4410 λίθω·
607 4363 690 4410 habent
703 4353 780 4413 αὐτοὶ
810 4363 858 4413 Sed
893 4371 985 4413 centos.

306 4429 432 4479 (ίαεαωτίαα
447 4433 506 4478 recte
524 4432 591 4480 verm
607 4430 703 4480 ίιαίίαετ
720 4440 745 4479 ει
758 4416 786 4480 Ιίσ
802 4447 857 4481 αττ·
924 4427 949 4482 ελ.
965 4431 1028 4482 mn·
1042 4433 1113 4496 υαλςσ
1129 4444 1207 4484 νουσα
1224 4427 1399 4497 λκαταντῦδτῃ·

1480 4739 1492 4952 ί
