3006 4990
307 326 366 388 164
725 332 846 386 θλΝθΤΙ
861 331 1032 385 ΕΡλΡΗΔΝλλ

308 449 479 534 προςδέχου.
527 446 579 527 Ώς
600 451 650 516 καλ
675 445 750 514 αύτά
771 446 806 512 τά
826 444 968 532 Ἑβραῖκά
993 443 1111 530 ῥήματα
1133 444 1294 513 τελειότατα
1320 448 1445 512 ἐνταῦθα

309 548 524 634 παραθήσομαι
537 549 640 626 αύταῖς
653 553 778 629 λέξεσιν,
799 547 840 624 ύίς
858 551 918 614 έστι
931 551 1138 634 γεγραμμένον.
1188 546 1227 614 Τό
1242 547 1298 634 γάρ
1317 553 1444 612 6Σαιιλυ·

310 659 366 719 σοῦ
382 659 542 718 Σαυλασαύ
555 650 740 738 ἑρμηνεύεται
756 656 861 730 θλίψις
876 651 925 715 έπλ
938 653 1061 730 θλίψιν,
1089 648 1270 716 Καυλακαύκ
1287 649 1443 714 Καυλακάκ

310 756 391 830 έλπλς
407 751 451 820 λα’
467 757 575 831 ἐλπίδι,
599 751 733 838 Ζιηρσάμ
753 750 887 836 Ζιηρσάμ
903 754 945 816 έτι
959 750 1079 836 μικρόν,
1101 754 1142 817 έτι
1158 750 1262 836 μικρόν
1277 753 1441 834 προςδέγοο.

311 859 381 920 Ποῦ
400 847 455 921 ούν
473 853 495 938 ἧ
513 855 625 922 τούτων
646 858 826 938 μυθολογίας
854 860 914 920 ποῦ
935 850 1103 935 ἦκίσσησις
1122 858 1176 935 τῆς
1193 858 1443 938 φαντασιολογίαςς

309 955 406 1022 πόθεν
424 962 464 1045 τῷ
484 954 585 1046 κόσμφ
605 954 641 1021 τά
660 953 781 1034 ζιζάνιας
808 960 851 1031 τίς
872 951 890 1020 ό
908 953 1074 1040 άναγκάσας
1093 957 1133 1030 είς
1151 951 1274 1031 ἑαυτούς
1290 952 1445 1020 έπισπάσα·

309 1067 382 1124 σθαι
399 1055 524 1143 όλεθρον
539 1054 610 1134 τούς
627 1054 821 1142 άνθροίπουςς
852 1059 896 1120 Et
910 1058 962 1139 μέν
978 1054 1035 1142 γάρ
1052 1057 1243 1141 γινώσκοντες
1260 1059 1446 1138 μεταποίησον

309 1157 362 1234 τός
377 1155 536 1242 ὀνομασίας
551 1163 593 1235 είς
606 1163 769 1240 φαντασίαν
784 1156 942 1236 άπτολείας,
965 1159 1081 1234 ἑαυτοῖς
1093 1163 1254 1244 προφανῶς
1268 1161 1356 1223 αλτιοι
1371 1153 1446 1242 γεγό-

199 1262 202 1267 ’
223 1315 228 1328 .
310 1281 407 1326 νασιν·
423 1263 451 1325 εί
461 1261 493 1325 δέ
506 1257 680 1346 άγνοοῦντες
693 1259 712 1324 δι’
727 1259 767 1343 μή
777 1257 898 1350 ᾔδεισαν
912 1263 1036 1340 ἔφασαν,
1051 1257 1139 1326 ούδλν
1151 1258 1248 1325 αύτῶν
1262 1257 1446 1341 άθλιτάτερον.

309 1358 411 1445 Μοιρά
422 1359 479 1446 γάρ
491 1369 583 1427 ταῦτα
597 1359 637 1438 τός
652 1359 787 1444 άληθῶς,
808 1365 860 1427 καί
875 1364 963 1426 παντί
977 1367 1018 1450 τῷ
1032 1360 1148 1427 σύνεσιν
1162 1363 1326 1449 κεκτημένῳ
1342 1363 1374 1426 ἐν
1388 1365 1447 1445 θεῷ

308 1465 419 1529 ένεστιν
432 1465 512 1528 ίδτῖν.
542 1460 743 1539 Ἡδυπαθείας
757 1460 810 1548 γάρ
827 1462 912 1549 χάριν
926 1462 1050 1539 έαυτούς
1062 1489 1093 1529 τε
1107 1464 1158 1528 καί
1172 1461 1242 1539 τούς
1256 1463 1449 1545 πειθομένους

309 1561 461 1630 όποίλεσαν
481 1566 532 1628 καὶ
552 1561 738 1631 άπολλύουσι.
783 1571 907 1647 Πνεῦμα
926 1564 981 1650 γάρ
1004 1568 1062 1630 έστι
1084 1564 1194 1647 πλάνης
1216 1563 1310 1650 ύίςπερ
1327 1562 1448 1645 φύσημα

310 1667 342 1732 έν
367 1661 445 1754 αύλῷ
461 1663 618 1752 διαφόροις
638 1665 795 1749 κινήμασιν
812 1668 934 1732 ἕκαστον
953 1672 1010 1732 τῶν
1025 1663 1166 1750 άφρόνων
1184 1671 1288 1732 κινοῦν
1308 1664 1385 1730 κατά
1401 1669 1449 1745 τῆς

309 1764 457 1849 α’ληθείας.
500 1768 561 1832 Καὶ
574 1767 629 1852 γάρ
645 1770 694 1834 καί
709 1765 798 1844 αύτός
814 1765 832 1834 ό
847 1765 936 1843 αύλός
952 1767 1067 1850 μίμημά
1081 1770 1140 1834 ἐστι
1155 1773 1208 1834 τοῦ
1221 1765 1393 1853 δράκοντος,
1414 1761 1449 1830 δι’

310 1860 347 1934 ού
368 1865 502 1950 ἐλάλησεν
522 1867 540 1934 ό
557 1868 689 1955 πονηρός
706 1871 757 1934 καί
773 1866 903 1952 ἤπάτησε
918 1867 972 1950 τὴν
988 1868 1082 1934 Εύαν.
1123 1866 1195 1934 'Ano'
1212 1876 1264 1935 τοῦ
1281 1867 1379 1934 τύπου
1397 1865 1448 1952 γάρ

310 1973 422 2036 ἐκείνου
435 1968 509 2034 κατά
521 1975 641 2053 μίμησιν
652 1969 671 2037 ό
685 1969 773 2047 αύλός
784 1980 847 2046 τοῖς
860 1969 1033 2054 άνθραίποις
1044 1973 1086 2047 είς
1098 1967 1213 2054 άπάτην
1222 1969 1448 2049 κατεσκευάσθη.

311 2072 372 2136 Καὶ
391 2069 448 2157 όρα
467 2070 519 2137 τόν
539 2072 635 2138 τύπον
655 2071 690 2138 δν
710 2071 799 2149 αύτός
820 2070 838 2136 ό
856 2071 951 2137 αύλαῑν
969 2075 999 2137 έν
1016 2079 1058 2161 τῷ
1076 2071 1154 2161 αύλῷ
1170 2082 1303 2139 ποιεῖται.
1345 2069 1451 2136 Αύλῶν

309 2171 365 2259 γάρ
386 2170 448 2237 άνοι
465 2170 599 2240 άνανεύει
619 2177 695 2240 7καλ
711 2173 789 2240 κάτω
805 2173 970 2253 κατανεύει,
1002 2173 1082 2252 δεξιά
1098 2199 1128 2239 τε
1144 2179 1233 2240 κλίνει
1249 2176 1299 2240 καλ
1314 2171 1450 2254 εύοίνυμα

310 2270 419 2356 όμοίσις
439 2277 547 2364 έκείνφ.
596 2274 717 2352 Τούτοις
736 2274 793 2361 γάρ
816 2277 867 2341 καί
885 2273 903 2341 ό
923 2274 1060 2358 διάβολος
1080 2286 1142 2351 τοῖς
1161 2275 1286 2359 σχήμασι
1305 2277 1452 2360 κέχρηται,

309 2377 359 2440 ἵνα
376 2374 449 2442 κατά
465 2381 522 2442 τοῖν
539 2378 724 2462 έπουροινίεον
740 2380 899 2460 ἐνδείξηται
913 2376 967 2460 τήν
983 2382 1184 2460 βλασφημίαν,
1212 2379 1262 2442 καλ
1279 2375 1315 2442 τά
1334 2379 1385 2442 έπλ
1402 2379 1452 2457 τῆς

309 2484 365 2562 γῆς
385 2474 539 2567 άφανισμρῖ
557 2475 704 2568 άφανίση,
733 2481 784 2544 καλ
801 2477 878 2561 όμοῦ
896 2479 1098 2569 συμπεριλάβη
1119 2478 1171 2562 τη“ν
1187 2481 1380 2562 οἰκουμένην,
1408 2481 1452 2541 δε·

310 2577 358 2655 ξιά
377 2603 407 2644 τε
428 2581 477 2645 καί
495 2577 632 2663 εύοίνυμα
648 2580 860 2663 λυμαινόμενος
880 2579 951 2656 τούς
970 2586 1005 2670 τη
1021 2581 1116 2670 πλάνη
1133 2583 1330 2664 πειθομένους
1348 2604 1380 2646 τε
1401 2579 1452 2644 καί

199 2712 249 2759 μς.
262 2699 295 2744 τι.
308 2681 517 2765 θελγομένους,
539 2679 634 2769 όίςπερ
651 2681 701 2748 διά
716 2689 859 2765 μουσικοῦ
875 2680 1003 2769 ὀργάνου
1020 2691 1085 2759 ταῖς
1098 2693 1213 2765 φωναῖς
1227 2693 1292 2760 ταῖς
1307 2691 1452 2762 παιλανη-

309 2782 418 2864 μένοις.

179 3297 244 3360 Κῑσ
262 3294 295 3350 t'·
382 3292 483 3362 ’Ἄλλοι
498 3298 531 3362 δέ
545 3322 619 3374 τινες
635 3298 665 3375 έξ
682 3295 778 3364 αύτοῖν
793 3297 862 3364 κενά
877 3323 941 3364 τινα
959 3295 1089 3380 όνύματα
1103 3293 1333 3375 άναπλάιτουσι,
1354 3297 1453 3380 λέγον-

306 3420 352 3471 τες
365 3394 422 3474 ότι,
444 3395 560 3474 Σκότος
574 3391 611 3482 ἦν
624 3401 675 3464 καλ
689 3398 788 3481 βυθός
804 3402 854 3466 κοιλ
870 3399 961 3482 ύδοιρ,
984 3397 1017 3465 τό
1034 3400 1066 3463 δέ
1079 3403 1193 3482 πνεῦμα
1208 3393 1265 3462 οίνεί
1280 3400 1370 3479 μέσον
1385 3397 1453 3461 τού-

305 3503 363 3562 των’
382 3496 532 3582 διορισμόν
551 3500 708 3583 ἐποιήσατο
729 3500 841 3567 αύτοῖν·
871 3500 904 3566 τό
925 3503 957 3564 δέ
979 3499 1083 3576 σκότος
1103 3493 1142 3582 ἦν
1159 3498 1334 3582 χαλεπαῑνόν
1354 3523 1386 3564 τε
1402 3499 1455 3562 καί

304 3601 443 3684 έγκοτούν
463 3608 505 3688 τῷ
524 3599 683 3685 πνεύματι,
712 3601 785 3688 ὅπερ
804 3601 909 3678 σκότος
926 3599 1095 3685 άναδραμόν
1110 3599 1290 3687 περιεπλάκη
1306 3606 1347 3690 τῷ
1364 3597 1455 3665 πνεύ·

303 3727 384 3782 ματι·
405 3703 457 3768 καλ
470 3703 615 3786 ἐγέννησε,
640 3705 742 3784 1φασλ,
764 3703 829 3769 τινά
843 3703 973 3789 Μήτραν
985 3704 1176 3787 καλουμένην,
1198 3703 1262 3785 ἣτις
1275 3711 1455 3788 γεννηθεῖσα

303 3805 484 3884 ένεκίσσησεν
501 3805 532 3868 έν
549 3801 629 3892 αύτῷ
646 3809 686 3892 τῷ
702 3803 853 3887 πνεύματι.
894 3803 945 3870 Ἐκ
962 3805 1062 3887 θέτης
1078 3801 1456 3889 Μήτραςπροεβλήθησάν
1486 3849 1487 3889 η

301 3926 376 3980 τινες
389 3905 527 3989 τέσσαρες
541 3907 670 3984 Λίοῖντς,
702 3909 734 3972 ίκ
754 3907 786 3972 δέ
803 3912 861 3971 τῶν
878 3904 1025 3991 τεσσάρων
1040 3905 1167 3972 Αίόνοιν
1183 3903 1264 3971 άλλοι
1281 3909 1454 3972 δεκατέσσα-

301 4027 364 4086 ρες,
393 4007 444 4070 καλ
459 4005 558 4090 γέγονε
576 4005 666 4083 Δεξιά
683 4033 713 4072 τε
730 4009 781 4072 καλ
798 4005 964 4093 Ἂριστερά,
997 4014 1068 4082 Φῶς
1083 4009 1133 4072 καλ
1150 4007 1273 4084 Σκότος.
1306 4006 1457 4090 Ὕστερον
1485 4053 1486 4080 ,

300 4104 333 4168 δέ
351 4105 422 4188 μετά
439 4104 552 4183 πάντας
568 4107 694 4185 τούτους
709 4111 931 4192 προβεβλησθαί
947 4135 1011 4175 τινα
1028 4107 1148 4192 αίσηρδν
1165 4113 1282 4188 Αίοῖνα,
1311 4113 1457 4192 μεμίχθαι
1485 4083 1486 4171 ί

300 4207 331 4270 δὲ
347 4212 451 4274 τοῦτον
462 4215 498 4298 τῇ
512 4207 625 4297 Μήτρμ
639 4217 673 4298 τῇ
687 4207 749 4276 άνοο
763 4213 1017 4300 προδεδηλωμίνη,
1034 4214 1086 4276 καὶ
1099 4214 1132 4278 έκ
1144 4211 1251 4278 τούτου
1265 4218 1318 4276 τοῦ
1329 4213 1458 4284 Αίοδνος

298 4313 351 4373 τοῦ
366 4309 486 4393 αίογροῦ
500 4311 551 4374 καλ
566 4313 619 4393 τῆς
633 4309 761 4396 Μήτρας
773 4313 920 4398 γεγονέναι
935 4311 1027 4390 θεούς
1041 4337 1070 4376 τε
1083 4315 1134 4377 καλ
1150 4311 1309 4398 ἀ’γγέλους
1321 4314 1372 4378 καί
1387 4317 1454 4376 δαί-

319 4459 598 4542 ,631weoss1'atimd
609 4467 649 4518 ιιλ.
660 4468 742 4516 Ριλου.
775 4467 856 4520 σαυλδ
923 4465 949 4520 7.
963 4465 1006 4520 καί
1020 4465 1091 4520 καίτοι
1102 4466 1233 4521 κατανεύει
1242 4466 1385 4536 (κατανίβη
1403 4469 1458 4518 ωδ

297 4544 326 4580 ον
337 4543 368 4579 αο
383 4529 512 4581 οαιιλασοῦ
521 4533 572 4582 σολ.
583 4533 679 4597 Rhodia.
690 4536 856 4596 ιιισλλφτλκα.
891 4536 976 4601 λοστ.)
990 4548 1003 4585 ι
1015 4537 1067 4586 οοσ.
1079 4538 1191 4588 vuum
1202 4538 1458 4614 mmm&
