3018 4994
370 359 505 410 ennean
523 360 584 410 uro.
600 361 618 410 r.
637 359 717 412 rom.
733 361 763 411 u.
782 360 881 411 utun.
896 359 1019 412 xxxin.
1213 353 1274 417 405

122 491 211 558 nent,
235 479 291 543 alia
309 475 389 543 Moci
407 477 559 543 tribuenda
578 489 663 558 suot,
688 501 745 543 nou
766 479 881 564 quidem
900 491 1043 566 qnatenus
1062 481 1167 566 aliquid
1184 504 1201 546 a
1221 483 1275 546 deo

121 583 200 647 illius
216 583 383 646 interventu
399 581 546 644 decretum
564 591 620 660 est,
637 583 689 645 sed
705 592 848 666 qnatenus
862 604 915 668 per
929 605 996 647 sese
1008 605 1042 647 ac
1056 595 1159 669 suapte
1172 597 1275 670 sponte

121 685 261 749 nonnulla
284 683 451 762 constitnitp
481 683 603 746 aliorum
629 684 752 768 denique
777 685 912 748 seniores
937 685 986 770 qui
1010 686 1039 748 in
1062 687 1167 772 populo
1191 700 1275 752 crartt

120 799 259 852 auctores
277 787 456 865 extiterunt,
478 807 513 849 ac
529 785 612 871 primi
630 785 670 849 illi
688 787 800 871 privata
815 788 954 870 prunedum
973 799 1128 873 praccepta
1142 790 1274 854 inserere

119 900 190 954 sunt
206 889 281 953 ausi.
328 885 414 970 Quod
430 889 669 972 quemadmodum
686 910 754 952 sese
772 889 876 952 babeat
891 911 930 952 ex
945 889 1016 975 ipsis
1033 892 1191 956 salvatoris
1208 913 1274 956 rer-

119 995 166 1058 bis
183 992 341 1076 intelliges.
386 987 443 1054 llic
460 991 536 1054 euim
553 991 675 1074 quodam
692 993 720 1054 in
737 992 802 1054 loco
819 993 854 1054 ad
873 1013 924 1056 eos
940 992 1029 1056 verba
1046 993 1158 1057 inciens
1176 995 1223 1078 qni
1239 995 1274 1058 de

117 1095 232 1177 repudii
247 1092 343 1157 libello
359 1113 458 1156 secum
475 1091 672 1177 disputabant,
697 1093 772 1178 qnod
791 1093 983 1177 permissione
999 1094 1072 1179 legis
1088 1095 1205 1173 licebat,
1230 1097 1273 1160 sic

119 1199 187 1261 illos
204 1195 347 1260 allocutus
366 1205 427 1258 esta
451 1198 564 1275 Moyses
580 1199 619 1256 od
634 1199 767 1257 duritiem
783 1201 877 1258 cordis
895 1202 983 1258 uestri
992 1201 1123 1276 permisit
1137 1199 1214 1259 uobis
1229 1202 1272 1260 di·
1282 1208 1424 1266 Malusne

119 1305 233 1362 mittere
249 1319 352 1360 umores
370 1309 486 1358 vestrm.
525 1299 574 1359 Ab
589 1302 670 1359 analio
685 1310 778 1360 nutem
793 1321 849 1360 non
858 1301 924 1382 snit
935 1303 987 1360 sic.
1030 1303 1106 1360 Deus
1121 1303 1203 1374 enam,
1229 1301 1273 1364 in·

120 1401 200 1487 quit,
225 1404 386 1480 coniugium
404 1403 456 1462 doc
471 1403 627 1480 copulavit,
652 1413 680 1462 et
695 1405 770 1482 quod
783 1405 852 1463 deus
867 1405 1016 1462 cortiunm‘t
1030 1404 1110 1463 domo
1125 1424 1180 1464 non
1194 1423 1273 1483 sepu-

116 1517 173 1568 ret.
220 1500 278 1568 Ubi
293 1503 379 1565 eliam
394 1521 459 1564 esse
475 1501 521 1564 dei
538 1501 631 1584 legem
649 1503 793 1580 ostendit,
818 1525 892 1587 quine
909 1523 1031 1566 texerem
1047 1524 1063 1564 a
1078 1504 1143 1567 viro
1159 1505 1274 1588 seicntgi
1362 1577 1369 1594 ‚

118 1606 288 1694 probibeat,
319 1605 404 1668 aliam
422 1601 536 1682 Musis,
567 1604 614 1687 qui
634 1604 671 1666 ob
690 1605 824 1668 duritiem
848 1606 945 1668 cordis
964 1625 1016 1690 par
1034 1606 1103 1670 illud
1121 1605 1272 1670 dissociari

117 1709 280 1796 permittat.
326 1703 359 1770 lu
381 1729 437 1791 quo
455 1703 557 1769 Moses
577 1705 710 1790 quiddam
730 1707 785 1770 deo
804 1705 981 1771 contrarium
1002 1707 1082 1786 tulit,
1112 1709 1139 1772 ei
1160 1709 1274 1772 scilicet

117 1809 248 1876 cautioni
267 1831 322 1894 qua
340 1808 461 1872 dissolvi
475 1807 658 1871 matrimonia
676 1821 821 1873 vetuerat.
867 1806 927 1873 Sed
947 1811 971 1872 si
991 1809 1166 1893 legislatoris
1182 1811 1272 1896 ipsius

117 1925 266 1992 mentem,
298 1934 352 1996 qua
371 1911 405 1974 ad
423 1911 492 1974 illud
509 1910 723 1975 decernendum
740 1910 875 1975 inductus
892 1924 955 1990 est,
987 1921 1123 1975 accurate
1140 1913 1273 1976 couside-

117 2035 237 2091 remns,
261 2014 445 2078 inveniemus
462 2014 562 2099 procul
580 2013 666 2076 dnbio
683 2035 740 2077 noc
758 2015 784 2077 id
803 2035 867 2077 eum
885 2026 989 2099 sponte
1006 2035 1076 2091 sna,
1101 2016 1151 2078 sed
1170 2035 1273 2078 neces-

115 2119 206 2182 sitate
226 2117 350 2193 iecisse,
381 2137 437 2200 quo
455 2137 554 2179 eornm
573 2116 677 2199 quibus
695 2117 914 2202 praescribebat
932 2115 1120 2179 imbecillitati
1138 2116 1273 2180 cocrsnle·

115 2231 176 2286 ret.
223 2215 368 2300 Quicum
392 2219 520 2282 divinum
543 2219 609 2282 illud
634 2219 782 2282 decretum
805 2221 842 2282 de
864 2220 1024 2283 retinendis
1046 2219 1188 2284 uxoribus
1210 2218 1272 2284 suis

116 2323 247 2387 tolerare
260 2341 318 2383 nott
335 2333 466 2405 possent,
485 2341 519 2384 ac
533 2321 655 2384 moleste
671 2321 784 2406 quidum
800 2343 900 2385 earnm
915 2323 1063 2385 consortia
1077 2322 1269 2402 sustinerent,

115 2425 278 2512 periculum
300 2432 333 2486 nl
355 2434 452 2501 esset,
484 2444 521 2486 ne
543 2444 579 2487 ea
600 2443 633 2487 se
656 2424 811 2487 occasione
832 2424 1018 2508 gravioribus
1039 2425 1200 2488 sceleribus
1220 2425 1272 2488 ob-

116 2528 316 2610 stringerent,
348 2525 451 2611 qnibns
469 2535 630 2590 extremam
652 2527 681 2589 in
699 2526 857 2611 perniciem
876 2537 1011 2606 ruerent,
1041 2539 1073 2591 nt
1090 2528 1144 2592 hoc
1160 2528 1272 2592 incom-

116 2631 234 2695 modum
254 2626 398 2691 devitaret
415 2625 555 2711 Moyses,
581 2629 656 2713 qnod
678 2629 713 2692 ad
732 2628 845 2692 illorum
864 2629 1012 2694 interitum
1032 2631 1199 2715 spectabat,
1224 2652 1271 2694 se·

115 2732 242 2797 cundam
257 2730 398 2814 quandam
418 2730 528 2816 repudii
545 2732 638 2814 legem
656 2730 769 2816 privata
787 2731 962 2795 auctoritate
977 2733 1138 2811 coristitcit,
1163 2733 1271 2797 minus·

116 2857 175 2922 que
199 2855 238 2898 ex
262 2855 296 2896 ea
319 2832 475 2896 occasione
498 2833 603 2896 malum
622 2855 686 2896 cnm
705 2835 814 2897 maiore
832 2833 1048 2920 compensavit3
1084 2846 1114 2898 nt
1131 2834 1156 2897 si
1175 2835 1270 2899 minus

117 2939 246 3025 priorem
268 2934 346 2998 illam
367 2955 487 2998 servare
506 2936 633 3018 possint,
667 2936 740 2999 hanc
759 2937 862 3000 saltem
883 2937 1043 3015 retineant,
1078 2957 1171 3021 neque
1189 2959 1221 3000 se
1240 2935 1269 3000 in

116 3039 228 3124 flagitia
245 3037 415 3119 sceleraque
433 3037 630 3115 committant,
656 3059 707 3120 per
726 3060 800 3122 quae
821 3040 948 3102 ultimum
968 3038 1090 3102 exitium
1109 3060 1270 3123 consequa·

117 3153 177 3206 tur.
218 3138 300 3203 llaec
315 3138 393 3203 illius
407 3140 483 3202 ratio
498 3140 550 3202 init
565 3151 782 3225 propterquam
798 3143 975 3204 contrarium
993 3141 1125 3226 quiddam
1142 3142 1196 3204 deo
1211 3153 1270 3204 sta-

115 3243 210 3308 tuisse
227 3242 369 3305 cernitnr.
416 3239 588 3306 Enimvero
605 3244 751 3306 diversam
768 3244 813 3306 bic
827 3266 845 3306 a
859 3244 956 3307 divina
973 3241 1090 3330 Moysis
1106 3244 1199 3326 legem
1217 3263 1269 3306 ex·

114 3347 232 3423 titisse,
262 3357 346 3408 extra
364 3364 478 3406 omnem
499 3345 731 3408 controversiam
750 3357 811 3426 est,
846 3345 900 3408 etsi
920 3345 947 3408 id
966 3347 994 3408 in
1015 3367 1074 3409 uno
1090 3356 1199 3409 tantum
1219 3345 1269 3408 de·

115 3460 200 3513 creto
219 3447 368 3531 probatum
389 3446 439 3509 sit.
484 3445 587 3509 Eidem
609 3468 680 3510 vero
704 3449 760 3532 legi
780 3449 900 3512 traditas
923 3469 940 3510 a
959 3448 1124 3511 senioribus
1143 3447 1268 3532 illigatas

116 3571 186 3616 esse
203 3550 320 3633 regulas
337 3571 394 3612 non
414 3548 539 3612 obscure
554 3550 686 3613 salvator
704 3551 842 3614 ostendit.
887 3555 963 3612 dece
980 3555 1068 3625 entia,
1093 3550 1203 3634 iuquit,
1226 3554 1420 3662 dippupppppp.

115 3658 179 3727 m't,
210 3657 327 3714 Honore
345 3663 454 3732 putrem
478 3663 571 3726 turem,
604 3665 632 3714 et
653 3665 767 3715 matrem
790 3665 881 3728 tuum,
916 3665 950 3714 ut
967 3655 1034 3714 dene
1051 3659 1090 3715 sit
1109 3655 1169 3716 tibi.
1214 3657 1269 3713 Vos
1336 3651 1386 3714 tn'
1412 3650 1420 3674 ’

114 3767 209 3844 cutem
227 3758 356 3829 debebtc‘s,
381 3753 515 3817 scitiores
535 3754 628 3837 iuquit
646 3755 813 3839 alloquens,
837 3761 943 3818 Munus
960 3760 1011 3816 deo
1027 3759 1216 3836 quodcumque
1233 3777 1269 3816 ea

117 3881 161 3920 me
177 3859 233 3920 tibi
241 3861 389 3938 proderit,
412 3866 440 3917 et
454 3861 564 3918 abritum
571 3859 687 3939 secr'sttb
703 3861 790 3939 legem
807 3863 854 3920 dei
861 3871 980 3940 propter
997 3863 1162 3920 traditiones
1176 3861 1268 3918 senib-

151 4045 176 4098 i·
194 4047 229 4096 ltu
241 4046 676 4097 edlditPttoor'usdecuetorc'tctecud.
709 4063 773 4106 τινες
790 4051 840 4097 cett.
875 4049 1002 4098 cmucrius
1021 4049 1103 4097 vertit:
1128 4061 1190 4112 quae
1214 4060 1268 4094 eom

117 4117 194 4164 Votie-
230 4115 478 4164 nomenniomen
496 4112 601 4174 deletur.
709 4114 768 4181 ipsis
786 4113 917 4164 iniucucde
933 4113 1087 4164 habitabant.

149 4182 182 4264 83
194 4175 243 4234 dat
255 4175 346 4264 ἀνδρὸς
360 4183 428 4231 codd.
439 4184 510 4232 Vuttc.
525 4185 599 4232 tenet.
622 4185 676 4232 Vnt·
746 4183 784 4233 tt.
801 4185 857 4234 Cod.
869 4185 943 4233 lecet,
953 4183 1045 4250 μωσῆς
1054 4176 1087 4236 δι’
1098 4171 1127 4236 cd
1137 4178 1181 4234 καὶ
1190 4175 1267 4235 cinc'l·

117 4265 148 4314 pc
165 4246 216 4302 card
234 4249 279 4301 τοῦ
297 4245 394 4313 ample
710 4251 805 4303 tecum

150 4315 175 4369 9.
192 4311 318 4382 ποιήσας,
343 4318 405 4380 cuod
422 4319 567 4368 mudantur
583 4321 608 4368 tn
623 4319 677 4368 edit.
746 4321 784 4370 l‘t.
804 4321 860 4370 cod.
880 4323 954 4370 tenet.
970 4317 1115 4385 φυλάσσειν.

114 4389 210 4450 price,
236 4387 347 4434 Pttcutru
361 4389 465 4446 pmmum
481 4387 567 4436 udtectt
582 4401 612 4436 ee
625 4388 676 4437 cod.
746 4385 783 4439 13.
803 4390 860 4439 cod.
876 4390 950 4437 tenet
968 4403 1013 4438 mm
1032 4383 1157 4452 εἰρήκατε.

118 4455 193 4504 tutte.
748 4453 785 4506 tl.
804 4457 860 4506 ch.
878 4458 951 4506 tenet
967 4451 1112 4522 nupcidomn
1130 4451 1201 4521 ducis
1216 4458 1266 4510 τῶν

152 4520 192 4572 tn.
209 4515 249 4579 ule
265 4521 395 4571 emendatio
408 4526 441 4571 eat
452 4524 558 4582 Petunti,
574 4535 677 4584 quomo
708 4521 891 4591 πρεσβυτέρων.

116 4591 359 4652 micantum
371 4589 446 4640 uideo.
482 4592 555 4654 Vulpo
571 4593 633 4640 estut
649 4588 680 4642 ai
