3010 5000
285 315 348 379 478
709 325 829 378 εκκστι
847 325 1014 377 mum

287 441 391 508 άκτῖνα
407 450 460 525 τῆς
475 440 631 525 α’ληθείας,
654 441 696 518 οῖς
712 467 745 528 γε
761 441 834 524 ἡμῖν
852 441 992 517 πολλάκις
1008 441 1082 507 κατά
1097 441 1207 518 πλάτος
1222 446 1333 528 εῖρηται
1353 444 1388 508 έν
1405 449 1443 532 τῇ

286 543 364 628 πρός
385 547 509 626 ἑκάστην
531 549 642 630 αἳρεσιν
663 541 822 610 όποθέσει·
853 541 894 620 οῖς
911 543 1071 622 έξάπαντος
1086 551 1249 631 φωρᾶσθαι
1264 547 1314 610 καί
1332 552 1442 612 τοῦτον

288 645 418 732 άγύρτην
435 651 485 712 καί
501 645 702 712 θανατοπσιόν
721 646 868 722 ίσοτόπως
883 655 947 720 ταῖς
964 648 1190 731 προειρημέναις
1206 649 1374 724 ἐπιδείξεως
1391 647 1440 730 χά-

287 776 334 834 ριν
349 752 398 814 καί
416 753 581 836 περιεργίας
593 747 630 814 τά
645 747 753 834 μεγάλα
768 755 859 813 ταῦτα
876 747 1060 813 καττύσαντά
1074 773 1104 813 τε
1121 751 1172 814 καῖ
1186 747 1439 832 μηχανησάμενον.

135 979 204 1045 129,
226 970 274 1041 κγ’,
379 952 582 1039 Παρελθόντος
604 955 636 1018 δέ
657 955 707 1018 καλ
724 950 778 1035 τὴν
796 951 903 1019 τούτου
920 958 1102 1040 μοχθηρίαν,
1134 955 1185 1018 καῖ
1201 961 1260 1020 τοῖν
1277 950 1327 1018 άπ’
1345 951 1439 1019 αότοῖ

291 1061 482 1141 Μαρκωσίων
499 1057 676 1143 λεγομένων,
699 1058 748 1120 έπλ
769 1053 822 1130 τάς
837 1057 903 1138 ἕξῖγς
918 1054 1106 1138 σπεύσωμεν,
1128 1048 1153 1120 οδ
1169 1054 1364 1138 ἐπιπόθητοι,
1387 1055 1439 1132 τάς

287 1157 385 1224 αύτοῖν
402 1161 481 1244 ῥίζας
498 1156 586 1222 πάλιν
601 1155 824 1243 άνερευνσῖντες,
855 1159 904 1222 καί
922 1165 981 1222 τοῖν
996 1163 1118 1242 καρπῶν
1135 1155 1232 1223 αύτοῖν
1248 1155 1303 1241 τὴν
1319 1163 1438 1242 πικρίαν

287 1259 490 1340 άφανίζοντες,
519 1259 573 1341 τήν
589 1285 618 1324 τε
637 1257 806 1343 άνατροπήν
821 1261 872 1323 καῖ
888 1256 924 1324 τά
940 1257 1003 1324 κατ’
1019 1259 1129 1336 αύτούς
1144 1259 1240 1326 πάντα
1258 1259 1436 1326 ἐπιδεικνύν-

287 1389 348 1441 τες,
371 1361 426 1428 οόκ
442 1365 484 1438 είς
498 1360 612 1444 βλάβην
625 1368 685 1428 τοδν
701 1361 945 1447 έντυγγανόντων,
967 1359 1037 1426 άλλά
1052 1364 1094 1438 είς
1108 1359 1291 1448 ἀποτροπὴν,
1314 1360 1391 1448 πρός
1405 1363 1435 1428 τό

289 1465 329 1548 μη
346 1464 502 1547 πλησιάσαι
518 1471 569 1551 μιγῖ
584 1471 643 1528 τοῖν
659 1465 880 1548 προειρημένων
897 1465 1049 1549 αἱρέσεων,
1071 1462 1093 1546 ἢ
1107 1473 1166 1530 τοῖν
1181 1466 1345 1547 μετέπειτα,
1366 1462 1435 1528 άλλά

290 1566 468 1652 άυαγνόντας
485 1563 521 1630 τά
536 1567 720 1650 γεγραμμένα
734 1563 803 1646 παρ’
821 1563 937 1644 αύτοῖς,
958 1569 1009 1631 καί
1028 1565 1152 1651 γνόντας
1167 1565 1204 1631 τά
1221 1565 1365 1655 ιγίδόμενα,
1387 1569 1433 1631 καῖ

290 1667 485 1755 καταγνόντας
502 1675 554 1750 τῆς
569 1666 693 1750 ἑκάστης
707 1666 804 1732 αότοῖν
818 1667 931 1750 πλάνης
948 1693 977 1732 τε
991 1670 1042 1733 καί
1061 1668 1245 1752 ἓρπετεόδους
1260 1673 1432 1753 μοχθηρίας,

167 1804 218 1848 μσς.
230 1789 275 1832 τοῦ.
290 1769 472 1856 ἀποφεύγειν
487 1795 517 1834 τε
531 1773 591 1848 καλ,
614 1767 655 1846 οῖς
672 1767 770 1848 εἷπον,
794 1767 833 1852 μὴ
847 1767 1021 1852 πλησιάζειν.
1066 1771 1191 1852 Διψάδα
1206 1770 1262 1857 γάρ
1281 1797 1346 1836 τινα
1363 1775 1434 1855 ίχεδ-

287 1873 344 1938 νάν
364 1893 454 1954 φασιν
479 1875 511 1937 οί
530 1872 733 1958 ἱστορήσαντες
755 1875 803 1936 ίοῦ
824 1869 917 1953 λύμην
938 1871 1053 1936 τοιάνδε
1079 1875 1219 1953 ἐμποιεῖν.
1261 1871 1311 1939 Ἐν
1336 1873 1434 1949 τόποις

288 1975 343 2061 γάρ
360 1997 448 2052 τισιν,
479 1972 557 2040 ὅπου
573 1973 676 2040 πύελοι
691 1977 723 2040 έν
739 1983 802 2049 ταῖς
818 1975 937 2056 πέτραις
954 1971 973 2056 ἢ
987 1973 1107 2056 λιβάδες
1121 1977 1176 2039 είσλ
1192 1978 1295 2060 μικραί
1309 1973 1370 2042 άπό
1387 2001 1432 2040 κε-

289 2085 367 2162 ιραῖν
381 2073 511 2160 γεόμεναι
531 2079 573 2152 είς
587 2075 740 2160 όποδοηήν
755 2103 835 2154 τινα,
865 2073 885 2158 ἡ
903 2074 977 2158 αότή
994 2076 1087 2158 διψάς
1102 2076 1183 2163 ὕδωρ
1198 2075 1373 2162 εόρίσκουσα
1386 2080 1431 2143 καῖ

288 2187 397 2246 πιοῦσα
417 2177 468 2244 τόν
491 2177 537 2244 ίδν
558 2177 692 2262 ἐμβάλλει
713 2178 783 2260 μετά
803 2178 836 2244 τό
859 2187 937 2244 πιεῖν
957 2181 999 2254 είς
1020 2177 1072 2254 τάς
1092 2181 1306 2264 προειρημένας
1325 2179 1431 2254 στάσεις

289 2290 348 2348 τῶν
363 2278 490 2358 ύδοίτων,
513 2279 584 2356 άίςτε
598 2289 657 2346 πᾶν
672 2288 745 2358 ζῶον
760 2279 923 2364 πλησιάσαν
937 2282 987 2346 καί
1003 2286 1098 2346 ποτοῦ
1110 2283 1255 2366 κορεσθέν
1269 2286 1370 2348 δοκεῖν
1384 2283 1432 2362 μέν

290 2381 469 2464 ὠφελεῖσθαι
485 2384 517 2446 έκ
534 2389 587 2448 τοῦ
601 2386 785 2465 μεταλαβεῖν,
818 2381 911 2458 ειίθδς
927 2382 1055 2468 δὲπαρά
1071 2381 1104 2448 τό
1122 2379 1271 2466 όποδόχον
1289 2391 1347 2450 τοῖν
1363 2381 1428 2448 όδά·

289 2511 349 2550 των
370 2487 402 2550 έκ
423 2490 477 2548 τοῦ
499 2487 547 2548 ίοῦ
568 2493 621 2565 τῆς
637 2487 768 2564 διψάδος
783 2482 1000 2567 ὑποδεξάμενον
1015 2489 1207 2550 καταπίπτειν
1222 2489 1271 2551 καί
1289 2484 1427 2568 θνήσκειν.

156 2661 167 2682 ·
289 2584 372 2651 Ἀλλά
392 2589 443 2652 καί
464 2590 493 2650 εί
512 2614 578 2652 τινα
600 2586 731 2669 πλήξειεν
752 2585 771 2668 η
796 2583 871 2668 αότη
892 2585 1000 2666 διψάς,
1028 2584 1087 2652 άπδ
1104 2593 1158 2652 τοῦ
1175 2589 1385 2674 περισσοτέρως
1400 2589 1427 2650 έν

290 2686 365 2777 αὐτῇ
382 2695 544 2753 καυστικοῦ
563 2692 610 2765 ίοῦ
627 2691 676 2754 έπλ
692 2685 787 2774 ὄρεξιν
804 2691 896 2770 δίψης
912 2691 961 2752 καί
978 2687 1112 2770 πόματος
1127 2691 1321 2773 προτρέποιτο
1336 2687 1427 2761 πόθος

289 2801 342 2873 τῆς
359 2788 535 2875 άλγηδόνος,
558 2793 778 2876 προςφέρεσθαί
793 2815 821 2854 τε
838 2788 883 2856 άελ
897 2792 948 2855 καλ
965 2795 1059 2857 πίνειν
1079 2793 1250 2876 ιἐρεθίζειν.
1295 2795 1422 2872 ’Νομίζει

289 2895 322 2958 δέ
336 2920 363 2958 τι
379 2891 557 2974 ω’φελεῖσθαι
571 2892 646 2977 πρός
663 2890 715 2974 την
729 2891 824 2975 λύμην
839 2889 858 2957 ό
872 2895 991 2978 πληγείς
1005 2890 1109 2968 όσάκις
1123 2899 1175 2974 τῆς
1188 2896 1328 2976 τοιαύτης
1340 2903 1419 2957 θαντ·
1494 2949 1495 2954 ,

288 2993 423 3079 εηφόρου
440 2993 600 3081 άλγηδόνος
613 2994 764 3080 λαμβάνει,
787 2993 857 3060 άλλά
873 2997 904 3060 έν
919 2992 997 3083 αύτῷ
1013 3002 1055 3082 τρῖ
1068 2993 1151 3082 τόπῳ
1166 2999 1367 3080 πληρωθείσης
1378 2998 1419 3072 τῆς

288 3096 428 3183 γαστρός,
451 3099 501 3162 καλ
517 3099 620 3180 μηκέτι
634 3094 866 3179 ὑποδεχομένης,
890 3095 1012 3183 ὕστερον
1026 3095 1082 3161 σόν
1094 3105 1134 3185 τῷ
1149 3095 1260 3178 πόματι
1273 3095 1305 3162 τδ
1320 3101 1418 3174 πνειῖμσ

289 3197 420 3281 άφίησιν.
467 3197 554 3264 Ούτω
571 3201 622 3263 καί
637 3191 725 3273 οὗτος
740 3195 800 3263 ύπδ
815 3197 949 3280 πόματος
964 3197 1016 3264 τόν
1032 3197 1165 3264 θάνατον
1180 3208 1243 3274 τοῖς
1258 3196 1326 3283 παρ’
1341 3195 1418 3263 αότοά
1493 3205 1494 3246 ί

287 3299 486 3384 ἠπατημένοις
506 3303 689 3387 έξεργοίζεται.
737 3293 838 3384 Οὗπερ
858 3303 907 3366 tofi
927 3303 957 3367 έν
976 3299 1100 3385 δυνάμει
1116 3309 1192 3368 θεοῦ
1210 3303 1366 3386 ῥυσθέντες
1379 3297 1419 3362 eui

289 3401 342 3480 τάς
362 3406 429 3486 έξῖγς
449 3407 545 3487 ίωμεν.

547 3651 700 3720 ΚΑΤΑ
747 3651 1200 3734 ΚΟΛΟΡΒΑΣΙΩΝ,

459 3763 756 3858 πεντεκαιδεκάτη,
786 3763 809 3858 ἡ
835 3769 893 3838 καὶ
919 3765 1099 3862 τριακοστή
1126 3773 1260 3862 πέμπτη

374 3912 562 3999 Κολόρβασος
584 3910 698 3987 τούτοις
719 3913 818 3976 ἕπεται
839 3912 897 3978 άπδ
920 3921 973 3995 τῆς
994 3919 1046 3978 τοῦ
1068 3915 1282 3998 προειρημένου
1302 3908 1416 3993 Μάρκου

288 4021 420 4100 γοητείας
441 4014 491 4080 τόν
511 4017 616 4098 έρανον
634 4013 843 4095 ποιησάμενος,
874 4013 942 4079 α’λλά
959 4017 1011 4080 καί
1030 4013 1088 4080 άπδ
1107 4021 1159 4097 τῆς
1178 4021 1231 4079 τοῦ
1249 4013 1414 4093 Πτολεμαῖον

289 4119 368 4202 ῥίζης
381 4117 535 4183 σκολόπων
548 4120 633 4199 δίκην
647 4114 812 4196 άναφύσας,
833 4119 935 4200 1έτερα
949 4117 1037 4182 πάλιν
1050 4117 1130 4202 παρά
1144 4115 1292 4191 ’τούτους
1306 4117 1414 4194 ένοςλεῖι

288 4225 329 4306 τῷ
343 4219 443 4308 κόσμῳ
461 4221 589 4304 κέντρων
602 4221 687 4299 δίκην
701 4217 850 4301 ἐπενόησε,
867 4221 961 4300 δῆθεν
975 4225 1091 4300 μείζονα
1106 4222 1279 4300 φαντασίαν,
1301 4213 1340 4290 οίς
1350 4211 1411 4277 δισ-
1490 4235 1491 4311 η

289 4329 344 4385 θεν
359 4320 456 4403 ἥκων,
486 4319 702 4404 μηχανάμενος.
747 4323 807 4386 Καὶ
828 4318 864 4385 τά
882 4321 935 4403 μέν
951 4328 1052 4406 πρῶτα
1068 4319 1125 4386 σόν
1144 4329 1187 4410 κρῖ
1203 4318 1319 4407 Μάρκμ
1334 4309 1412 4392 δείε-

324 4475 381 4526 ίῖιε.
395 4477 493 4526 xxm.
511 4503 545 4516 ·-
564 4480 585 4529 l.
603 4479 710 4529 λειοπθο
727 4475 847 4542 ἐρεθίζω.

321 4543 345 4594 2.
362 4543 457 4610 κομίζει
472 4547 523 4596 cod.
539 4547 612 4596 λ’σλῖε.
629 4550 650 4596 εί
666 4547 720 4596 ιἰιδι
737 4547 791 4596 edit.
806 4549 886 4597 Ρεεσυ.
924 4548 996 4610 Vulva
1011 4543 1125 4612 νομίζειν.
