3010 5000
296 347 358 416 502
712 359 832 414 εινοτι
850 361 1017 416 τειτκιυιι

297 478 355 542 Κτιλ
378 473 486 556 οὕτως,
515 467 602 552 οῦτός
623 497 729 558 φησιν,
758 473 903 558 όπεστόλη
925 480 974 543 καλ
994 475 1126 562 ήποίτησε
1147 477 1200 561 τήν
1217 476 1309 544 Εῦαν.
1355 475 1398 544 Ἡ
1411 477 1440 543 δέ

295 577 420 663 ἤκουσεν
435 575 543 658 αὐτοῦ,
573 579 623 642 καὶ
638 579 762 660 ἐπείσθη
779 575 819 655 οἷς
834 583 888 668 νίρί
904 586 994 660 θεοῦ,
1024 583 1074 646 καί
1089 591 1241 648 πεισθεῖσα
1255 585 1367 668 ἐφαγεν
1384 579 1438 646 όπδ

296 689 350 748 τοῦ
371 680 458 758 ξύλου
479 688 531 761 τῆς
552 678 694 764 γνιόσεως.

170 786 235 854 neq,
252 783 280 840 τ’.
381 779 457 848 Είτα
471 781 540 848 όταν
553 781 661 863 ταῦτην
673 779 726 865 τὴν
740 785 853 866 μωρίαν
866 782 1061 870 διηγήσωνται
1076 787 1124 851 καί
1139 783 1171 850 τό
1187 787 1297 869 γέλοιον
1310 791 1366 865 τῆς
1382 787 1439 852 έπε-

295 883 468 966 τηδεῦσεως,
495 875 605 966 ταύτην
620 883 673 967 τόν
690 883 844 970 τραγικόν,
867 883 907 962 οῦς
921 889 1028 966 εἰπεῖν,
1059 885 1250 970 ποιησόμενοι
1269 884 1441 954 ιτίπόθεσιν

295 990 344 1053 καί
362 986 393 1053 τό
411 986 542 1070 κωμικόν
556 993 642 1052 τοῦτο
661 989 758 1070 δρᾶμα
774 985 910 1070 όρχονταί
926 1015 990 1054 τινα
1005 986 1077 1072 ἡμῖν
1091 986 1269 1068 ὑποφαίνειν
1282 991 1325 1064 είς
1340 989 1438 1072 πτερό-

296 1112 394 1156 στασιν
408 1095 466 1154 τῶν
480 1087 548 1169 παρ’
563 1086 662 1163 αὐτοῖς
675 1091 836 1173 λεγομένων
851 1094 974 1172 ψευδῶν
990 1095 1080 1156 θεῶν·
1103 1089 1164 1170 ότι,
1189 1088 1262 1174 Οῦγί
1276 1093 1326 1156 καλ
1340 1091 1384 1155 τοὶ
1398 1095 1438 1176 ἔγ·

295 1219 369 1272 κατα
384 1189 482 1273 ἡμῶν,
513 1187 550 1254 δι’
568 1181 610 1255 τόν
624 1198 717 1272 ζῶμεν
733 1193 783 1256 καλ
797 1191 983 1277 τρεφόμεθα,
1014 1189 1310 1276 όφιοειδεῖῦπιίρηεις
1344 1191 1439 1258 ”Ana

296 1295 327 1360 δέ
349 1293 404 1360 όσα
425 1301 486 1368 τοῖς
502 1289 698 1374 ιῖπατημίνοις
716 1297 961 1380 παρειςφέρουσιν
984 1297 1026 1370 είς
1046 1293 1100 1377 την
1122 1296 1232 1360 ἕαυτῦν
1252 1293 1369 1376 πλόνην
1392 1297 1439 1360 καλ

294 1396 410 1482 ληριόδη
430 1392 581 1460 ῦπόνοιαν.
625 1392 684 1459 Διό
700 1395 838 1477 τοιαύτην
854 1397 887 1461 δὲ
902 1399 1011 1474 αἰτίαν,
1040 1400 1131 1476 φασί,
1160 1394 1213 1461 τόν
1229 1393 1299 1476 ὅφιν
1317 1397 1438 1476 δοξάζο-

295 1523 364 1582 μεν,
394 1497 439 1563 ότι
454 1494 472 1562 ό
487 1493 560 1572 θεός
575 1499 667 1572 αίτιος
684 1503 735 1578 τῆς
751 1497 884 1582 γνοίσεως
897 1500 1045 1584 γεγένηται
1060 1505 1101 1585 τῷ
1116 1496 1233 1580 πλήθει.
1272 1493 1305 1562 Ὅ
1320 1497 1353 1562 δέ
1369 1497 1440 1564 '121-

177 1617 283 1676 μιμεῖ.
298 1597 439 1684 δαβαιίθ,
468 1599 575 1679 φασίν,
604 1596 659 1664 οῦκ
681 1597 768 1682 ἤθελε
786 1607 954 1682 μνησθῆναι
974 1597 1028 1681 τὴν
1046 1597 1106 1664 όνω
1125 1601 1266 1684 Μητέρα,
1295 1596 1374 1664 οῦτν
1392 1599 1440 1666 τόν

300 1704 419 1788 Πατέρα
433 1709 495 1776 τοῖς
513 1697 695 1786 όνθροίποις.
731 1699 849 1767 ”Euam
865 1703 897 1767 δὲ
912 1699 930 1768 ό
945 1700 1015 1783 όφις
1029 1699 1081 1768 κάλ
1097 1709 1204 1788 γνοῦσιν
1221 1699 1353 1787 ἤνεγκεν,
1383 1705 1438 1768 έδί·

297 1807 364 1883 δαξέ
385 1829 415 1869 τε
434 1801 486 1867 τόν
502 1800 666 1887 όνθρωπον
687 1805 739 1868 καί
759 1803 811 1886 την
832 1813 956 1889 γυναῖκα
977 1812 1036 1870 τῶν
1057 1801 1117 1869 όνω
1137 1808 1302 1888 μυστηρίων
1319 1800 1349 1868 τό
1379 1811 1440 1868 πᾶν

296 1915 348 1990 τῆς
364 1905 505 1992 γνώσεως.
549 1902 604 1970 Διό
624 1901 642 1970 ό
661 1903 764 1990 Πατήρ
783 1903 947 1992 ὀργισθείς,
977 1907 1126 1972 τουτέστιν
1142 1903 1159 1972 ό
1173 1903 1374 1989 Ἰαλδαβαιόθ,
1403 1903 1440 1970 δι’

297 2009 335 2092 ἣν
349 2005 479 2085 ῦπέδειξε
491 2014 552 2081 τοῖς
565 2002 738 2092 όνθρόποες
751 2015 859 2093 γνῶσιν
873 2011 1028 2096 κατέβαλεν
1039 2005 1130 2074 αῦτόν
1146 2004 1195 2072 ἄπ’
1209 2005 1346 2092 οιίρανοῦ.
1380 2009 1440 2070 Kal

298 2113 384 2178 ἔνθεν
400 2110 518 2192 βασιλέα
530 2105 583 2174 τόν
596 2107 668 2190 όφιν
681 2107 732 2173 ἄπ’
746 2108 876 2196 οόρανοῦ
890 2113 1021 2197 λέγουσιν
1036 2112 1067 2176 τί
1077 2108 1132 2192 τήν
1146 2113 1249 2195 μερίδα
1261 2116 1313 2174 τοῦ
1328 2105 1439 2187 όφεως,

298 2214 347 2278 καί
363 2208 447 2278 οῦδέν
461 2213 559 2296 ἕτερον
571 2214 748 2294 κεκτημένοι.
793 2212 972 2291 Δοξοίζονσιν
986 2204 1040 2278 οῦν
1055 2209 1146 2277 αῦτόν
1159 2209 1208 2277 διό
1223 2210 1276 2294 τήν
1288 2209 1439 2292 τοιαύτην,

300 2316 412 2394 λφασλ,
440 2319 562 2398 γνοῦσιν,
591 2315 640 2379 καλ
660 2312 749 2399 όρτον
770 2311 849 2404 αὐτῷ
871 2317 1095 2401 προςφέρονστν.
1130 2311 1252 2396 Ἐχουσι
1273 2311 1328 2397 γόρ
1349 2310 1439 2391 φύσει

298 2417 369 2500 ὄφιν
384 2417 539 2498 τρέφοντες
555 2417 587 2481 ἐν
603 2419 685 2506 κίστη
702 2419 774 2495 τινί,
807 2409 868 2482 ὀὗ
884 2416 959 2503 πρός
975 2415 1029 2500 τὴν
1045 2415 1126 2502 όόραν
1139 2423 1199 2481 τῶν
1215 2411 1314 2480 αῦτῦν
1330 2435 1438 2496 μυστη·

299 2525 371 2604 ρίων
395 2527 434 2608 τῷ
459 2525 561 2606 φωλεῷ
581 2520 793 2604 πρυςφέροντες
818 2521 868 2584 καί
889 2518 1069 2602 στιβνίζοντες
1094 2520 1143 2584 έπλ
1165 2519 1309 2600 τραπέζης
1330 2515 1439 2602 ῦρτονς

299 2627 552 2706 *προςκαλοῦνται
566 2618 618 2685 τόν
633 2618 711 2702 όφιν.
752 2618 954 2705 ’Λνοιηθέντος
969 2621 1001 2686 δὲ
1017 2627 1070 2687 τοῦ
1084 2627 1201 2701 φωλεοῦ
1216 2617 1340 2703 πρόεισι
1379 2621 1438 2682 Καὶ

300 2722 394 2800 οῦτως
414 2719 547 2787 νίνελθοίν
567 2719 642 2787 κατοί
665 2720 718 2806 τήν
742 2721 858 2789 θαύτοῦ
881 2722 1027 2807 φρόνησιν
1048 2719 1067 2790 ό
1089 2720 1160 2802 όφις
1181 2723 1232 2786 καί
1253 2725 1439 2805 πανουργίαν

299 2824 356 2908 ἤδη
371 2823 522 2910 γινοίσκων
536 2821 589 2906 τήν
605 2821 701 2890 αὐτῶν
715 2829 828 2910 μωρίαν
844 2823 953 2890 ίίνεισιν
968 2827 1018 2890 ἐπὶ
1033 2823 1084 2908 τήν
1100 2822 1245 2910 τράπεζαν
1261 2824 1313 2889 καλ
1329 2825 1438 2888 ἐνειλεῑ·
1502 2865 1503 2880 ι

299 2955 346 2994 ται
366 2936 429 3002 τοῖς
450 2925 556 3010 ίίρτοις.
601 2928 660 2991 Καὶ
675 2925 784 3009 ταύτην
798 2929 889 3008 φασίν
906 2924 980 2993 είναι
995 2933 1101 2994 τελείαν
1115 2930 1233 2992 θυσίαν.
1266 2924 1363 2990 Ὅθεν
1377 2925 1438 3000 καί,

301 3026 341 3106 τίς
363 3027 422 3096 οίπό
443 3055 523 3105 τινος
543 3025 673 3110 α’κήκοα,
702 3027 739 3094 οῦ
755 3026 846 3110 μόνον
862 3036 949 3095 κλοῦσι
966 3029 1036 3107 τοῦς
1052 3027 1174 3113 ι’ίρτους,
1204 3029 1237 3094 έν
1253 3023 1300 3104 οίς
1317 3023 1337 3092 ό
1352 3023 1441 3100 αῦτός

301 3131 370 3212 όφις
384 3131 499 3214 ελλήθη,
520 3132 570 3194 καλ
585 3128 748 3198 ἐπιδιδόασι
760 3139 821 3208 τοῖς
833 3129 1040 3215 λαμβόνουσιν,
1063 3129 1132 3196 όλλό
1146 3131 1197 3196 καί
1209 3131 1333 3206 ἕκαστος
1348 3127 1440 3194 αἴτιό-

299 3240 375 3312 ζεται
396 3230 446 3298 τόν
463 3231 534 3312 όφιν
555 3235 587 3300 ἐκ
604 3232 760 3316 στόματος,
789 3231 855 3316 ἤτοι
871 3237 986 3323 γοητείμ
1001 3236 1057 3300 τινί
1075 3234 1257 3322 ἐπμσθέντος
1272 3239 1328 3299 τοῦ
1343 3229 1440 3311 ῦφετνς

301 3338 343 3411 είς
363 3331 539 3418 ἡμερότητα,
569 3333 590 3418 ἢ
610 3338 641 3412 ἐξ
662 3337 761 3420 ἑτέρας
778 3338 920 3421 ἐνεργείας
941 3335 1080 3418 διαβόλου
1100 3332 1177 3421 πρός
1192 3331 1312 3418 ιίιτότην
1328 3329 1440 3398 τοῦτιιε
1500 3385 1501 3402 .

300 3433 547 3522 όποκοριζομένου
567 3444 620 3503 τοῦ
642 3435 726 3516 ζιόου.
772 3444 976 3520 Προςκυνοῦσι
992 3440 1024 3505 δέ
1039 3437 1095 3505 τόν(
1107 3444 1260 3516 τοιοῦτον,
1291 3437 1342 3502 καλ
1356 3431 1437 3516 εῦγα·
1500 3403 1501 3497 ί

301 3543 411 3627 ριστίαν
427 3537 534 3620 ταύτην
549 3541 769 3622 έπιφημίζονσι,
791 3539 845 3624 τόν
859 3537 896 3606 δι’
913 3537 1005 3606 αὐτοῦ
1022 3541 1223 3623 ἐνειληθέντος
1237 3538 1436 3625 γεγενημένην,

301 3645 352 3708 καί
373 3633 463 3718 αὖθις
483 3638 520 3706 δι’
541 3639 647 3720 αότοῦ,
676 3641 718 3719 όίς
738 3665 824 3722 φασι,
854 3649 893 3731 τῷ
916 3639 976 3710 όνω
995 3645 1093 3728 Πατρέ
1109 3640 1202 3725 ῦμνον
1220 3639 1438 3723 ἀναπέμποντες

302 3743 396 3820 οῦτιος
417 3741 452 3809 τῦ
473 3742 616 3830 μυστήρια
637 3741 735 3810 αὐτῶν
756 3747 924 3812 ἐπιτελοῦσι.

386 3850 514 3930 Μαρίαν
534 3847 567 3912 δὲ
587 3850 664 3913 είποι
685 3875 728 3924 τις
749 3846 786 3913 δν
807 3849 856 3912 καί
872 3845 973 3931 γλεῦης
988 3849 1136 3928 ἐμπλεαν,
1164 3847 1216 3912 καί
1232 3843 1299 3912 οῦτε
1317 3841 1436 3948 ἆνατρω

302 3957 360 4032 πῆς
387 3945 445 4014 όπδ
471 3953 556 4026 θείας
576 3956 692 4035 γραφῆς
712 3951 935 4034 ἐπιζητουμένης
964 3953 1032 4016 1δεῖ
1056 3957 1157 4028 τοῦτο,
1188 3945 1249 4013 ἄλλ’
1272 3945 1344 4013 αότό
1366 3951 1428 4008 καθ
1498 3909 1499 4003 ί

303 4049 389 4117 έαντό
414 4057 454 4140 τῷ
479 4049 529 4116 τόν
554 4058 624 4116 νοῦν
648 4053 741 4134 ἐγοντι
765 4054 928 4138 ἐρρωμένον
954 4049 1028 4120 κατό
1053 4049 1128 4117 θεόν
1151 4053 1303 4138 γελοιῦδες
1322 4043 1435 4128 δεηθή-

304 4176 390 4220 σεται.
435 4149 542 4228 Εόθῦς
563 4151 617 4239 γόρ
639 4159 719 4218 πᾶσα
740 4151 761 4236 ἦ
782 4152 879 4222 νότων
894 4159 1060 4236 κενοφωνία
1074 4152 1211 4239 ληροίδης
1226 4177 1269 4227 τις
1285 4145 1435 4236 εῦρεθόσε·

338 4379 395 4428 cn.
414 4379 444 4426 V.
468 4405 501 4416 -
527 4381 548 4428 1.
570 4373 688 4431 δττίθεσιν
710 4381 761 4430 cod.
781 4381 853 4430 Vane.
884 4381 960 4432 δοιίο.
984 4381 1049 4430 mn·
1059 4380 1120 4430 τοττι
1131 4379 1214 4428 παίετε
1224 4380 1360 4436 scriptum·
1370 4385 1432 4420 nn·
1496 4393 1497 4396 ¹

307 4447 378 4506 Vulao
396 4443 547 4512 συμφωνίαν.
884 4451 966 4500 dmm
984 4440 1012 4500 δν
1026 4473 1059 4486 -
1073 4473 1106 4486 -
1121 4445 1166 4499 τοῦ
1183 4444 1290 4512 φωλεοῦ.

337 4518 361 4562 2.
380 4515 474 4563 correxi
493 4511 563 4580 φατὶ.
598 4515 662 4564 Libri
678 4517 761 4564 λαθιιιι
780 4513 854 4581 φησί.
918 4517 942 4566 4.
961 4519 1071 4576 διιηιίοατ
1086 4513 1270 4576 προκαλοῦνται.

337 4577 361 4631 3.
378 4569 407 4631 οῦ
422 4607 454 4618 -
467 4607 496 4618 -
510 4579 547 4648 τῷ
561 4581 653 4651 φωλεῷ
665 4597 717 4632 πετο
732 4586 764 4632 est
777 4597 851 4633 ιιπιιι-
916 4583 941 4633 5.
960 4585 1033 4633 verba
1050 4575 1127 4634 αῦτοῦ
1145 4577 1264 4648 φρόνησιν
1286 4575 1300 4632 δ
1319 4571 1371 4642 ῦφιε
1388 4573 1433 4626 κτλ
1495 4635 1496 4640 ,

1492 4799 1495 4976 λ
