3006 4990
322 255 457 308 ransart
475 253 552 308 nur.
570 251 853 306 aasumensi.
871 253 952 304 rom.
968 254 986 308 r,
1190 241 1228 305 83

402 509 626 588 CONTRA
652 501 903 587 somnis,

250 629 341 724 Quae
368 637 420 706 est
443 631 491 706 Il.
517 631 678 706 Iudaismi
703 635 810 721 secta,
839 629 958 701 ordiuc
980 627 1055 702 XV.

160 777 231 844 Post
245 776 434 844 Sadducaeos
452 781 607 844 interiecto
625 792 774 866 tempore,
798 780 846 842 vel
863 779 967 842 eodem
984 777 1072 842 etiam
1093 799 1150 862 quo
1169 777 1222 856 illi,
1243 775 1302 844 ⁶⁸1¹·
1321 779 1340 828 ¹·

91 877 199 944 Scribas
230 880 417 966 prodierunt,
454 882 528 964 legis
556 879 749 967 interpretes,
784 901 818 944 ao
849 880 930 942 velut
958 879 1100 963 quandam
1126 901 1223 964 gram-

90 982 207 1045 maticam
231 983 373 1066 professi,
405 1003 470 1046 eum
493 983 620 1045 caeteris
643 982 672 1046 in
699 982 787 1044 rebus
812 978 986 1044 ludaeorum
1011 979 1153 1046 institutis
1179 985 1223 1044 in·

90 1082 234 1160 haereant,
261 1103 336 1168 qnae
355 1081 567 1168 superstitiosis
588 1094 617 1146 et
638 1082 828 1147 cavillatoriis
850 1083 978 1146 inventis
998 1081 1222 1167 interpolarent.

88 1181 182 1268 Neque
204 1185 282 1248 enim
304 1205 345 1248 ex
367 1184 442 1269 legis
467 1186 610 1249 duntaxat
634 1184 814 1269 praescripto
836 1185 956 1262 vivunt,
980 1203 1082 1247 verum
1104 1184 1225 1268 insopor

88 1306 181 1348 mneos
198 1297 228 1349 ct
244 1285 370 1364 calices,
395 1307 429 1350 ae
447 1287 561 1364 discos,
586 1297 616 1348 et
634 1287 744 1368 reliqua
761 1285 893 1350 utensilia
912 1285 1022 1363 lavant,
1045 1295 1144 1370 utpote
1163 1286 1224 1348 sin·

87 1407 174 1466 cerae,
197 1409 231 1450 ac
249 1387 405 1451 sanctioris
424 1388 593 1472 disciplinae
608 1387 748 1450 cultores.
791 1385 870 1450 Nam
888 1397 917 1448 et
934 1407 1037 1448 matins
1055 1387 1224 1469 frequenter
1237 1399 1309 1446 Mars.
1321 1404 1341 1461 a,
1352 1407 1372 1450 a.

87 1487 212 1568 abluunt,
238 1499 270 1552 et
286 1489 369 1572 aquis
389 1509 422 1552 sc
441 1509 476 1551 ac
492 1487 618 1551 lavacris
635 1488 818 1570 abstergunt.
865 1485 982 1550 Habent
998 1499 1026 1550 et
1045 1500 1141 1552 certas
1162 1491 1224 1551 tim·

85 1587 171 1668 brias,
195 1611 273 1674 quae
287 1588 411 1652 instituti
429 1599 497 1652 sunt
512 1609 613 1651 eorum
631 1589 727 1671 signa,
752 1590 786 1651 ad
802 1609 933 1673 pompam
951 1600 981 1652 et
998 1591 1222 1653 ostentationem

86 1691 274 1775 optandaque
303 1692 494 1775 spectantium
523 1691 680 1775 praeconia
708 1691 895 1774 compositas.
949 1690 995 1753 Ad
1025 1690 1096 1754 baec
1123 1701 1223 1754 vestes

84 1791 261 1876 phylacteriis
278 1791 430 1856 distinctas
447 1792 605 1876 gerebant,
630 1811 704 1876 qnae
721 1802 790 1855 sunt
804 1792 906 1855 latiora
923 1792 1063 1876 quaedam
1080 1811 1224 1877 purpurae

84 1905 237 1976 segmenta.
283 1891 331 1956 De
356 1894 459 1978 quibus
483 1916 547 1956 enm
573 1893 756 1977 evangelium
777 1894 958 1971 meminerit,
982 1895 1123 1978 suspicari
1145 1895 1222 1976 quis·
1240 1890 1323 1998 {2¹2¹}-

84 1993 150 2078 piam
176 1995 272 2082 possit
293 1996 330 2058 de
353 1995 488 2058 amuletis
507 1994 559 2076 ‚bie
587 1997 752 2058 sermonem
779 1994 909 2074 institui,
939 1996 1053 2078 quoda
1078 1997 1224 2060 nonnullis

84 2097 196 2160 amuleta
215 2096 397 2182 phylacteria
410 2106 565 2160 vocentur.
609 2093 723 2160 Verum
740 2096 827 2179 longe
842 2095 899 2158 alia
915 2096 989 2158 ratio
1006 2106 1064 2159 cst.
1108 2095 1224 2182 Quippe

83 2218 138 2260 cam
155 2198 259 2275 stolis,
283 2197 348 2262 sire
363 2195 533 2262 vestimenti
550 2215 660 2282 genera
682 2197 804 2280 quodam
821 2207 975 2260 uterentur
990 2197 1037 2259 isti
1062 2199 1138 2280 quod
1153 2197 1224 2263 llil·

83 2301 193 2365 naticas
218 2311 274 2365 aut
290 2297 413 2364 Colobia
432 2299 579 2384 appellare
600 2317 771 2384 possumus,
795 2317 870 2382 quae
892 2297 1078 2382 amplioribus
1095 2319 1135 2364 ex
1157 2321 1224 2384 pur-

82 2421 146 2483 pura
163 2401 326 2487 segmentis
344 2411 431 2464 erant
446 2399 572 2462 intexta.
618 2395 768 2462 Eiusmodi
785 2418 876 2483 porro
892 2410 1044 2482 segmenta
1067 2401 1115 2483 goi
1138 2421 1225 2466 necu-

82 2505 165 2566 ratius
181 2505 342 2588 loquuntur
354 2501 507 2566 nominare
522 2499 702 2586 phylacteria
715 2499 820 2562 solent.
855 2497 967 2562 ilerum
983 2503 1224 2568 consuetudinem

81 2617 192 2668 secutus
207 2604 345 2668 dominns
362 2603 465 2666 eadem
480 2601 528 2665 illa
544 2601 721 2688 phylacteria
738 2601 927 2684 nuncupavit.
973 2596 1033 2664 seu
1051 2612 1082 2665 et
1098 2621 1224 2686 sequeu-

82 2704 116 2767 tia
136 2708 170 2769 tle
189 2707 363 2790 acceptioue
381 2705 464 2770 vocis
481 2704 568 2767 istius
587 2704 661 2767 baud
686 2702 800 2766 dubiam
826 2703 908 2764 bilem
932 2700 1053 2766 liniunt.
1099 2701 1226 2768 Subiicit

82 2807 152 2870 enim
169 2819 199 2872 et
212 2807 456 2872 vestimentorum
471 2801 635 2890 spalensis,
657 2803 711 2867 boo
729 2814 773 2867 est
789 2803 928 2866 fimbrias.
973 2801 1017 2868 lta
1034 2814 1064 2867 et
1076 2805 1226 2890 pbylacte-

81 2908 119 2970 ria
143 2929 308 2994 purpureos
330 2907 397 2971 illos
422 2929 497 2991 quos
518 2907 581 2971 disi
603 2907 703 2970 clavos
727 2905 894 2991 appellavit.
942 2909 1093 2985 Quoniam,
1117 2907 1223 2990 inquit,

82 3012 202 3072 illisam
214 3013 405 3092 phylacterio,
430 3021 460 3072 et
466 3012 603 3091 fimbrias
615 3013 838 3070 enumeratorum
850 3011 998 3088 ampliores
1004 3010 1119 3091 saea'ta's.
1152 3007 1225 3071 Ete-

82 3110 135 3174 aim
159 3113 319 3197 corymbos
336 3108 513 3175 Punicorum
536 3111 676 3174 malornm
703 3111 802 3194 speeie
825 3123 950 3194 quatuor
974 3129 991 3172 e
1011 3109 1087 3193 pallii
1110 3105 1225 3176 laciniis

82 3213 248 3292 pendmtes,
272 3225 360 3297 ntqne
375 3232 415 3278 cx
428 3214 492 3298 ipso
506 3212 632 3276 stamine
646 3209 792 3296 alligatos,
817 3231 852 3273 eo
867 3221 997 3295 tempore
1010 3211 1155 3295 gerebant
1167 3226 1224 3296 qno

82 3316 285 3378 continentiam
300 3325 351 3378 aut
368 3314 566 3399 uirginitatem
582 3313 753 3377 servabant.
797 3311 877 3376 Nam
899 3311 1020 3397 quilibet
1038 3323 1149 3376 certum
1168 3311 1224 3376 sibi

84 3424 190 3500 tempus
207 3415 353 3479 eastitatis
368 3427 418 3480 aut
436 3414 635 3480 continentiae
650 3413 882 3502 praescribebat,
907 3423 993 3496 atque
1011 3413 1060 3476 illa
1074 3415 1156 3478 velut
1169 3433 1224 3478 ex·

83 3517 170 3601 empla
184 3517 325 3601 quaedam
342 3527 371 3580 et
388 3517 531 3602 imagines
549 3526 652 3597 erant,
676 3516 781 3599 quibus
795 3513 958 3578 institutum
975 3535 1059 3580 auum
1078 3512 1226 3602 exprime·
1337 3536 1339 3541 ’

83 3613 164 3696 bant,
189 3637 226 3682 ne
250 3619 315 3701 quis
336 3629 436 3704 utpote
457 3629 576 3682 sanctos
598 3616 721 3681 auderet
740 3617 896 3700 attingere.

161 3717 300 3802 Quattuor
313 3721 387 3805 apud
405 3720 522 3783 eosdem
536 3717 750 3797 Traditionnm,
769 3738 841 3801 quas
857 3712 1054 3800 Aaercpo'oasr
1066 3718 1222 3798 vocabant,

84 3819 159 3883 inere
176 3841 300 3906 genera.
330 3819 461 3885 Primum
474 3817 570 3884 Musis
586 3819 742 3906 prophetae
760 3818 877 3883 nomine
894 3830 942 3882 est
955 3819 1136 3904 inscriptum.
1167 3817 1224 3884 Ss-

82 3923 204 3986 cuutlam
215 3923 333 3987 Alibae
346 3923 459 3987 cuidam
474 3922 626 4006 magistro,
652 3921 699 3984 vel
712 3917 889 4000 Barakibae,
912 3920 1054 3984 tribuunt.
1087 3918 1224 3984 Tertium

83 4021 209 4104 Auiani,
232 4023 282 4090 cel
296 4023 427 4102 Annaei,
449 4025 497 4108 qni
516 4033 545 4086 et
559 4020 646 4088 ludas
663 4021 780 4087 dicitur.
815 4019 920 4104 Quarti
935 4022 1132 4085 Assamonaei
1149 4021 1224 4087 illios

82 4136 215 4190 auctores
227 4125 370 4190 iactitant.
404 4122 540 4208 Quattuor
552 4145 593 4189 cx
608 4125 687 4188 bisce
703 4123 830 4187 recubus
844 4133 998 4186 manarunt
1010 4143 1046 4186 ea
1061 4139 1136 4206 quae
1149 4125 1226 4208 apuu

82 4223 144 4290 illos
168 4227 250 4291 inani
271 4227 393 4314 quadam
420 4228 558 4313 opinione
581 4225 743 4312 sapientiae
766 4225 938 4303 constituta,
963 4243 1029 4287 cum
1050 4223 1111 4288 siut
1129 4224 1226 4312 inepta

112 4409 135 4462 l.
151 4409 341 4480 'Aoeupmntso
357 4416 409 4466 eoo.
423 4415 544 4476 mustea.
712 4411 736 4463 a.
753 4413 859 4464 nemus
875 4405 971 4477 ὅσαπερ
987 4403 1080 4526 atinate.

981 4501 999 4563 g
1068 4531 1069 4534 ,
1097 4531 1099 4536 ,
