3006 4990
368 323 503 378 Pauahtt
520 323 581 376 Llll.
594 325 614 376 l.
631 325 711 378 hott.
726 325 758 376 ll.
776 325 874 378 nasa.
885 325 983 379 XXVI.
1196 317 1256 380 169

103 465 166 510 rum
189 444 219 508 in
240 463 313 528 agro
329 442 580 528 virgultorumqoe
601 443 776 508 desiccatum
798 444 965 530 congeriem
988 455 1018 508 et
1036 444 1071 510 ad
1088 444 1254 512 incendium

102 557 302 632 praeparatam
321 546 350 609 in
369 545 495 610 medium
512 545 675 630 proferam,
705 565 741 608 eo
759 547 834 630 quod
852 547 953 610 eadem
971 545 1022 610 illa
1041 547 1144 633 perditi
1162 546 1255 612 Nico·

104 650 139 712 lai
158 659 260 728 secta,
284 658 420 732 unquam
438 645 576 711 insitione
593 648 734 730 quadam,
757 649 806 712 vel
822 647 918 733 potins
937 649 977 712 uti
996 650 1077 712 ferae
1094 650 1203 716 scabiei
1220 671 1254 716 ac

102 749 201 836 leprae
227 749 402 834 contagione
423 748 478 812 alia
502 768 541 811 es
565 745 630 811 aliis
652 769 792 834 corpora,
823 749 866 812 sic
886 749 1033 813 bominum
1051 761 1201 816 tentantur
1218 773 1253 817 ac

102 861 328 937 corrumpuntur
341 849 441 914 animi.
476 847 542 913 Hoc
555 849 652 933 itaque
669 851 754 914 modo
770 872 834 914 cnm
849 851 1001 935 superiore
1018 852 1131 916 haeresi
1147 853 1253 917 cobae-

103 975 170 1017 reas
189 974 230 1016 ex
246 952 344 1036 aliqua
359 962 452 1037 parte,
477 950 525 1035 qui
541 971 558 1014 a
573 949 699 1015 Nicolao
715 952 777 1036 ipso
795 952 916 1036 eiusque
932 955 1181 1033 antecessoribus,
1206 951 1255 1019 Si·

103 1076 188 1119 mone
208 1075 244 1118 ac
261 1053 406 1133 cacteris,
430 1052 615 1116 occasionem
632 1053 710 1116 nacti
727 1051 861 1118 Gnostici
878 1053 1082 1132 nominantur,
1104 1054 1255 1138 κατάγνω-

105 1177 165 1220 croc
183 1156 240 1219 hoc
256 1167 303 1219 est
317 1155 471 1218 damnandi
486 1155 620 1238 penitus,
644 1165 763 1240 propter
779 1154 966 1240 impurissimi
981 1155 1080 1240 flagitii
1096 1157 1172 1240 quod
1188 1177 1255 1242 pcr-

6 1277 7 1280 ’
104 1270 220 1344 petrare
239 1256 335 1322 soleat
353 1255 559 1341 turpitudinem
581 1275 616 1319 ac
633 1255 803 1340 nequitiem.
848 1253 1045 1338 Quamobrem
1064 1277 1129 1320 cum
1147 1279 1201 1322 nos
1218 1259 1254 1322 il-

103 1361 158 1424 lnm
175 1359 319 1422 hacmuus
334 1356 532 1422 continentiae
547 1357 582 1420 ad
600 1355 691 1420 breve
707 1369 820 1443 tempus
837 1358 989 1436 cultorem,
1013 1379 1048 1422 ac
1063 1357 1186 1424 subinde
1202 1359 1254 1425 de·

5 1482 6 1488 ¹
104 1473 265 1540 remorsu,
290 1469 321 1525 et
336 1459 474 1546 hydropis
488 1456 611 1522 similem
626 1460 715 1543 (quod
728 1457 874 1543 serpentis
888 1479 982 1542 genus
997 1479 1037 1522 ex
1050 1459 1134 1545 aquis
1148 1457 1178 1523 in
1195 1471 1254 1524 ter·

105 1583 163 1626 ram
186 1560 330 1645 emergit,
362 1571 392 1624 ct
412 1561 515 1625 eodem
535 1569 638 1645 postea
659 1580 692 1624 sc
713 1561 830 1645 recipit)
851 1545 981 1641 calamo,
1014 1559 1062 1644 qui
1081 1557 1201 1626 Christo
1222 1562 1254 1624 iu

104 1686 219 1729 mannua
236 1660 358 1726 traditus
374 1672 438 1742 est,
470 1681 639 1747 percussum
657 1662 887 1741 coraieccrimus,
917 1660 1043 1746 reliqum
1061 1663 1097 1727 ad
1115 1663 1253 1728 haereses

103 1767 264 1831 arabonam
286 1775 416 1828 nostram
439 1761 684 1848 promovebimus.

298 2001 637 2078 ADVERSUS
679 2001 1054 2098 GNOS'I'IGOS,

350 2147 432 2218 quae
451 2129 503 2196 cst
521 2122 667 2196 haeresis
683 2123 762 2215 vt,
787 2123 858 2198 sive
876 2121 1004 2198 XXVI.

184 2273 317 2339 Rursum
335 2272 468 2338 Gnostici
490 2272 539 2336 isti
559 2272 641 2336 varie
662 2271 698 2336 ab
719 2271 769 2334 illo
788 2274 938 2358 propagati
958 2274 990 2338 in
1008 2274 1114 2338 mundo
1131 2275 1252 2360 pullula·
1269 2281 1330 2350 Gap.
1348 2283 1368 2333 t.

103 2389 181 2457 runt,
207 2376 340 2442 beminen
358 2373 508 2438 erroribus
522 2373 672 2459 implicati,
696 2395 730 2438 ac
745 2376 825 2438 velut
841 2395 881 2438 ex
899 2376 1091 2440 amaritudine
1108 2376 1252 2462 procreati

103 2483 233 2559 fructus,
258 2477 496 2564 quemadmodum
511 2476 603 2540 cuivis
618 2477 802 2562 perspicuum
819 2486 876 2554 est,
900 2488 931 2540 et
946 2478 980 2540 ad
998 2477 1130 2542 veritatis
1147 2478 1252 2563 proba·

102 2582 211 2646 tionem
233 2601 293 2644 non
313 2581 407 2644 solum
430 2599 447 2642 a
470 2576 621 2656 lidalibus,
653 2578 706 2640 aed
728 2579 813 2642 edam
833 2579 870 2642 ab
889 2578 1055 2658 infidelibus
1073 2578 1250 2664 deprehendi

102 2681 315 2766 nullanegotia
333 2691 439 2767 potest.
485 2678 602 2744 Etenim
619 2680 754 2758 vulvam,
777 2701 812 2742 ac
831 2680 1053 2764 turpitudinem,
1077 2691 1251 2765 caeteraque

101 2785 130 2848 id
151 2805 245 2869 genus
265 2785 296 2846 iu
318 2803 455 2847 sermone
475 2782 605 2860 iactare,
637 2801 734 2844 nonne
755 2781 906 2845 ridiculum
927 2783 1097 2846 mortalibus
1118 2781 1251 2848 omnibus

103 2884 229 2950 Graecis
249 2883 369 2971 perinde
387 2904 421 2948 ac
440 2881 588 2960 barbaris,
611 2880 789 2967 sapientibus
809 2882 1069 2968 insipientibusqne
1087 2883 1252 2949 videbitur?

103 2983 164 3050 Sed
185 2987 256 3050 haec
274 3007 378 3071 magna
394 3005 515 3071 prorsus
530 2983 696 3061 calamitas,
718 3005 754 3048 ac
770 2985 944 3063 vehemens,
969 2996 1000 3048 ut
1013 2985 1056 3049 ita
1073 2985 1182 3063 dicam,
1205 2986 1251 3050 in·

100 3087 226 3152 lalicitas
250 3099 313 3165 est,
343 3089 495 3153 damnatos
518 3086 602 3163 illos,
634 3095 664 3148 et
682 3106 784 3150 errore
804 3087 940 3173 deceptos
956 3096 1102 3151 sectarum
1121 3087 1250 3151 ardhces

99 3189 218 3253 inacitari
241 3200 344 3253 contra
364 3209 418 3254 nos
441 3199 528 3272 atqtm
546 3185 718 3269 insurgere,
749 3189 830 3251 velut
848 3189 949 3252 laedas
969 3188 1106 3272 quasdam
1126 3189 1249 3268 bestias,

100 3312 176 3376 quae
190 3289 352 3354 molestiam
368 3291 452 3354 nobis
467 3311 502 3353 ac
518 3291 659 3354 teotonem
674 3299 704 3352 et
718 3289 857 3374 pruritum
871 3290 1007 3355 confictis
1022 3291 1078 3354 illis
1093 3291 1154 3355 suis
1168 3311 1250 3354 men·

99 3392 193 3457 deciis
216 3391 352 3456 alienant.
396 3391 478 3476 Ergo
499 3393 633 3456 iaticum
655 3387 781 3456 Nicolao
803 3391 969 3470 coniuncti,
1000 3403 1031 3456 et
1051 3391 1088 3457 ab
1110 3411 1146 3456 eo
1168 3392 1250 3457 velut

99 3495 304 3559 subventanos
320 3495 464 3578 serpentia
480 3515 538 3558 ovo
555 3495 663 3581 scorpii
680 3495 744 3559 sive
764 3494 909 3580 aspidibus
926 3493 1077 3578 prognati,
1108 3493 1249 3577 quaedem

99 3596 186 3660 nabis
203 3595 331 3660 inaniter
347 3593 481 3658 serrantia
497 3597 614 3661 nomina
632 3597 780 3680 librosque
796 3593 952 3659 aeminenti
969 3606 1053 3673 sunt,
1077 3596 1158 3660 velut
1172 3597 1251 3659 iuter

99 3709 237 3762 caeteros
259 3718 343 3781 quem
365 3695 489 3762 Noriam
512 3699 673 3783 appellant,
703 3709 791 3782 atquc
809 3717 849 3762 ex
869 3696 1080 3782 superstitiosis
1099 3697 1250 3781 gentilium

98 3798 288 3884 opinionibus
304 3799 493 3864 conformatis
507 3801 543 3864 ad
557 3799 719 3864 institutum
735 3821 820 3862 suum
835 3799 920 3884 nugm
934 3797 1038 3862 illisae
1053 3798 1157 3862 labulis
1170 3797 1251 3862 veri·

96 3902 153 3964 tati
176 3899 356 3965 mendesium
376 3902 547 3966 admiscent.
593 3899 707 3987 Quippe
724 3899 850 3966 Noriam
868 3901 953 3964 istam
969 3898 1079 3964 Noimi
1096 3898 1250 3982 coniugem

96 4003 223 4066 iaciunt.
269 3999 364 4084 Quem
381 4002 489 4066 idcirco
502 4000 628 4068 Noriam
644 4014 767 4084 vocant,
791 4014 822 4066 ut
838 4021 943 4087 quaes
959 4000 1115 4086 gentilibus
1131 4000 1250 4064 concio-

97 4113 169 4167 nata
185 4115 254 4168 sunt
269 4104 401 4168 barbaris
417 4104 538 4168 vecibus
554 4105 769 4170 dissimulantes
785 4102 991 4169 circumventis
1005 4125 1021 4167 a
1037 4124 1070 4167 se
1086 4101 1250 4166 bominibus

97 4204 218 4268 lucilius
232 4205 370 4286 illudant,
394 4227 450 4289 qno
469 4206 582 4290 quidem
598 4217 700 4292 pacto,
724 4217 756 4269 ut
772 4204 904 4290 Pyrrhae
917 4205 1089 4268 vocabulum
1105 4203 1250 4288 interpre-

96 4305 192 4370 tando
206 4309 380 4385 redderent,
402 4305 515 4370 Noniae
532 4309 752 4392 appellationem
768 4305 944 4370 indiderunt.
989 4303 1066 4369 Nam
1084 4328 1148 4369 cnm
1163 4302 1250 4370 Nure

95 4409 177 4493 apud
198 4405 349 4472 llebraeos
366 4407 480 4493 ignem,
512 4431 568 4473 nnn
589 4409 637 4474 illa
660 4409 774 4492 quidem
794 4407 954 4472 secretiore
973 4407 1089 4492 lingue,
1122 4408 1174 4472 sed
1191 4406 1250 4491 Sy·
