3008 4996
358 275 491 328 rnnnutt
508 275 572 328 ΗΒ.
581 276 600 328 i.
610 275 696 326 'toln
710 275 742 326 ll.
758 273 956 326 nnunxxve
1167 261 1225 324 187

92 397 260 475 iunxerunt,
278 395 373 460 eidem
390 392 518 460 Sabaoth
538 393 658 478 capillos
674 413 739 458 esse
760 391 933 469 muliebrem
957 390 1032 475 quod
1048 388 1160 456 scilieet
1173 411 1227 454 vo-

92 521 151 564 cem
170 497 249 562 illem
266 493 395 562 Subaotb
414 493 557 580 Principis
574 493 696 561 alicuius
712 514 779 558 esse
797 513 902 557 nornen
920 493 1108 571 arbitrentur,
1132 511 1227 576 neque

91 600 156 666 illud
172 598 354 682 intelligant,
377 597 549 681 ubicumque
567 596 609 660 ite
628 595 751 674 dicitur,
772 600 850 658 Hace
865 599 935 657 dr'cit
950 595 1224 666 monumentarii,

92 723 146 766 non
164 699 324 786 cuiuspiam
341 698 369 762 id
388 718 455 762 ease
475 697 620 783 proprium
638 717 760 775 nomen,
783 696 834 762 aed
855 696 1047 781 praedicando
1064 695 1160 780 potius
1174 715 1227 758 uu·

91 803 157 868 inici
175 803 257 868 velut
274 800 413 886 quoddam
433 799 608 864 laudationis
625 799 797 864 vocabulum
812 797 953 876 adbiberi.
998 793 1112 882 Quippe
1136 795 1227 860 donni-

91 927 140 970 nue
157 901 288 970 Sabaoth
304 902 378 968 idern
393 899 536 966 Hebraico
556 901 631 984 quod
647 899 827 964 exercituum
852 899 1007 983 significat.
1052 896 1092 962 Et
1111 896 1226 982 quidem

91 1006 260 1089 ubicumque
279 1025 342 1068 nox
355 1003 406 1068 illa
421 999 549 1067 Sabaoth
568 1000 597 1066 iu
613 1012 714 1068 retem
733 1009 906 1064 monumento
923 997 1041 1083 legitur,
1065 997 1227 1064 exercitum

92 1117 187 1172 sonat.
233 1103 333 1190 ltaque
351 1126 403 1189 pro
419 1124 455 1168 eo
472 1103 547 1187 quod
567 1101 712 1168 Hebraico
725 1103 864 1188 scriptum
879 1111 936 1183 est,
959 1105 1076 1164 Adonai
1089 1102 1224 1173 Subootb,

90 1208 194 1292 Aquila
214 1218 372 1293 perpetuo,
393 1210 528 1270 mmmm
542 1209 715 1268 concentuum
729 1204 836 1268 reddit.
880 1200 941 1267 Sed
957 1203 1005 1266 isti
1020 1206 1120 1268 lurore
1141 1211 1227 1284 etque

90 1308 213 1374 amentia
231 1307 333 1394 perciti
352 1307 387 1370 ad
406 1305 513 1370 domini
537 1306 582 1370 sui
606 1304 739 1372 iniuriam
761 1326 826 1370 eum
843 1304 891 1390 qui
911 1325 1049 1390 nusquam
1069 1313 1116 1366 est
1133 1301 1228 1387 inqui·

91 1422 172 1490 root,
196 1422 228 1476 ct
242 1431 307 1474 euro
325 1409 373 1492 qui
392 1418 437 1473 est
451 1409 563 1492 reipsa,
588 1407 635 1472 vel
651 1406 824 1491 semetipsos
836 1406 949 1492 potius,
973 1405 1169 1490 perdiderunt.

170 1509 249 1580 Sunt
266 1521 297 1574 et
316 1509 391 1576 aliae
409 1509 574 1576 eorumdem
590 1508 815 1574 innumerabiles
833 1526 944 1590 nugae,
973 1527 1028 1572 nco
1044 1504 1109 1572 aine
1131 1506 1227 1570 taedio
1245 1519 1303 1589 cap.
1314 1521 1361 1572 xt.

92 1623 184 1698 potest
202 1612 298 1678 omniu
314 1611 436 1678 istorum
454 1609 568 1674 insania
586 1610 818 1676 commemorari.
864 1606 924 1674 Sed
947 1610 1015 1674 illud
1038 1607 1228 1692 praetermitti

91 1737 144 1782 oon
161 1725 270 1800 potest,
293 1713 431 1798 quosdam
449 1732 490 1776 ex
507 1712 607 1778 borum
627 1733 693 1778 esse
712 1733 845 1790 numero,
869 1711 915 1795 qui
934 1711 976 1776 ite
992 1710 1142 1774 mulierum
1158 1730 1228 1774 con·
1258 1770 1259 1774 ,

91 1818 241 1882 suetudine
256 1815 415 1893 abstineut,
438 1823 471 1878 ut
483 1813 597 1898 seipsos
612 1813 745 1878 matribus
759 1815 821 1878 suis
835 1821 1041 1897 conspuerent,
1056 1810 1150 1895 iisque
1166 1811 1227 1874 loe·

91 1917 237 1982 dissimum
254 1916 380 1983 libidinis
396 1913 478 1980 virus
496 1914 644 1999 excipiant
659 1925 745 1998 utque
768 1935 804 1978 eo
823 1924 997 1994 reametur,
1028 1914 1065 1977 ad
1089 1913 1163 1997 quod
1185 1923 1228 1976 te
1495 1977 1496 1992 q

90 2019 254 2084 stimonium
283 2018 351 2084 illud
379 2036 431 2099 per·
453 2037 593 2082 summam
618 2017 790 2080 calumniam
810 2016 999 2100 detorquente
1030 2019 1134 2078 Manus
1157 2018 1376 2086 mmmmm.
1495 2061 1496 2074 ,

92 2125 303 2202 nrppedr'torunt
318 2141 374 2182 non
390 2121 461 2182 ante·
471 2121 571 2192 roton,
595 2121 646 2180 red
659 2129 688 2179 et
702 2123 738 2180 aii
751 2123 803 2200 qui
815 2139 918 2180 meum
933 2127 1010 2180 ruat.
1043 2113 1117 2180 item
1131 2114 1225 2178 istuda

92 2225 242 2302 mter
262 2222 388 2284 mnnr'bnr
408 2225 549 2300 proponti,
581 2225 617 2282 iat
633 2225 750 2300 poesim
770 2225 805 2282 irie
819 2224 870 2302 qui
883 2241 939 2282 non
954 2219 1058 2282 debent
1077 2220 1365 2294 communi-spuens.
1495 2235 1496 2258 1

91 2345 164 2388 cera.
209 2321 255 2388 De
273 2321 375 2406 quibus
395 2321 467 2386 adeo
489 2319 559 2386 mibi
575 2332 735 2384 commotus
751 2321 865 2384 videtur
887 2321 917 2385 in
936 2318 1068 2404 apostolo
1084 2315 1152 2382 luda
1170 2317 1229 2401 spi-

91 2424 160 2490 ritns
177 2434 316 2500 sanctus,
348 2422 402 2485 boc
422 2432 467 2486 est
488 2421 518 2488 iu
540 2421 681 2486 catholiea
705 2421 781 2488 illius
803 2421 925 2506 epistole
951 2418 1054 2502 (ludas
1072 2419 1121 2482 ille
1140 2439 1228 2502 porro

91 2525 196 2608 estqui
215 2522 329 2602 lucebi,
359 2536 445 2608 atque
468 2526 552 2587 etiarn
577 2522 685 2587 donnini
709 2525 798 2587 irater
822 2523 980 2608 appellatus
997 2525 1070 2602 ost).
1115 2516 1149 2584 lu
1172 2539 1229 2602 qua

92 2645 140 2708 per
158 2625 280 2711 apostoli
300 2647 401 2689 vocem
424 2626 559 2710 spiritus,
582 2625 715 2708 inquam,
738 2635 875 2703 sanctus,
907 2633 1058 2708 corruptos
1076 2621 1141 2684 illos
1164 2641 1229 2683 cor·

92 2737 222 2810 ruptores
243 2747 310 2790 esse
327 2729 522 2805 demonstret,
555 2739 586 2790 ut
607 2727 712 2790 ibidem
735 2725 877 2809 loquitur:
912 2729 988 2804 Quae
1006 2729 1077 2786 curbo
1101 2727 1229 2784 emerunt
1249 2730 1354 2829 ⁸2:¹12&

91 2831 253 2906 r'gnoronter
275 2833 305 2890 r'n
324 2831 383 2890 etto
398 2833 565 2910 reponatur.-
597 2849 668 2909 qune
682 2849 748 2890 nero
761 2838 881 2901 norunt,
906 2831 935 2890 in
951 2831 987 2888 r'n'a
1005 2838 1133 2907 tuaquom
1151 2835 1228 2884 mute
1333 2814 1339 2827 ’

92 2933 221 2994 ranam
236 2941 463 3010 ermenpnntur.
510 2926 659 3013 Siquidem
676 2949 779 2992 carnum
797 2929 891 2994 instar
906 2947 941 2992 ao
957 2947 1108 3011 porcorum
1127 2946 1181 2989 sua
1194 2944 1227 2988 se

92 3029 255 3116 corruptela
283 3029 465 3113 turpitudinis
487 3028 651 3113 inquinant.
703 3027 767 3094 Hoc
792 3029 869 3094 eninr
893 3030 978 3095 modo
1005 3041 1062 3094 tam
1083 3047 1172 3092 canes
1194 3046 1228 3090 ac

91 3131 169 3213 porci
189 3153 274 3215 qnam
297 3141 413 3198 caetera
431 3152 464 3196 so
480 3131 637 3196 animantia
657 3141 859 3216 corrumpunt,
883 3141 912 3194 et
927 3131 1115 3215 profluentem
1130 3150 1148 3192 e
1163 3147 1228 3192 eor·

92 3233 208 3312 poribus
231 3235 295 3298 suia
311 3233 436 3296 libidinis
452 3233 600 3298 humorem
621 3233 780 3316 delinquet.
821 3233 918 3315 Atque
933 3232 974 3296 illi
992 3251 1096 3296 revera
1111 3250 1228 3294 carnem

91 3354 171 3398 snam
188 3345 357 3420 erumpente
376 3335 456 3398 velut
477 3355 529 3418 per
545 3334 688 3398 somnium
714 3333 843 3400 dunione
869 3333 1090 3398 conmaculans.
1134 3335 1229 3394 Donni·

91 3442 226 3500 nntionem
246 3448 338 3498 aaran
354 3447 505 3517 spument,
529 3440 698 3500 marcsteinen
713 3447 805 3498 noum
821 3437 1027 3515 blasphemaret:
1057 3447 1091 3496 ut
1102 3437 1377 3504 Mictnetmnunns

92 3541 280 3618 archangelus
298 3559 359 3600 curn
375 3539 485 3600 dr‘nbolc
500 3542 646 3618 deputam
665 3542 699 3602 de
713 3541 810 3618 Moysi
828 3557 945 3616 corpore
966 3539 1149 3617 blnepdenu'ee
1168 3556 1229 3598 ser·

92 3659 193 3702 nnuma
209 3661 267 3702 nou
285 3643 366 3712 aaut,
389 3642 440 3702 sed
456 3642 546 3714 umet,
570 3644 701 3720 Increpet
713 3651 741 3702 tc
755 3643 898 3702 menne:
928 3639 961 3700 ta·
975 3649 1066 3700 nutem
1083 3657 1229 3718 quoecum-

90 3761 143 3818 que
158 3745 291 3822 ripemunt
307 3742 692 3822 nuturabtcrblcnplemnntr
716 3741 781 3806 dum
800 3740 995 3806 sacrosanctis
1009 3739 1066 3802 illis
1082 3737 1229 3822 nnysteriis

90 3861 243 3920 quaecum
263 3839 454 3906 sanctissimis
473 3841 661 3924 religionibus
685 3841 835 3906 nobiscum
858 3840 1107 3906 communicentur
1129 3849 1231 3902 contu-

89 3943 212 4010 meliose
234 3942 373 4020 illudunt,
406 3951 435 4004 el
459 3943 495 4008 ed
516 3943 731 4028 spurcissimam
755 3941 1064 4026 flagitiosissimamque
1082 3939 1229 4004 libidinem

90 4053 277 4107 convertunt.
321 4041 404 4107 llaec
420 4055 488 4106 sunt
503 4064 576 4128 qnae
598 4045 740 4106 adversus
757 4045 904 4128 apostolos
927 4042 1040 4106 ellutire
1064 4040 1228 4120 ructensi,

88 4145 329 4226 quemadmodum
351 4144 451 4208 beatus
469 4145 615 4230 apostolus
637 4145 755 4208 scribit:
785 4149 866 4207 Adeo
883 4156 916 4206 nt
931 4149 1041 4226 anilcm
1061 4147 1129 4204 hoec
1145 4164 1163 4204 a
1178 4163 1229 4204 no·
1241 4149 1368 4204 nanae

89 4245 133 4306 dir
148 4249 328 4310 dr'cr'r'celcre
349 4251 485 4322 ααιίιαιιῐ,
520 4251 666 4308 Furrirmnr
685 4249 774 4322 molo,
799 4259 830 4308 ut
852 4251 981 4310 euenrbm
996 4249 1083 4322 bono5
1114 4267 1231 4326 quorum

87 4350 192 4408 r'antuaa
216 4361 259 4409 ase
275 4352 417 4409 a'ndr'rnirnr.
464 4345 558 4431 Quam
582 4369 654 4411 vero
676 4348 764 4410 multa
789 4346 955 4411 testimonia
977 4357 1132 4432 suppetunt
1156 4367 1232 4431 quae

88 4458 193 4511 contm
211 4448 394 4535 blasphemos
415 4449 480 4514 illos
503 4451 534 4512 in
558 4449 682 4516 medium
702 4449 807 4512 afferre
830 4449 993 4534 possimus!
1040 4447 1099 4513 Sed
1120 4448 1160 4511 illi
1182 4446 1231 4530 qui
