3010 5000
309 315 370 383 54ss
731 327 852 384 εισστι
869 327 1035 384 nmmum!

308 449 430 532 βίβλους
447 444 530 522 τινάς
543 444 725 524 ἐξετόπτοσσν
739 451 780 524 είς
793 443 887 531 όνσμα
900 446 1058 515 αὐτοῦτοῦ
1072 447 1145 530 Σὴθ
1157 449 1373 534 γεγραμμένας,
1394 447 1458 532 παρ’

308 548 402 616 αότοῦ
421 547 513 626 αότάς
534 547 677 614 δεδόσθαι
697 551 842 635 λέγοντες,
870 549 958 628 άλλσς
979 551 1012 615 66
1032 553 1075 626 είς
1095 549 1190 634 ὄνομα
1212 549 1305 617 αῦτοῦ
1326 555 1382 618 καί
1403 561 1456 617 τῦτ

308 651 381 718 ἑπτά
399 655 473 717 νίτῦν
490 651 591 717 αὐτοῦ.
637 654 716 717 Φασλ
731 652 787 740 γάρ
805 651 895 720 αότόν
912 655 1113 739 γεγεννηκέναι
1129 651 1202 718 ἐπτά
1218 650 1398 740 Ἀλλογεντῖς
1411 683 1454 720 κα·

306 755 476 838 λσυμένους,
499 751 539 832 οίς
552 757 603 819 καὶ
617 756 648 821 ἐν
663 751 761 831 άλλαις
773 757 917 840 αλρέσεσιν
932 755 1100 840 είρήκαμεν,
1125 761 1299 824 Ινοιστικσῑτ
1314 781 1397 841 φημι
1411 761 1453 821 τά

307 865 478 940 Σηθιανοῦν.
525 850 615 922 Οὗτοι
636 858 667 922 δὲ
687 859 737 922 καλ
754 856 859 934 άλλσυς
876 856 1033 943 προφήτας
1049 860 1141 939 φασίν
1158 856 1248 939 είναι,
1277 859 1454 944 Μαρτιάόηι

305 959 369 1026 τινά
383 962 436 1026 καί
451 959 643 1044 Μαρσιανόν,
675 957 857 1044 άρπαγέντας
874 963 915 1036 είς
930 959 1000 1036 τοῦς
1014 957 1176 1045 οόρσνοῦς,
1204 964 1256 1028 καί
1274 961 1327 1027 διά
1341 961 1453 1048 ἦμερὸτ

306 1070 394 1150 τρισῦν
408 1061 655 1146 καταβεβηκότας.
702 1063 760 1126 Καί
777 1061 869 1128 πολλά
883 1065 961 1128 ἐστιν
976 1062 996 1126 ά
1012 1071 1249 1152 μυθοποιοῦντες
1262 1072 1402 1141 πλαστις
1414 1067 1453 1130 ἐτ-

182 1197 233 1244 ρις.
245 1185 291 1230 τεο.
304 1173 446 1246 τυποῦσι,
477 1163 636 1248 βλάσφημά
657 1189 687 1229 τε
708 1164 882 1242 πλάττοντες
902 1163 977 1230 κατά
993 1172 1048 1230 τοῦ
1063 1163 1149 1241 όντος
1163 1171 1240 1231 θεοῦ
1256 1165 1452 1254 παντοκράτο

305 1293 373 1354 ρος,
395 1265 507 1352 πατρός
520 1275 574 1332 τοῦ
588 1271 693 1352 κυρίου
708 1264 793 1350 ἡμῶν
804 1265 900 1351 Ἰησοῦ
917 1273 1062 1352 Χριστοῦ,
1087 1264 1291 1354 τός”Αργοντος
1306 1268 1396 1346 ὄντος
1407 1271 1451 1334 ιιιί

303 1375 448 1456 πονηρίας
469 1366 605 1455 εόρετοῦ,
636 1366 677 1444 τίς
699 1367 747 1434 ἄπ’
769 1367 866 1434 αότιῦν
886 1377 946 1435 τῶν
963 1368 1032 1455 παρ’
1048 1368 1149 1446 αότοῖς
1166 1370 1262 1456 λόγων
1278 1368 1449 1437 άλίσκοντσι

304 1475 347 1536 El
362 1471 419 1558 γάρ
437 1479 575 1557 πονηρῶν
592 1473 669 1537 ἐστιν
683 1469 802 1556 εόρετης
815 1474 866 1536 καί
880 1469 1057 1550 κακοποιός,
1079 1479 1144 1548 πῶς
1158 1470 1253 1548 εῦθός
1268 1471 1326 1539 οάτ
1341 1472 1450 1558 dynvas

304 1571 453 1657 εόρεθείη,
477 1573 518 1650 οῦς
535 1576 587 1639 καί
602 1576 633 1638 ἐν
649 1583 714 1650 ταῖς
730 1569 828 1650 άλλσις
843 1576 987 1659 αίρίσεσιν
999 1577 1136 1656 εἴπαμεν,
1157 1572 1232 1640 κατά
1247 1581 1391 1660 πορνείας
1405 1577 1449 1640 καί

304 1679 434 1760 μοιχείας
455 1679 506 1742 καί
528 1674 662 1762 άρπαγῆς
683 1677 734 1742 καλ
754 1679 918 1753 πλεονεξίας
936 1676 1137 1759 νομοθετήσας
1144 1704 1153 1754 ,·
1186 1675 1264 1742 Θεόν
1284 1675 1342 1763 γάρ
1363 1676 1449 1743 αάτότ

300 1783 358 1843 τοῖν
373 1776 524 1846 ’ίονῦαίοιν
541 1781 592 1844 καί
609 1777 693 1844 σάτολ
708 1781 838 1865 λέγουσι,
861 1787 923 1854 τοῖς
936 1777 1092 1855 Ἰουδαίοις
1109 1781 1140 1844 δέ
1157 1776 1208 1844 τόν
1222 1778 1319 1862 νόμον
1331 1781 1446 1854 edam,

300 1884 332 1946 ἐν
346 1873 371 1970 β
384 1879 481 1946 πάντα
493 1889 586 1946 ταῦτα
601 1878 802 1967 ἀπηγόρευσεν
816 1875 859 1946 οῦν
872 1877 992 1966 εῦρετήν
1006 1879 1097 1946 αότόν
1109 1883 1243 1966 λέγουσιν
1261 1878 1345 1946 είναι.
1380 1887 1447 1956 Παῖς

299 1983 331 2048 όέ
353 1983 449 2069 πατὴρ
471 1991 525 2050 τσῦ
546 1991 667 2048 Σατανᾶ
685 1988 808 2066 κληθείη
829 1981 848 2050 ό
870 1981 932 2048 κατ’
953 1981 1047 2048 αὐτοῦ
1068 1981 1105 2048 τά
1125 1989 1254 2050 τοσαῦτα
1275 1982 1444 2061 άπσελείξαςς

301 2087 362 2150 Καί
383 2083 575 2171 είάλλότρτός
597 2089 656 2152 ἐστι
676 2093 729 2152 τοῦ
752 2085 813 2150 άνοι
830 2083 898 2171 παρ’
915 2083 1016 2161 αότοῖς
1031 2085 1186 2170 λεγομένου
1203 2094 1297 2165 θεοῦ,
1325 2089 1383 2151 καί·
1394 2085 1443 2150 οότ

300 2185 389 2264 αότός
406 2191 483 2254 ἐστιν
500 2185 606 2264 όθεός
627 2185 645 2254 ό
662 2187 887 2273 παντοκράτωρ,
910 2186 929 2253 ό
943 2175 1079 2270 βασιλεῦς
1094 2189 1146 2252 καί
1161 2187 1266 2272 κόρισς
1284 2185 1408 2272 ’ἧμιῦη
1429 2183 1444 2250 ό

300 2292 331 2356 ἐν
351 2288 435 2379 νόμρσ
457 2292 505 2355 καλ
528 2292 562 2355 ἐν
582 2288 755 2376 εὐαγγελίοις
776 2293 824 2355 καί
849 2293 881 2356 ἐν
899 2289 1068 2376 προφήταις
1090 2291 1141 2354 ιισλ
1163 2287 1340 2366 ἀποστόλοις
1360 2287 1443 2362 σότάς

297 2389 371 2468 θεός
389 2390 508 2478 πόριος,
537 2389 634 2477 πατὴρ
651 2394 683 2458 δὲ
700 2400 752 2458 τοῦ
769 2397 875 2478 κυρίου
893 2390 978 2474 ἡμῶν
993 2391 1091 2474 Ἰησοῦ
1109 2397 1247 2476 Χριστοῦ.
1291 2389 1344 2467 Ὡς
1361 2389 1442 2464 πότάε

298 2493 430 2560 όιόάσκει
445 2501 550 2576 σαφῶς
565 2493 643 2579 ἡμᾶς
660 2492 679 2560 ό
694 2493 797 2581 πόριος
814 2497 846 2560 ἐν
863 2493 1030 2583 εόσγγελίρτ,
1058 2495 1165 2580 λόγιον,
1196 2491 1373 2579 ίίιῦγαριστό
1389 2515 1438 2568 σοι,
1488 2555 1489 2589 ρ

296 2594 405 2682 πάτερ,
427 2596 511 2684 κόριε
529 2595 664 2682 οόρονοῦν
680 2599 731 2662 καί
746 2602 814 2683 γῆς,
835 2601 886 2662 ίνα
902 2599 980 2686 δείξη
997 2595 1050 2664 τόν
1066 2594 1158 2662 σότοῦ
1175 2597 1288 2682 πατίρα
1304 2595 1380 2662 θεόν
1396 2593 1440 2660 τάν
1487 2629 1488 2667 ι

295 2696 422 2779 πόντον.
1486 2711 1487 2745 ¹

161 2811 227 2880 Κεφ.
245 2805 278 2876 η’.
387 2804 448 2866 Καί
471 2803 539 2886 περί
562 2809 674 2885 νεκρῶν
700 2799 883 2877 άναστάσιως
905 2798 1083 2881 όποφαίνων
1105 2803 1225 2866 ίσεσθσι
1249 2799 1340 2866 πάλιν
1360 2803 1436 2882 φησί,

296 2904 414 2971 Λόσατε
433 2899 486 2978 τόν
500 2903 575 2971 ναόν
589 2911 708 2984 τοῦτον,
740 2906 791 2969 τισί
807 2905 840 2969 ἐν
853 2905 946 2987 τρισίν
962 2901 1085 2988 ημέρειις
1102 2905 1192 2988 ἐγερῶ
1210 2901 1311 2968 αῦτόν.
1357 2900 1436 2968 Ναόν
1483 2945 1484 2979 ,

296 3009 328 3072 δὲ
341 3009 417 3093 ἔλεγε
433 3005 559 3073 παίδων
572 3029 666 3090 σαμα
687 3005 830 3133 λυόρευον
845 3006 897 3089 μὲν
911 3003 959 3071 διά
975 3030 1079 3090 γειροιν
1092 3002 1275 3089 ανθρσιιτοιν
1298 3009 1435 3072 τοοτέσιιτ
1482 3013 1483 3057 ί

295 3107 546 3192 άπσιιτεινόμενον.
596 3107 634 3174 Τό
657 3107 747 3173 δὲ
708 3135 749 3191 μη
768 3107 802 3174 όν
818 3115 917 3190 σῶμα,
948 3105 1018 3172 άλλά
1037 3105 1157 3188 ιλοιιησει
1175 3106 1372 3190 φαινόμενον,
1400 3102 1435 3178 ός

295 3203 377 3276 οῦτοι
395 3211 483 3276 πάλιν
498 3213 645 3296 λέγουσιν,
669 3209 724 3276 οόκ
742 3210 779 3276 άν
793 3207 921 3293 ηδόνατο
937 3213 978 3286 είς
992 3218 1089 3294 χεῖρας
1103 3211 1256 3294 ἔρχεσθαι,
1279 3211 1433 3296 ἐγείρεσθαί

292 3338 323 3378 τε
340 3340 376 3402 τη
362 3316 476 3403 ’τρίτη
492 3310 602 3403 ημέρρι,
624 3310 729 3388 καθείς
745 3315 937 3399 ἐπηγγείλατο.
982 3313 1135 3377 Δέδεικται
1149 3315 1253 3376 τοίνυν
1271 3319 1374 3392 σοφάς
1391 3307 1432 3373 aa·

291 3441 345 3497 της
362 3414 501 3497 τοκαότης
518 3419 689 3498 οἰκονομίας
707 3411 958 3501 άναντίρρητος’
937 3439 957 3496 η
978 3421 1037 3478 τῶν
1058 3421 1170 3498 νεκρῶν
1191 3410 1359 3489 άνάστασις·
1388 3411 1429 3476 ταί

292 3515 360 3582 οότε
375 3522 456 3604 χρεία
473 3520 551 3584 ἐστίν
568 3517 727 3603 άπολσγίας
741 3525 777 3607 τῇ
794 3524 892 3608 ψυχῇ,
921 3520 972 3582 ’ίνα
987 3517 1095 3604 λαλήσῃ
1110 3511 1187 3600 πρός
1202 3514 1329 3600 ἑκάστην
1341 3514 1427 3592 ’ἕξου-

292 3623 357 3685 σίαν
373 3618 558 3696 (πλάττονται
569 3620 626 3706 γάρ
642 3613 725 3686 οὗτοι
737 3622 788 3686 καί
801 3627 902 3698 τοῦτο,
926 3615 967 3695 σάς
982 3621 1122 3702 εἴρηται),
1144 3614 1215 3681 άλλά
1239 3625 1247 3662 ¹
1259 3617 1311 3684 ῦιά
1322 3625 1373 3700 τῆς
1384 3622 1427 3680 τοῦ

290 3726 396 3807 κυρίου
418 3720 582 3808 εὐεργεσίας
602 3730 655 3805 τῆς
675 3721 724 3787 διά
745 3729 804 3787 τοῖν
824 3723 917 3808 ἐργοιν
937 3721 988 3786 καί
1009 3727 1061 3802 τῆς
1078 3723 1202 3796 πίστεως
1219 3721 1425 3802 συνισταμένης,

292 3821 332 3900 σῦς
349 3825 423 3910 λέγει
441 3822 459 3890 ό
476 3823 636 3911 άγιοότατος
654 3831 788 3904 Παῦλος,
818 3824 943 3910 γράφων
965 3823 1102 3911 Τιμοθέῳ
1118 3819 1168 3886 διά
1187 3821 1300 3888 τοότισν
1315 3829 1373 3888 σῦν
1385 3817 1425 3884 λα’·

289 3953 362 4012 γαν·
383 3925 489 4004 Ὅπως
501 3927 657 4014 γινοίσκοις
672 3935 736 4002 ποῦς
751 3931 797 3992 δεῖ
808 3929 839 3992 ἐν
855 3929 928 4014 οίκῳ
944 3931 1049 4012 κυρίου
1064 3933 1249 4009 περιπατεῖν,
1278 3923 1342 4006 ἥτις
1358 3925 1424 3988 ἐστίν

290 4031 425 4111 ἐκκλησία
440 4037 517 4096 θεοῦ
535 4037 589 4096 τοῦ
602 4037 725 4109 ζῶντος,
755 4028 857 4105 στόλος
873 4031 923 4093 καί
938 4031 1087 4114 ἐόραίαμα
1103 4033 1156 4108 τῆς
1170 4024 1325 4108 άληθείας,
1352 4025 1386 4106 ἣν
1398 4023 1424 4084 οἱ

289 4134 388 4198 πολλοὶ
405 4129 530 4212 άφέυτες
547 4135 589 4208 είς
607 4131 726 4215 μόθους
741 4133 790 4197 καί
808 4136 990 4217 μωρολογίας
1007 4128 1220 4214 ἐξετράπησαν,
1243 4127 1283 4210 μὴ
1300 4135 1421 4196 νοοῦντες

289 4232 360 4314 μήτε
374 4233 394 4297 6
408 4236 533 4320 λέγουσι,
556 4233 628 4317 μήτε
641 4235 709 4319 περί
722 4238 808 4300 τίνων
822 4237 1071 4317 διαβεβαιοῦνται·
1094 4223 1136 4296 τόν
1150 4233 1210 4296 ἐστι
1225 4229 1368 4316 Φόγελλσς
1378 4225 1417 4291 τοί

285 4330 469 4421 Ἑρμογένης.
510 4334 595 4402 Ἀλλά
610 4338 661 4403 καί
677 4339 709 4403 ἐν
724 4363 760 4426 τη
747 4338 897 4426 ’δευτέρα
913 4339 1048 4426 ἐπιστολῇ
1064 4331 1221 4416 ’Τμένσιον
1237 4334 1288 4398 καί
1305 4325 1417 4412 Φιλητόν

321 4489 346 4539 2.
363 4487 453 4540 Ρσεί
433 4491 508 4556 ημῶν
525 4495 550 4542 λιι
567 4495 632 4544 libris
647 4497 718 4558 σσίρο
732 4497 847 4557 reperitur
878 4497 927 4544 ι’στι
944 4495 1068 4545 σΡιλσνίο
1084 4493 1176 4544 στοίολε
1190 4493 1285 4552 τιοίσίσ,
1306 4485 1413 4553 μανία

288 4559 398 4607 insertum
413 4551 515 4623 Ἰησοῦς
531 4559 656 4628 Χριστός,
684 4576 744 4626 ςυστ
764 4565 845 4626 verba,
877 4565 948 4614 λτοιλσ
963 4564 1074 4614 ισσίσσοί.
