2986 4996
288 301 306 364 8
681 311 849 364 1391?an
866 309 1044 362 mzsvowsw

287 430 424 512 πλησίας,
445 434 611 515 συγγνῶναι
625 425 699 511 ἡμῖν
714 425 891 515 άνθροίποις
903 419 986 504 σῦσι,
1012 427 1064 492 καί
1080 427 1152 511 μετά
1168 426 1266 495 πόνου
1279 430 1331 493 καί
1349 426 1451 510 ζήλου

288 537 396 596 θεϊκοῦ
415 532 671 613 φιλοτιμουμένοις
692 527 766 617 ῦπέρ
784 532 952 614 θεοσεβείας
966 525 1177 614 άπολογεῖσθαι
1201 527 1332 611 ιἸησοῦ,
1363 535 1394 594 εἴ
1415 557 1451 594 τι

289 627 456 717 ῦπέρογκον
478 634 520 707 είς
540 629 611 697 αῦτό
631 629 664 696 τδ
687 631 832 718 πανάγιον
851 633 902 696 καλ
923 631 1141 712 κανσεβάσμιον
1163 629 1255 714 ῦνομα
1273 629 1451 714 θελήσομεν

289 731 365 800 κατά
383 732 439 816 τὴν
463 737 566 798 2ίδίαν
581 730 707 815 δύναμιν
724 731 1021 818 ῦιτεραπολογεῦσθαι,
1049 739 1103 797 τοῦ
1124 741 1200 799 θεοῦ
1217 741 1451 818 συγχωροῦντος

289 833 326 899 τά
342 831 418 918 ῦπέρ
434 834 561 918 δύναμιν
576 831 648 917 ἡμῖν
663 837 840 918 ἐκζητοῦσιν.
874 831 990 916 Ἐπειδὴ
1008 833 1045 898 δι’
1062 833 1205 917 άλήθειαν
1220 832 1290 918 ημῖν
1305 832 1324 900 δ
1338 834 1450 919 λόγος,

290 938 343 1001 καὶ
365 934 403 1000 δι’
419 933 568 1018 εῦσέβειαν
590 933 817 1021 ἦπριιγματεία.
862 937 919 1000 Καὶ
938 938 980 1000 ἔτι
998 937 1206 1021 παρακληθητε
1231 939 1306 1001 δέᾶν
1328 939 1358 1001 εί
1376 963 1451 1002 στου

290 1035 416 1123 εῦροιτε,
446 1042 541 1105 καίτοι
555 1063 588 1123 γε
605 1036 645 1120 μὴ
662 1039 694 1102 ἐν
709 1039 774 1103 έθει
788 1035 876 1114 όντας
889 1037 1078 1119 ἐπισκήπτειν
1091 1036 1172 1114 τινάς
1186 1037 1208 1122 ἢ
1224 1041 1450 1120 ἐπισκωμματί-

290 1144 364 1217 ζειν,
392 1135 442 1202 διά
458 1139 491 1204 δέ
510 1137 563 1204 τόν
579 1138 656 1224 πρός
672 1136 725 1213 τάς
739 1141 864 1224 αίρέσεις
874 1145 975 1220 ζῆλον,
1004 1141 1056 1204 καὶ
1071 1143 1111 1216 είς
1127 1137 1300 1223 άποτροιιήν
1314 1145 1376 1204 νῦν
1394 1142 1450 1204 ἐν-

290 1237 507 1324 τυγχανόντων,
537 1243 638 1306 εἵπου
657 1240 886 1325 παροξυνόμενοι
907 1242 1040 1322 λέξομεν,
1061 1239 1271 1324 ἢάιτατεῦνάς
1286 1267 1368 1316 τινας
1386 1268 1451 1305 ιτα-

289 1347 423 1419 λοῦντες,
452 1341 473 1424 ἧ
493 1340 638 1427 άγῦρτας,
666 1339 687 1423 ἦ
708 1339 840 1418 άθλίονς.
877 1337 964 1423 Aba}
985 1340 1040 1428 γάρ
1063 1339 1215 1428 ήάνάγκη
1237 1340 1258 1424 ἦ
1273 1339 1349 1427 πρδς
1366 1342 1452 1419 τοῦς

289 1439 396 1528 λόγους
409 1449 461 1508 τοῦ
477 1440 592 1528 άγιῦνος
607 1442 820 1527 παρασκευάζει
840 1442 905 1525 η’μῖν
925 1440 978 1508 τόν
997 1450 1134 1509 τοιοῦτον
1158 1447 1282 1528 ίδρῦτα,
1304 1441 1342 1508 δι’
1364 1441 1449 1510 άττο-

289 1543 404 1629 τροπήν
425 1550 485 1609 νῦν
508 1543 756 1628 ἐντυγχανόντων,
786 1548 838 1610 καί
855 1542 938 1620 ῦιιως
957 1547 1087 1628 δείξομεν
1108 1553 1256 1621 παντελοῦς
1273 1543 1448 1630 άιιηγορευ·

237 1645 240 1656 ’
291 1641 382 1727 μένάς
404 1651 457 1710 τοῦ
480 1642 623 1728 ἡμετέρου
647 1645 837 1729 φρονήματος
852 1643 904 1721 τάς
924 1648 1042 1720 ἐκείνων
1067 1649 1202 1732 ἐργασίας
1225 1649 1275 1712 καί
1292 1647 1450 1732 μυστήρια

290 1749 342 1812 καί
362 1749 564 1826 διδασκαλίας,
593 1743 631 1811 ἐν’
653 1745 712 1812 άπό
736 1754 796 1812 τῦν
813 1747 902 1832 λόγων
926 1749 1048 1830 καὶτῆς
1069 1746 1235 1831 έόξῦτητος
1256 1756 1308 1832 τῆς
1325 1746 1449 1814 άντιλο-

290 1852 357 1934 γίας
376 1850 428 1912 καί
455 1844 488 1913 τό
511 1845 652 1933 ἡμέτερον
675 1850 838 1933 ἐλευθέριοι
860 1847 1075 1932 άττοδείξωμεν,
1104 1855 1155 1915 καί
1181 1875 1264 1926 τινας
1292 1848 1352 1916 άπδ
1377 1859 1451 1917 τῶν

291 1946 390 2015 αῦιιῦν
410 1952 587 2033 ἐκκλίνωμεν
605 1952 657 2016 καί
678 1948 729 2016 διά
748 1957 808 2016 τῦν
829 1947 995 2016 δοκούντων
1016 1953 1188 2038 βαρυτέρων
1208 1950 1312 2038 λόγων.

156 2361 222 2429 Κεφ.
241 2357 273 2430 β’.
376 2358 437 2421 Καὶ
454 2360 532 2422 ἐστιν
554 2360 586 2424 ἐν
608 2365 644 2448 τῇ
665 2357 747 2446 πάση
761 2361 938 2447 πραγματεία
962 2357 1012 2424 διά
1033 2365 1094 2424 τῶν
1110 2361 1332 2447 προειρημένων
1349 2369 1451 2446 τριοῦν

290 2461 428 2541 βιβλίων,
457 2459 578 2542 πρώτου
606 2462 656 2525 καί
682 2462 816 2544 δευτέρον
842 2462 894 2524 καί
917 2465 1035 2543 τρίτον,
1067 2461 1152 2526 άτινα
1179 2466 1245 2546 τρία
1272 2464 1371 2544 βιβλία
1403 2467 1452 2540 είς

290 2558 363 2624 ἐπτά
386 2559 496 2642 τόμους
517 2565 666 2644 διείλομεν.
708 2558 760 2626 Ἐν
780 2562 808 2627 δι’
832 2561 944 2650 ἑκάστῳ
968 2562 1048 2651 τόμφ
1073 2560 1205 2648 άριθμός
1233 2590 1277 2639 τις
1299 2565 1450 2648 αίρέσεων

290 2663 342 2727 καλ
364 2660 528 2744 σχισμάτων
543 2665 682 2747 ἐγκειται·
713 2659 788 2743 δμοῦ
806 2664 838 2727 δέ
860 2667 894 2727 αί
911 2668 1004 2728 πᾶσαί
1026 2667 1099 2728 εἰσιν
1118 2663 1314 2748 ὀγδοήκοντα,
1342 2657 1387 2729 οἷν
1416 2670 1452 2730 αἱ

291 2759 446 2845 ὀνομασίαι
469 2766 575 2828 καλαί
599 2762 764 2846 προφάσεις
785 2756 875 2829 αῦται.
921 2763 1032 2849 Προίτη
1059 2765 1284 2851 Βαρβαρισμός,
1316 2769 1450 2853 δευτέρα

291 2862 482 2947 Σκυθισμῦς,
513 2869 593 2950 τρίτη
608 2862 806 2948 Ἑλληνισμός,
836 2863 956 2950 τετάρτη
974 2864 1172 2950 Ἰουδαϊσμός,
1200 2870 1318 2950 πέμπτη
1336 2875 1449 2950 Σαμα-

292 2964 446 3050 ρειτισμός.
494 2963 543 3030 Ἐκ
570 2965 683 3032 τούτων
710 2969 740 3030 τί
765 2972 901 3049 καθεξῆς.
951 2966 1017 3052 Πρῦ
1040 2975 1172 3053 Χριστοῦ
1199 2969 1251 3052 μέν
1272 2966 1344 3051 μετά
1362 2975 1449 3055 Βαρ-

291 3067 436 3151 βαρισμδν
455 3069 506 3132 καί
528 3064 582 3150 τὴν
601 3065 759 3150 Σκυθικήν
781 3073 1012 3152 δεισιδαιμονίαν
1034 3074 1069 3134 αί
1089 3069 1148 3135 άπδ
1175 3077 1230 3135 τοῦ
1249 3068 1449 3153 Ἑλληνισμοῦ

295 3167 443 3248 1φύσασαι
458 3161 557 3233 αῦται·
581 3171 675 3252 9ἕκτη
692 3169 901 3254 Πυθαγόρειοι,
920 3168 970 3234 εἴτ’
987 3163 1042 3236 οῦν
1060 3174 1300 3256 Περιπατητικοί,
1316 3170 1367 3235 διά
1381 3181 1450 3238 τῶν

291 3271 360 3351 περὶ
378 3267 576 3352 Ἀριστοτέλην
595 3273 789 3354 διαιρεθεῖσα,
819 3269 932 3354 ἑβδόμη
951 3276 1155 3351 Πλατωνικοὶ,
1186 3270 1278 3358 ὀγδόη
1295 3278 1447 3355 Στωϊκοὶ,

291 3369 378 3452 ἐνάτη
392 3367 595 3454 Ἐπικούρειοι.
638 3369 711 3437 Ehe
726 3372 926 3456 Σαμαρειτικῆ
944 3377 1071 3456 αἵρεσις,
1102 3367 1177 3439 οῦσα
1198 3379 1231 3440 ἐκ
1248 3382 1303 3449 τοῦ
1317 3371 1448 3442 Ἰουδαϊ-

291 3479 384 3554 σμοῦ,
413 3474 463 3536 καί
484 3472 592 3554 ταῦτης
609 3475 730 3557 τέσσαρα
751 3477 841 3557 ἔθνη,
870 3474 977 3557 δεκάτη
999 3478 1204 3560 8Γοροθηνοί,
1227 3475 1367 3558 ἑνδεκάτη
1387 3486 1449 3542 Σε-

291 3577 425 3656 βουαῖοι,
448 3573 600 3657 δωδεκάτη
617 3572 762 3658 Ἐσσηνοὶ,
784 3575 1004 3660 τριςκαιδεκάτη
1024 3583 1175 3643 Δοσίθεοι.
1221 3575 1297 3642 Εἶτα
1315 3574 1334 3640 ό
1350 3575 1449 3656 αῦτδς

291 3676 503 3759 προειρημένος
513 3672 711 3760 Ἰσυδαϊσμδς,
738 3676 798 3742 άπό
821 3685 876 3742 τοῦ
892 3674 1026 3762 Ἀβραάμ
1048 3677 1100 3743 τόν
1122 3687 1289 3766 χαρακτῆρα
1302 3680 1449 3760 είληφσίς

291 3778 342 3842 καὶ
362 3775 412 3842 διά
435 3783 487 3841 τοῦ
509 3780 652 3855 δοθέντος
675 3778 767 3862 νόμον
790 3785 831 3866 τῷ
855 3787 976 3869 Μωῦσγῑ
1000 3783 1192 3860 πλατυνθελς,
1223 3783 1273 3845 καί
1300 3777 1361 3846 άιτδ
1387 3791 1448 3848 τοῦ

289 3875 387 3943 ’ίοῦδα
401 3882 470 3943 υίοῦ
483 3876 602 3962 Ἰακοίβ,
625 3889 677 3946 τοῦ
692 3883 740 3946 καί
751 3878 865 3965 Ἰσραήλ
880 3879 930 3946 διά
944 3885 1057 3964 Δαβίδ,
1079 3891 1133 3947 τοῦ
1148 3884 1199 3948 καί
1215 3881 1448 3964 βασιλεύσαντος

291 3981 325 4044 ἐκ
345 3988 397 4062 τῆς
417 3979 524 4045 τοῦτου
545 3988 642 4064 φυλῆς
661 3981 694 4048 τό
712 3980 868 4062 ἐπώνυμον
885 3991 939 4048 τοῦ
957 3981 1143 4067 Ἰουδαϊσμοῦ
1159 3989 1333 4068 κληρωθείς.
1378 3989 1448 4050 Καί

293 4077 344 4145 ἄνι’
369 4081 461 4148 αῦτοῦ
486 4089 540 4148 τοῦ
560 4080 746 4166 Ἰουδαϊσμοῦ
772 4082 845 4149 ἑπτά
869 4087 993 4170 αἱρέσεις
1016 4079 1115 4150 αῦται·
1145 4086 1446 4171 τεσσαρεςκαιδεκάτη

295 4187 508 4266 Γραμματέων,
535 4185 773 4268 πεντεκαιδεκάτη
797 4191 983 4271 Φαρισαίων,
1006 4187 1193 4271 ἕξκαιδεκάτη
1213 4192 1445 4269 Σαδδουκαίων,

329 4319 387 4372 (λιν.
404 4323 422 4371 Ι.
439 4349 472 4360 -
498 4321 519 4373 1.
537 4319 735 4390 ΗιροιυίἺηοοῦ
751 4339 794 4386 pro
811 4323 848 4385 τίς
917 4323 941 4378 3.
960 4327 1074 4388 θειοτέρα·
1096 4331 1141 4378 κιαι·
1162 4329 1249 4391 λκρεκὶι·
1270 4329 1373 4390 periculo
1398 4323 1446 4380 ἐᾶν

294 4379 317 4446 3,
334 4389 397 4452 quod
411 4391 520 4440 νιιιυιιι
534 4393 656 4442 mendum
668 4395 781 4442 ιιιιιωα
794 4407 847 4443 cum
885 4391 974 4446 εἴποι.
999 4395 1064 4444 Libra·
1077 4395 1160 4446 κωκυ
1171 4390 1203 4446 ν’
1217 4393 1242 4447 ιτ
1253 4411 1308 4447 που.
1336 4399 1364 4445 α
1377 4397 1446 4445 mua

293 4459 384 4507 υιισίκίι
399 4458 532 4506 includeret.
883 4459 925 4513 ἵνα
941 4476 1038 4524 quocum
1055 4467 1161 4514 είτυοιιιν
1175 4465 1244 4514 verbo
1261 4467 1331 4516 eum.

328 4523 352 4574 2.
370 4521 434 4576 ἰδίαν
450 4527 502 4574 eorl.
521 4527 574 4578 Vm.
609 4529 682 4590 λαλγσ
699 4523 779 4594 ἁγίαν.
