3036 4998
379 309 513 360 rinnau
529 307 592 360 mu
602 307 622 359 t.
639 307 720 360 rou.
734 308 766 359 ιι.
782 307 881 359 naua.
897 307 987 360 xxx.
1196 295 1260 362 285

110 424 252 490 historiae
268 423 364 490 oblata
381 427 466 490 nobis
482 426 598 490 occasio
614 437 671 504 est,
694 426 724 489 in
744 446 807 492 eam
822 447 888 502 ,sum
905 427 1026 490 fortuitu
1043 425 1167 490 delatus.
1211 423 1259 512 Ep

108 547 183 592 uero
201 527 365 611 pertinebat
383 527 480 606 istud,
508 537 541 591 ut
558 528 722 611 complures
741 529 962 592 ostenderemus
983 527 1013 590 iu
1031 547 1068 592 ea
1087 528 1259 612 migratione

110 631 209 694 varias
228 649 387 714 oeeupasse
406 631 509 708 aedes,
541 631 589 713 qui
605 649 649 692 ex
665 626 826 694 lsraelitiea
844 639 931 713 geute
951 629 1073 714 originis
1092 640 1176 694 eraut
1193 649 1259 694 sue-

109 731 246 794 eessioue
263 730 396 794 derivati.
442 728 500 813 Qui
519 732 632 814 quidem
652 730 688 793 ab
706 751 740 794 ea
759 730 807 794 ubi
826 731 995 794 habitabunt
1011 730 1133 814 regione
1150 751 1259 814 eogno-
1323 751 1326 761 ¹

109 833 215 896 minari
237 831 380 896 solebant.
433 831 681 915 Quemadmodum
707 854 770 896 num
795 832 871 895 filiae
896 829 994 895 lethro
1019 832 1134 896 allatum
1157 832 1213 896 sibi
1241 853 1259 895 a

108 931 218 1018 Moyse
236 955 319 1018 opem
335 933 449 1019 parenti
465 933 684 1010 renuntiarent,
708 945 919 1016 narrareutque
936 934 1063 1018 depulsis
1080 953 1144 996 ase
1161 944 1259 1018 puato-

107 1035 189 1100 n'bus
204 1056 276 1098 suns
291 1037 371 1098 illum
385 1055 491 1118 greges
506 1035 679 1117 adaquasse,
704 1033 770 1114 boe,
793 1035 923 1118 inquam,
947 1055 1011 1098 eum
1026 1035 1141 1098 domum
1158 1055 1259 1100 rever-

108 1157 160 1200 sae
178 1137 292 1222 parenti
309 1137 469 1214 dixissent,
492 1135 661 1200 soiseitante
676 1135 809 1198 nimirum
829 1156 883 1214 eo,
917 1140 976 1198 Cur
989 1139 1070 1197 badae
1085 1141 1198 1198 neamus
1213 1157 1258 1200 oe-

108 1243 199 1300 luea'us
216 1241 323 1300 solato?
343 1238 574 1323 responderunt,
599 1241 650 1298 Vt'r
664 1242 825 1317 Aegyptius
840 1240 971 1298 liberauit
983 1259 1034 1298 aaa
1053 1240 1088 1298 de
1102 1259 1189 1300 ,mono
1200 1259 1255 1318 pu·
1268 1248 1338 1293 axae.
1347 1250 1369 1307 t,
1378 1249 1406 1293 tt

106 1354 227 1415 storum,
252 1345 366 1420 absuper
381 1352 408 1401 et
420 1344 517 1401 bausit
527 1361 638 1420 uquam,
659 1351 811 1419 portamque
825 1343 902 1400 dedit
913 1340 1009 1400 om'bm
1023 1343 1138 1402 nostrat.
1186 1335 1254 1402 Ste-

107 1443 217 1526 timque
234 1441 310 1504 dixit
324 1440 394 1518 illis,
419 1445 477 1502 Cur
492 1463 547 1502 nora
563 1443 618 1500 dur
636 1444 715 1500 r'llum
732 1443 901 1514 uddum'rbb,
924 1453 956 1502 ut
969 1445 1124 1502 comederet
1133 1449 1257 1520 pam?

108 1541 183 1626 Quis
205 1553 302 1605 autern
326 1541 420 1604 neseit
441 1541 574 1604 Amnami
596 1552 625 1604 et
650 1539 821 1605 loebabetae
847 1542 933 1606 lilium
957 1541 1092 1605 extitisse
1113 1539 1255 1626 Moysen,

106 1647 279 1708 Amramum
297 1639 418 1720 Caatbi,
451 1638 593 1706 Canthum
614 1640 708 1718 Levi,
740 1642 816 1705 hune
835 1640 947 1721 incubi,
978 1641 1059 1706 euius
1076 1653 1158 1727 pater
1175 1640 1256 1707 laea-

106 1767 176 1823 eus,
210 1744 304 1809 lauari
321 1744 506 1808 Abrabamus
525 1743 631 1806 tuerit?
672 1743 779 1827 Neque
798 1755 912 1822 tamen,
941 1765 994 1828 pro
1011 1763 1047 1806 eu
1063 1744 1139 1827 quod
1155 1744 1256 1830 Aegy·

107 1848 183 1933 ptius
209 1846 352 1930 apellatur
373 1843 513 1931 Moyses,
543 1846 609 1908 ideo
635 1845 793 1908 nobilitatis
817 1845 894 1908 illius
917 1865 951 1908 ae
972 1845 1072 1927 stirpis
1094 1855 1140 1908 eat
1161 1847 1255 1910 series

107 1949 250 2012 extineta.
289 1945 353 2010 lloe
367 1945 456 2028 igitur
471 1948 555 2010 modo
571 1945 694 2010 Ebiouis
711 1945 855 2029 discipuli,
875 1946 956 2009 velut
970 1946 1141 2010 aberrantes
1156 1966 1191 2009 ao
1205 1947 1255 2010 de·

105 2051 163 2128 vii,
193 2050 293 2112 varias
311 2067 344 2111 se
362 2049 391 2110 in
406 2048 543 2132 ambages
560 2069 594 2110 ae
609 2049 704 2110 llexus
719 2047 896 2132 abruptaque
913 2047 1018 2110 itinera
1035 2046 1252 2112 commiserunt.

190 2150 310 2214 Ateaim
326 2150 576 2213 eireumeisionem
595 2169 664 2233 prae
682 2169 715 2212 se
731 2151 845 2226 terunt,
868 2168 960 2232 eaque
977 2167 1009 2210 re
1026 2149 1178 2232 plurimum
1190 2150 1252 2234 glo·
1288 2163 1347 2230 (ap.

105 2253 238 2330 riantur,
269 2262 370 2337 utpote
388 2272 475 2335 quam
491 2251 737 2335 patriarcharum,
766 2249 947 2333 aliorumque
964 2249 1011 2334 qui
1031 2249 1104 2334 legis
1122 2261 1251 2336 tempore
1269 2231 1363 2282 xxvi.

106 2355 212 2418 vixere
226 2353 388 2431 iustorum,
417 2361 515 2414 uotam
533 2373 567 2414 ae
583 2352 698 2434 signum
713 2351 851 2414 extitisse
869 2359 987 2434 puteutq
1019 2373 1076 2434 quo
1097 2353 1182 2416 etiam
1201 2375 1253 2416 ue·

106 2456 186 2518 mine
202 2455 357 2540 adaequari
373 2475 484 2517 seeum
501 2454 557 2516 illis
572 2453 763 2528 arbitrantur,
781 2453 913 2536 adeoque
925 2448 1034 2516 Christi
1048 2453 1139 2536 ipsius
1153 2475 1253 2518 exem·

108 2557 186 2640 plum
201 2557 236 2619 ad
251 2557 327 2619 illam
342 2556 582 2639 comprobandam
597 2555 828 2630 accommodant,
846 2564 878 2616 ut
892 2563 920 2616 et
934 2550 1115 2617 Cerintbinui
1132 2555 1251 2618 laeiuut.

106 2656 240 2740 Quorum
257 2657 438 2742 ineptissime
452 2657 697 2720 aeeomtnedatem
712 2655 790 2718 illam
806 2655 980 2718 senteutiam
997 2664 1153 2738 usurpante
1182 2659 1251 2738 Sej-
1263 2681 1347 2729 mm,

97 2762 171 2838 finit
182 2763 336 2840 daben'prulo,
359 2763 439 2820 m'sa't
449 2763 525 2820 nabat
539 2763 674 2837 nnugirter
688 2762 758 2818 mter.
805 2752 940 2820 Christus
956 2756 1049 2833 euim,
1073 2755 1171 2836 aittut,
1195 2756 1251 2823 eir·
1267 2737 1299 2792 ¹⁰³
1312 2737 1345 2781 ²⁴⁸

106 2859 253 2924 eumeisus
281 2870 343 2950 eat:
379 2869 409 2923 tu
432 2860 521 2942 igitur
548 2857 772 2922 oireumeiditor.
822 2858 921 2942 Atque
949 2867 981 2920 ιιι
1005 2857 1114 2922 erroris
1140 2859 1252 2922 semina

105 2981 214 3045 magna
238 2981 302 3024 eum
324 2961 437 3024 illorum
462 2961 572 3044 pudore
597 2960 804 3044 profligentur,
841 2980 900 3022 auu
923 2978 1009 3022 seeus
1033 2979 1067 3022 ao
1093 2959 1251 3024 traeuaudo

104 3062 179 3126 mari
199 3061 278 3126 velut
295 3063 432 3147 repagula
449 3061 589 3145 quaedam
608 3082 641 3123 ae
662 3070 779 3144 portae,
811 3081 964 3124 arenarum
984 3081 1000 3123 e
1018 3060 1072 3124 deo
1090 3060 1182 3124 moles
1200 3060 1252 3124 ob·

104 3163 183 3228 ieeta
198 3174 256 3242 est,
280 3165 467 3247 eiusdemque
483 3165 647 3226 mandatum
661 3161 841 3224 istiusmodi:
864 3163 1015 3242 Hucusque
1029 3166 1130 3234 aarum,
1154 3173 1184 3223 et
1194 3183 1250 3224 nnn
1263 3181 1348 3238 mam,
1357 3185 1388 3228 ιι.

99 3269 240 3344 praeder
257 3269 391 3346 amplam,-
420 3268 471 3326 red
490 3269 519 3326 a'n
541 3277 569 3325 te
585 3265 801 3346 ronsrmgentnr
812 3266 923 3346 fluenta
944 3268 1001 3336 tut,
1035 3263 1077 3326 ait
1094 3263 1249 3348 seriptura,

103 3366 150 3428 sie
166 3366 254 3429 etiam
271 3365 311 3429 illi
328 3367 357 3429 iu
373 3365 547 3450 semetipsos
562 3365 667 3450 relapsi
683 3365 798 3448 penitus
812 3374 1030 3427 consumentur.
1068 3362 1248 3449 Quamquam

103 3467 161 3530 boe
179 3467 321 3546 interest,
351 3469 426 3551 quod
443 3467 501 3531 illie
518 3467 553 3530 ad
570 3465 731 3529 coercenda
747 3464 839 3528 maria
855 3464 952 3530 diuino
970 3466 1091 3549 imperio
1108 3465 1249 3530 terminus

59 3554 64 3564 ’
101 3569 155 3630 ille
172 3568 347 3632 constitutus
364 3578 427 3647 eat,
458 3569 504 3630 bie
521 3577 617 3631 autem
634 3567 697 3650 ipsa
712 3586 764 3651 per
780 3585 848 3630 sese
862 3567 1008 3650 nequitia,
1038 3576 1124 3650 atque
1140 3587 1248 3632 exem-

101 3680 189 3732 eatae
204 3670 310 3732 mentis
327 3690 412 3732 error
428 3690 444 3732 a
462 3689 552 3732 sensu
568 3668 685 3754 pietatis
699 3670 860 3732 abhorrens
874 3667 1075 3732 infelicissima
1089 3667 1150 3747 illa,
1174 3689 1248 3752 qaae

101 3781 174 3834 aute
188 3771 372 3855 protulimus,
392 3771 528 3853 dogmata
540 3770 619 3833 velut
634 3771 772 3853 quosdam
788 3771 817 3832 in
832 3791 864 3834 se
880 3771 982 3832 fluetus
998 3769 1139 3834 excitavit
1154 3770 1245 3855 prius,

100 3891 137 3934 aa
155 3871 312 3935 eontrariis
329 3870 462 3935 fluetibus
479 3870 575 3950 illisit,
607 3871 838 3955 etsemetipsum
857 3871 886 3933 iu
905 3891 938 3934 se
953 3891 1114 3934 conversus
1131 3873 1247 3935 uoulra·

99 3984 227 4057 etusque
247 3973 409 4060 dissipauit.
453 3975 515 4036 Αιιι
536 3985 564 4035 ut
584 3973 713 4036 exitialis
732 3993 854 4056 serpens
875 3993 943 4036 sese
963 3973 1120 4036 eonlleiens
1138 3973 1244 4057 ipsum,

98 4085 162 4139 eta
179 4075 270 4139 eauda
285 4075 427 4160 replicans
443 4096 478 4138 ae
491 4075 648 4138 revolvens
661 4094 744 4137 suum
760 4095 866 4158 eorpus
880 4073 977 4138 adedit
990 4083 1019 4136 et
1032 4073 1168 4138 absumit.
1212 4071 1245 4138 ld

97 4223 208 4292 ψάμμον
226 4229 308 4290 reliqui
329 4230 375 4277 mei
396 4231 456 4278 llbrl.
496 4229 661 4290 Reponerrdum
693 4235 745 4275 tum
764 4233 816 4286 est,
834 4225 987 4293 claustraque
1008 4243 1037 4275 ac
1053 4235 1141 4292 portae
1155 4243 1244 4276 arenae

96 4299 209 4356 aurptoor
218 4291 333 4360 saboiam
344 4293 444 4363 χαλινὸς
455 4313 477 4348 τ.
490 4296 514 4348 h·
527 4293 557 4348 ἐκ
569 4295 593 4346 ξι.
605 4291 656 4358 dpa-
689 4292 820 4354 terminus,
847 4305 874 4345 et
907 4303 1049 4361 raeeeptum
1064 4293 1113 4344 hoe
1129 4299 1195 4356 cett,
1218 4301 1244 4343 ut

97 4359 173 4420 abele
186 4353 206 4426 a'p'
219 4361 326 4427 κλεῖθρα
338 4380 362 4414 κ.
374 4379 399 4416 ιι.
414 4359 519 4428 ψάμμος
533 4358 597 4427 ὅριοι
613 4359 657 4414 καὶ
689 4359 733 4413 aul
744 4363 849 4427 alefflpa
862 4311 906 4414 aul
917 4357 993 4414 πύλαι
1005 4357 1111 4428 ψάμμου
1123 4353 1188 4428 iptou
1202 4377 1244 4414 vo·

94 4431 328 4546 :phocpmuprquaatu
338 4434 555 4546 tmerpretotuopat:
566 4447 653 4546 qupm-
687 4431 757 4479 lnt'aae
772 4431 889 4480 videntum.

264 4513 363 4546 laelium
378 4515 438 4548 mall
456 4515 485 4548 ΒΧ
520 4515 551 4547 00
584 4515 655 4546 (till-
