<?xml version="1.0" encoding="UTF-8"?>
<!DOCTYPE html PUBLIC "-//W3C//DTD XHTML 1.0 Transitional//EN"
    "http://www.w3.org/TR/xhtml1/DTD/xhtml1-transitional.dtd">
<html xmlns="http://www.w3.org/1999/xhtml" xml:lang="en" lang="en">
 <head>
  <title>
</title>
<meta http-equiv="Content-Type" content="text/html;charset=utf-8" />
  <meta name='ocr-system' content='tesseract 3.04.00' />
  <meta name='ocr-capabilities' content='ocr_page ocr_carea ocr_par ocr_line ocrx_word'/>
</head>
<body>
  <div class='ocr_page' id='page_1' title='image "./corporishaerese03oehlgoog_0188.png"; bbox 0 0 3006 4990; ppageno 0'>
   <div class='ocr_carea' id='block_1_1' title="bbox 0 1049 3 1713">
    <p class='ocr_par' dir='ltr' id='par_1_1' title="bbox 0 1049 3 1713">
     <span class='ocr_line' id='line_1_1' title="bbox 0 1049 3 1713; baseline 0 0"><span class='ocrx_word' id='word_1_1' title='bbox 0 1049 3 1713; x_wconf 95' lang='lat' dir='ltr'> </span> 
     </span>
    </p>
   </div>
   <div class='ocr_carea' id='block_1_2' title="bbox 383 325 1259 390">
    <p class='ocr_par' dir='ltr' id='par_1_2' title="bbox 383 325 1259 390">
     <span class='ocr_line' id='line_1_2' title="bbox 383 325 1259 390; baseline -0.002 -2"><span class='ocrx_word' id='word_1_2' title='bbox 383 336 517 389; x_wconf 74' lang='lat' dir='ltr'>aenam!</span> <span class='ocrx_word' id='word_1_3' title='bbox 534 337 597 390; x_wconf 80' lang='lat' dir='ltr'>Llll.</span> <span class='ocrx_word' id='word_1_4' title='bbox 608 336 628 387; x_wconf 91' lang='lat' dir='ltr'>l.</span> <span class='ocrx_word' id='word_1_5' title='bbox 648 336 730 388; x_wconf 84' lang='lat' dir='ltr'><strong>TOM.</strong></span> <span class='ocrx_word' id='word_1_6' title='bbox 741 336 774 387; x_wconf 85' lang='lat'>11.</span> <span class='ocrx_word' id='word_1_7' title='bbox 789 335 888 387; x_wconf 74' lang='lat' dir='ltr'>flata.</span> <span class='ocrx_word' id='word_1_8' title='bbox 901 337 1000 388; x_wconf 82' lang='lat' dir='ltr'>xxvt.</span> <span class='ocrx_word' id='word_1_9' title='bbox 1203 325 1259 386; x_wconf 78' lang='lat' dir='ltr'>l&#39;ll</span> 
     </span>
    </p>
   </div>
   <div class='ocr_carea' id='block_1_3' title="bbox 118 451 1267 1758">
    <p class='ocr_par' dir='ltr' id='par_1_3' title="bbox 118 451 1267 1758">
     <span class='ocr_line' id='line_1_3' title="bbox 120 451 1265 542; baseline -0.002 -22"><span class='ocrx_word' id='word_1_10' title='bbox 120 455 196 521; x_wconf 84' lang='lat' dir='ltr'>riaca</span> <span class='ocrx_word' id='word_1_11' title='bbox 215 455 379 542; x_wconf 78' lang='lat' dir='ltr'>significet,</span> <span class='ocrx_word' id='word_1_12' title='bbox 402 453 531 520; x_wconf 82' lang='lat' dir='ltr'>Hebraei</span> <span class='ocrx_word' id='word_1_13' title='bbox 547 455 688 540; x_wconf 80' lang='lat' dir='ltr'>siquidem</span> <span class='ocrx_word' id='word_1_14' title='bbox 705 455 802 539; x_wconf 80' lang='lat' dir='ltr'>ignem</span> <span class='ocrx_word' id='word_1_15' title='bbox 818 451 931 520; x_wconf 69' lang='lat' dir='ltr'>&#39;Esautb</span> <span class='ocrx_word' id='word_1_16' title='bbox 949 455 1117 534; x_wconf 89' lang='lat' dir='ltr'>nominant,</span> <span class='ocrx_word' id='word_1_17' title='bbox 1137 453 1179 518; x_wconf 94' lang='lat' dir='ltr'>illi</span> <span class='ocrx_word' id='word_1_18' title='bbox 1194 473 1265 540; x_wconf 88' lang='lat' dir='ltr'>prae</span> 
     </span>
     <span class='ocr_line' id='line_1_4' title="bbox 121 553 1266 643; baseline -0.001 -21"><span class='ocrx_word' id='word_1_19' title='bbox 121 558 234 622; x_wconf 89' lang='lat' dir='ltr'>inscitia</span> <span class='ocrx_word' id='word_1_20' title='bbox 250 569 336 642; x_wconf 90' lang='lat' dir='ltr'>atque</span> <span class='ocrx_word' id='word_1_21' title='bbox 351 555 495 642; x_wconf 88' lang='lat' dir='ltr'>imperitia</span> <span class='ocrx_word' id='word_1_22' title='bbox 509 577 544 620; x_wconf 92' lang='lat' dir='ltr'>eo</span> <span class='ocrx_word' id='word_1_23' title='bbox 559 557 701 620; x_wconf 86' lang='lat' dir='ltr'>vocabulo</span> <span class='ocrx_word' id='word_1_24' title='bbox 716 567 784 620; x_wconf 85' lang='lat' dir='ltr'>suut</span> <span class='ocrx_word' id='word_1_25' title='bbox 798 555 892 620; x_wconf 86' lang='lat' dir='ltr'>abusi.</span> <span class='ocrx_word' id='word_1_26' title='bbox 936 557 1026 641; x_wconf 77' lang='lat' dir='ltr'>arqui</span> <span class='ocrx_word' id='word_1_27' title='bbox 1041 577 1135 641; x_wconf 90' lang='lat' dir='ltr'>neque</span> <span class='ocrx_word' id='word_1_28' title='bbox 1151 553 1266 643; x_wconf 80' lang='lat' dir='ltr'>Pyrrba</span> 
     </span>
     <span class='ocr_line' id='line_1_5' title="bbox 119 656 1266 744; baseline -0.001 -21"><span class='ocrx_word' id='word_1_29' title='bbox 119 659 166 723; x_wconf 88' lang='lat' dir='ltr'>illa</span> <span class='ocrx_word' id='word_1_30' title='bbox 182 657 366 724; x_wconf 89' lang='lat' dir='ltr'>Graecorum</span> <span class='ocrx_word' id='word_1_31' title='bbox 382 657 528 722; x_wconf 89' lang='lat' dir='ltr'>celebrata</span> <span class='ocrx_word' id='word_1_32' title='bbox 546 659 680 744; x_wconf 87' lang='lat' dir='ltr'>scriptis,</span> <span class='ocrx_word' id='word_1_33' title='bbox 704 678 798 743; x_wconf 90' lang='lat' dir='ltr'>neque</span> <span class='ocrx_word' id='word_1_34' title='bbox 814 657 921 721; x_wconf 87' lang='lat' dir='ltr'>abillis</span> <span class='ocrx_word' id='word_1_35' title='bbox 937 659 1062 722; x_wconf 74' lang='lat' dir='ltr'>conficta</span> <span class='ocrx_word' id='word_1_36' title='bbox 1076 656 1190 735; x_wconf 92' lang='lat' dir='ltr'>Noria‚</span> <span class='ocrx_word' id='word_1_37' title='bbox 1213 659 1266 722; x_wconf 91' lang='lat' dir='ltr'>sed</span> 
     </span>
     <span class='ocr_line' id='line_1_6' title="bbox 120 757 1264 845; baseline 0 -21"><span class='ocrx_word' id='word_1_38' title='bbox 120 757 288 826; x_wconf 87' lang='lat' dir='ltr'>Bartbenns</span> <span class='ocrx_word' id='word_1_39' title='bbox 309 759 419 824; x_wconf 79' lang='lat' dir='ltr'>Noc&#39;mi</span> <span class='ocrx_word' id='word_1_40' title='bbox 443 761 554 823; x_wconf 83' lang='lat' dir='ltr'>coniux</span> <span class='ocrx_word' id='word_1_41' title='bbox 576 759 641 823; x_wconf 84' lang='lat' dir='ltr'>luit.</span> <span class='ocrx_word' id='word_1_42' title='bbox 686 758 795 824; x_wconf 87' lang='lat' dir='ltr'>Graeci</span> <span class='ocrx_word' id='word_1_43' title='bbox 816 780 887 822; x_wconf 89' lang='lat' dir='ltr'>vero</span> <span class='ocrx_word' id='word_1_44' title='bbox 910 757 1053 845; x_wconf 78' lang='lat' dir='ltr'><strong>Pyrrham</strong></span> <span class='ocrx_word' id='word_1_45' title='bbox 1075 757 1264 824; x_wconf 73' lang='lat' dir='ltr'>Deucalionis</span> 
     </span>
     <span class='ocr_line' id='line_1_7' title="bbox 119 858 1263 945; baseline -0.002 -19"><span class='ocrx_word' id='word_1_46' title='bbox 119 883 242 926; x_wconf 84' lang='lat' dir='ltr'>uxorem</span> <span class='ocrx_word' id='word_1_47' title='bbox 266 863 357 926; x_wconf 84' lang='lat' dir='ltr'>luisse</span> <span class='ocrx_word' id='word_1_48' title='bbox 380 871 554 926; x_wconf 85' lang='lat' dir='ltr'>memorant.</span> <span class='ocrx_word' id='word_1_49' title='bbox 598 859 674 924; x_wconf 79' lang='lat' dir='ltr'>&#39;l&#39;um</span> <span class='ocrx_word' id='word_1_50' title='bbox 700 882 834 925; x_wconf 80' lang='lat' dir='ltr'>caussam</span> <span class='ocrx_word' id='word_1_51' title='bbox 860 860 996 924; x_wconf 84' lang='lat' dir='ltr'>adierunt</span> <span class='ocrx_word' id='word_1_52' title='bbox 1016 861 1102 924; x_wconf 86' lang='lat' dir='ltr'>iidem</span> <span class='ocrx_word' id='word_1_53' title='bbox 1124 860 1182 939; x_wconf 90' lang='lat' dir='ltr'>illi,</span> <span class='ocrx_word' id='word_1_54' title='bbox 1214 858 1263 945; x_wconf 88' lang='lat' dir='ltr'>qui</span> 
     </span>
     <span class='ocr_line' id='line_1_8' title="bbox 119 957 1263 1047; baseline -0.002 -21"><span class='ocrx_word' id='word_1_55' title='bbox 119 959 301 1028; x_wconf 78' lang='lat' dir='ltr'>Philistionis</span> <span class='ocrx_word' id='word_1_56' title='bbox 325 963 428 1026; x_wconf 88' lang='lat' dir='ltr'>mimos</span> <span class='ocrx_word' id='word_1_57' title='bbox 450 964 555 1027; x_wconf 88' lang='lat' dir='ltr'>iterum</span> <span class='ocrx_word' id='word_1_58' title='bbox 576 962 661 1026; x_wconf 86' lang='lat' dir='ltr'>uobis</span> <span class='ocrx_word' id='word_1_59' title='bbox 682 962 850 1027; x_wconf 86' lang='lat' dir='ltr'>obtrudunt.</span> <span class='ocrx_word' id='word_1_60' title='bbox 895 957 971 1027; x_wconf 85' lang='lat' dir='ltr'>Cum</span> <span class='ocrx_word' id='word_1_61' title='bbox 993 961 1088 1040; x_wconf 89' lang='lat' dir='ltr'>enim,</span> <span class='ocrx_word' id='word_1_62' title='bbox 1117 963 1263 1047; x_wconf 85' lang='lat' dir='ltr'>inquiunt,</span> 
     </span>
     <span class='ocr_line' id='line_1_9' title="bbox 118 1060 1264 1149; baseline 0.001 -22"><span class='ocrx_word' id='word_1_63' title='bbox 118 1064 147 1128; x_wconf 91' lang='lat' dir='ltr'>in</span> <span class='ocrx_word' id='word_1_64' title='bbox 172 1087 242 1130; x_wconf 92' lang='lat' dir='ltr'>arca</span> <span class='ocrx_word' id='word_1_65' title='bbox 262 1085 329 1128; x_wconf 88' lang='lat' dir='ltr'>esse</span> <span class='ocrx_word' id='word_1_66' title='bbox 352 1085 419 1128; x_wconf 90' lang='lat' dir='ltr'>cnm</span> <span class='ocrx_word' id='word_1_67' title='bbox 438 1063 555 1128; x_wconf 72' lang='lat' dir='ltr'>Noemo</span> <span class='ocrx_word' id='word_1_68' title='bbox 578 1075 714 1149; x_wconf 85' lang='lat' dir='ltr'>cuperet,</span> <span class='ocrx_word' id='word_1_69' title='bbox 747 1083 889 1148; x_wconf 88' lang='lat' dir='ltr'>nunquam</span> <span class='ocrx_word' id='word_1_70' title='bbox 911 1063 940 1126; x_wconf 91' lang='lat' dir='ltr'>id</span> <span class='ocrx_word' id='word_1_71' title='bbox 963 1060 991 1126; x_wconf 92' lang='lat' dir='ltr'>ei</span> <span class='ocrx_word' id='word_1_72' title='bbox 1012 1064 1185 1147; x_wconf 86' lang='lat' dir='ltr'>permissum</span> <span class='ocrx_word' id='word_1_73' title='bbox 1207 1074 1264 1144; x_wconf 88' lang='lat' dir='ltr'>est,</span> 
     </span>
     <span class='ocr_line' id='line_1_10' title="bbox 119 1163 1265 1250; baseline 0 -20"><span class='ocrx_word' id='word_1_74' title='bbox 119 1167 194 1250; x_wconf 93' lang='lat' dir='ltr'>qnod</span> <span class='ocrx_word' id='word_1_75' title='bbox 211 1187 276 1230; x_wconf 87' lang='lat' dir='ltr'>eom</span> <span class='ocrx_word' id='word_1_76' title='bbox 291 1163 434 1249; x_wconf 78' lang='lat' dir='ltr'>Princeps</span> <span class='ocrx_word' id='word_1_77' title='bbox 448 1166 546 1229; x_wconf 90' lang='lat' dir='ltr'>mnndi</span> <span class='ocrx_word' id='word_1_78' title='bbox 563 1165 697 1229; x_wconf 89' lang='lat' dir='ltr'>conditor</span> <span class='ocrx_word' id='word_1_79' title='bbox 713 1187 771 1229; x_wconf 90' lang='lat' dir='ltr'>uua</span> <span class='ocrx_word' id='word_1_80' title='bbox 785 1185 851 1230; x_wconf 92' lang='lat' dir='ltr'>cum</span> <span class='ocrx_word' id='word_1_81' title='bbox 867 1163 991 1228; x_wconf 87' lang='lat' dir='ltr'>coeteris</span> <span class='ocrx_word' id='word_1_82' title='bbox 1007 1165 1141 1228; x_wconf 87' lang='lat' dir='ltr'>omnibus</span> <span class='ocrx_word' id='word_1_83' title='bbox 1156 1165 1265 1230; x_wconf 82' lang='lat' dir='ltr'>diluuio</span> 
     </span>
     <span class='ocr_line' id='line_1_11' title="bbox 118 1265 1264 1351; baseline -0.002 -20"><span class='ocrx_word' id='word_1_84' title='bbox 118 1268 209 1332; x_wconf 87' lang='lat' dir='ltr'>vellet</span> <span class='ocrx_word' id='word_1_85' title='bbox 224 1267 412 1351; x_wconf 80' lang='lat' dir='ltr'>extinguere.</span> <span class='ocrx_word' id='word_1_86' title='bbox 457 1265 540 1351; x_wconf 83' lang='lat' dir='ltr'>Ergo</span> <span class='ocrx_word' id='word_1_87' title='bbox 558 1267 630 1330; x_wconf 88' lang='lat' dir='ltr'>baec</span> <span class='ocrx_word' id='word_1_88' title='bbox 644 1266 774 1330; x_wconf 89' lang='lat' dir='ltr'>insidens</span> <span class='ocrx_word' id='word_1_89' title='bbox 791 1287 878 1330; x_wconf 86' lang='lat' dir='ltr'>arcae</span> <span class='ocrx_word' id='word_1_90' title='bbox 895 1287 953 1328; x_wconf 92' lang='lat' dir='ltr'>non</span> <span class='ocrx_word' id='word_1_91' title='bbox 969 1266 1108 1328; x_wconf 87' lang='lat' dir='ltr'>semelae</span> <span class='ocrx_word' id='word_1_92' title='bbox 1123 1267 1264 1346; x_wconf 88' lang='lat' dir='ltr'>secundo,</span> 
     </span>
     <span class='ocr_line' id='line_1_12' title="bbox 118 1365 1267 1455; baseline -0.002 -22"><span class='ocrx_word' id='word_1_93' title='bbox 118 1370 168 1433; x_wconf 88' lang='lat' dir='ltr'>sed</span> <span class='ocrx_word' id='word_1_94' title='bbox 188 1370 324 1455; x_wconf 86' lang='lat' dir='ltr'>saepius,</span> <span class='ocrx_word' id='word_1_95' title='bbox 349 1368 480 1452; x_wconf 77' lang='lat' dir='ltr'>adeoque</span> <span class='ocrx_word' id='word_1_96' title='bbox 500 1368 586 1432; x_wconf 87' lang='lat' dir='ltr'>tertio</span> <span class='ocrx_word' id='word_1_97' title='bbox 608 1368 684 1432; x_wconf 93' lang='lat' dir='ltr'>illam</span> <span class='ocrx_word' id='word_1_98' title='bbox 702 1368 841 1432; x_wconf 89' lang='lat' dir='ltr'>incendit.</span> <span class='ocrx_word' id='word_1_99' title='bbox 886 1365 953 1450; x_wconf 80' lang='lat' dir='ltr'>Quo</span> <span class='ocrx_word' id='word_1_100' title='bbox 970 1368 1076 1430; x_wconf 88' lang='lat' dir='ltr'>lactum</span> <span class='ocrx_word' id='word_1_101' title='bbox 1095 1377 1159 1447; x_wconf 88' lang='lat' dir='ltr'>est,</span> <span class='ocrx_word' id='word_1_102' title='bbox 1182 1380 1215 1430; x_wconf 91' lang='lat' dir='ltr'>nt</span> <span class='ocrx_word' id='word_1_103' title='bbox 1231 1368 1267 1431; x_wconf 90' lang='lat' dir='ltr'>ad</span> 
     </span>
     <span class='ocr_line' id='line_1_13' title="bbox 119 1467 1266 1557; baseline -0.003 -23"><span class='ocrx_word' id='word_1_104' title='bbox 119 1472 284 1557; x_wconf 89' lang='lat' dir='ltr'>complures</span> <span class='ocrx_word' id='word_1_105' title='bbox 297 1491 389 1534; x_wconf 89' lang='lat' dir='ltr'>annos</span> <span class='ocrx_word' id='word_1_106' title='bbox 404 1492 421 1534; x_wconf 89' lang='lat' dir='ltr'>a</span> <span class='ocrx_word' id='word_1_107' title='bbox 434 1467 552 1534; x_wconf 76' lang='lat' dir='ltr'>Nolimo</span> <span class='ocrx_word' id='word_1_108' title='bbox 565 1469 638 1534; x_wconf 88' lang='lat' dir='ltr'>baec</span> <span class='ocrx_word' id='word_1_109' title='bbox 653 1491 739 1534; x_wconf 90' lang='lat' dir='ltr'>arcae</span> <span class='ocrx_word' id='word_1_110' title='bbox 755 1481 898 1534; x_wconf 85' lang='lat' dir='ltr'>structura</span> <span class='ocrx_word' id='word_1_111' title='bbox 914 1477 1068 1554; x_wconf 84' lang='lat' dir='ltr'>prorogata</span> <span class='ocrx_word' id='word_1_112' title='bbox 1086 1468 1183 1546; x_wconf 87' lang='lat' dir='ltr'>luerit,</span> <span class='ocrx_word' id='word_1_113' title='bbox 1201 1490 1266 1531; x_wconf 92' lang='lat' dir='ltr'>cum</span> 
     </span>
     <span class='ocr_line' id='line_1_14' title="bbox 119 1566 1267 1658; baseline -0.002 -23"><span class='ocrx_word' id='word_1_114' title='bbox 119 1573 152 1636; x_wconf 90' lang='lat' dir='ltr'>ab</span> <span class='ocrx_word' id='word_1_115' title='bbox 173 1573 227 1637; x_wconf 89' lang='lat' dir='ltr'>illa</span> <span class='ocrx_word' id='word_1_116' title='bbox 248 1572 366 1658; x_wconf 85' lang='lat' dir='ltr'>saepius</span> <span class='ocrx_word' id='word_1_117' title='bbox 388 1582 469 1635; x_wconf 88' lang='lat' dir='ltr'>esset</span> <span class='ocrx_word' id='word_1_118' title='bbox 489 1581 608 1635; x_wconf 87' lang='lat' dir='ltr'>exusta.</span> <span class='ocrx_word' id='word_1_119' title='bbox 654 1567 802 1656; x_wconf 85' lang='lat' dir='ltr'>Siquidem</span> <span class='ocrx_word' id='word_1_120' title='bbox 821 1569 955 1634; x_wconf 78' lang='lat' dir='ltr'>Notimus</span> <span class='ocrx_word' id='word_1_121' title='bbox 977 1566 1105 1654; x_wconf 90' lang='lat' dir='ltr'>Principi</span> <span class='ocrx_word' id='word_1_122' title='bbox 1126 1590 1159 1633; x_wconf 93' lang='lat' dir='ltr'>se</span> <span class='ocrx_word' id='word_1_123' title='bbox 1181 1569 1267 1634; x_wconf 89' lang='lat' dir='ltr'>obse·</span> 
     </span>
     <span class='ocr_line' id='line_1_15' title="bbox 118 1670 1267 1758; baseline -0.003 -20"><span class='ocrx_word' id='word_1_124' title='bbox 118 1685 255 1758; x_wconf 89' lang='lat' dir='ltr'>quentem</span> <span class='ocrx_word' id='word_1_125' title='bbox 276 1673 459 1758; x_wconf 68' lang='lat' dir='ltr'>praestabat,</span> <span class='ocrx_word' id='word_1_126' title='bbox 491 1671 586 1736; x_wconf 86' lang='lat' dir='ltr'>Nuria</span> <span class='ocrx_word' id='word_1_127' title='bbox 608 1695 680 1738; x_wconf 86' lang='lat' dir='ltr'>vero</span> <span class='ocrx_word' id='word_1_128' title='bbox 700 1694 822 1757; x_wconf 91' lang='lat' dir='ltr'>superas</span> <span class='ocrx_word' id='word_1_129' title='bbox 844 1671 986 1749; x_wconf 86' lang='lat' dir='ltr'>virtutes,</span> <span class='ocrx_word' id='word_1_130' title='bbox 1019 1680 1048 1733; x_wconf 88' lang='lat' dir='ltr'>et</span> <span class='ocrx_word' id='word_1_131' title='bbox 1065 1671 1100 1734; x_wconf 91' lang='lat' dir='ltr'>ab</span> <span class='ocrx_word' id='word_1_132' title='bbox 1118 1670 1154 1735; x_wconf 85' lang='lat' dir='ltr'>iis</span> <span class='ocrx_word' id='word_1_133' title='bbox 1171 1673 1267 1756; x_wconf 89' lang='lat' dir='ltr'>prole·</span> 
     </span>
    </p>
   </div>
   <div class='ocr_carea' id='block_1_4' title="bbox 3 1771 1267 1858">
    <p class='ocr_par' dir='ltr' id='par_1_4' title="bbox 3 1771 1267 1858">
     <span class='ocr_line' id='line_1_16' title="bbox 3 1771 1267 1858; baseline -0.002 -20"><span class='ocrx_word' id='word_1_134' title='bbox 3 1832 6 1845; x_wconf 83' lang='lat'><em>,</em></span> <span class='ocrx_word' id='word_1_135' title='bbox 118 1786 192 1838; x_wconf 84' lang='lat' dir='ltr'>ctam</span> <span class='ocrx_word' id='word_1_136' title='bbox 216 1772 411 1838; x_wconf 89' lang='lat' dir='ltr'>Barbelunem</span> <span class='ocrx_word' id='word_1_137' title='bbox 435 1772 563 1858; x_wconf 89' lang='lat' dir='ltr'>Principi</span> <span class='ocrx_word' id='word_1_138' title='bbox 589 1774 763 1838; x_wconf 86' lang='lat' dir='ltr'>contrariam</span> <span class='ocrx_word' id='word_1_139' title='bbox 787 1774 941 1852; x_wconf 79' lang='lat' dir='ltr'>indicavit,</span> <span class='ocrx_word' id='word_1_140' title='bbox 972 1771 1211 1856; x_wconf 90' lang='lat' dir='ltr'>quemadmodum</span> <span class='ocrx_word' id='word_1_141' title='bbox 1236 1783 1267 1836; x_wconf 90' lang='lat' dir='ltr'>et</span> 
     </span>
    </p>
   </div>
   <div class='ocr_carea' id='block_1_5' title="bbox 118 1875 1267 2164">
    <p class='ocr_par' dir='ltr' id='par_1_5' title="bbox 118 1875 1267 2164">
     <span class='ocr_line' id='line_1_17' title="bbox 118 1875 1267 1960; baseline -0.001 -21"><span class='ocrx_word' id='word_1_142' title='bbox 118 1877 193 1940; x_wconf 86' lang='lat' dir='ltr'>aliae</span> <span class='ocrx_word' id='word_1_143' title='bbox 215 1878 313 1940; x_wconf 81' lang='lat' dir='ltr'>iecere</span> <span class='ocrx_word' id='word_1_144' title='bbox 335 1875 482 1954; x_wconf 89' lang='lat' dir='ltr'>Virtutes,</span> <span class='ocrx_word' id='word_1_145' title='bbox 515 1887 602 1959; x_wconf 92' lang='lat' dir='ltr'>atque</span> <span class='ocrx_word' id='word_1_146' title='bbox 624 1876 691 1939; x_wconf 88' lang='lat' dir='ltr'>illud</span> <span class='ocrx_word' id='word_1_147' title='bbox 715 1886 865 1960; x_wconf 88' lang='lat' dir='ltr'>praeterea</span> <span class='ocrx_word' id='word_1_148' title='bbox 888 1875 1004 1954; x_wconf 89' lang='lat' dir='ltr'>docuit,</span> <span class='ocrx_word' id='word_1_149' title='bbox 1036 1885 1171 1958; x_wconf 74' lang='lat' dir='ltr'>oportere</span> <span class='ocrx_word' id='word_1_150' title='bbox 1193 1895 1267 1959; x_wconf 90' lang='lat' dir='ltr'>quae</span> 
     </span>
     <span class='ocr_line' id='line_1_18' title="bbox 118 1974 1265 2063; baseline -0.002 -23"><span class='ocrx_word' id='word_1_151' title='bbox 118 1998 272 2063; x_wconf 77' lang='lat' dir='ltr'>supremae</span> <span class='ocrx_word' id='word_1_152' title='bbox 289 1974 409 2041; x_wconf 88' lang='lat' dir='ltr'>Parenti</span> <span class='ocrx_word' id='word_1_153' title='bbox 426 1999 443 2040; x_wconf 94' lang='lat' dir='ltr'>a</span> <span class='ocrx_word' id='word_1_154' title='bbox 460 1976 611 2040; x_wconf 88' lang='lat' dir='ltr'>conditore</span> <span class='ocrx_word' id='word_1_155' title='bbox 630 1978 726 2040; x_wconf 89' lang='lat' dir='ltr'>mundi</span> <span class='ocrx_word' id='word_1_156' title='bbox 745 1975 881 2061; x_wconf 88' lang='lat' dir='ltr'>Principe</span> <span class='ocrx_word' id='word_1_157' title='bbox 897 1998 932 2039; x_wconf 93' lang='lat' dir='ltr'>ac</span> <span class='ocrx_word' id='word_1_158' title='bbox 950 1976 1068 2061; x_wconf 89' lang='lat' dir='ltr'>reliquis</span> <span class='ocrx_word' id='word_1_159' title='bbox 1084 1977 1132 2060; x_wconf 92' lang='lat' dir='ltr'>qui</span> <span class='ocrx_word' id='word_1_160' title='bbox 1149 1997 1214 2038; x_wconf 91' lang='lat' dir='ltr'>cum</span> <span class='ocrx_word' id='word_1_161' title='bbox 1229 1995 1265 2038; x_wconf 88' lang='lat' dir='ltr'>eo</span> 
     </span>
     <span class='ocr_line' id='line_1_19' title="bbox 119 2077 1267 2164; baseline -0.003 -22"><span class='ocrx_word' id='word_1_162' title='bbox 119 2091 187 2143; x_wconf 91' lang='lat' dir='ltr'>sunt</span> <span class='ocrx_word' id='word_1_163' title='bbox 209 2081 264 2142; x_wconf 89' lang='lat' dir='ltr'>diis</span> <span class='ocrx_word' id='word_1_164' title='bbox 288 2091 375 2162; x_wconf 89' lang='lat' dir='ltr'>atque</span> <span class='ocrx_word' id='word_1_165' title='bbox 397 2077 508 2162; x_wconf 84' lang='lat' dir='ltr'>augelis</span> <span class='ocrx_word' id='word_1_166' title='bbox 530 2089 561 2141; x_wconf 88' lang='lat' dir='ltr'>et</span> <span class='ocrx_word' id='word_1_167' title='bbox 582 2077 771 2142; x_wconf 89' lang='lat' dir='ltr'>daemonibus</span> <span class='ocrx_word' id='word_1_168' title='bbox 793 2089 892 2164; x_wconf 81' lang='lat' dir='ltr'>erepla</span> <span class='ocrx_word' id='word_1_169' title='bbox 914 2089 983 2141; x_wconf 90' lang='lat' dir='ltr'>sunt</span> <span class='ocrx_word' id='word_1_170' title='bbox 1004 2099 1043 2141; x_wconf 86' lang='lat' dir='ltr'>ex</span> <span class='ocrx_word' id='word_1_171' title='bbox 1060 2078 1147 2142; x_wconf 87' lang='lat' dir='ltr'>insita</span> <span class='ocrx_word' id='word_1_172' title='bbox 1164 2099 1267 2161; x_wconf 88' lang='lat' dir='ltr'>corpo·</span> 
     </span>
    </p>
   </div>
   <div class='ocr_carea' id='block_1_6' title="bbox 6 2179 1039 2266">
    <p class='ocr_par' dir='ltr' id='par_1_6' title="bbox 6 2179 1039 2266">
     <span class='ocr_line' id='line_1_20' title="bbox 6 2179 1039 2266; baseline -0.002 -22"><span class='ocrx_word' id='word_1_173' title='bbox 6 2214 7 2223; x_wconf 31' lang='grc' dir='ltr'><strong>ι</strong></span> <span class='ocrx_word' id='word_1_174' title='bbox 118 2201 181 2244; x_wconf 84' lang='lat' dir='ltr'>num</span> <span class='ocrx_word' id='word_1_175' title='bbox 203 2181 234 2244; x_wconf 81' lang='lat' dir='ltr'>ni</span> <span class='ocrx_word' id='word_1_176' title='bbox 257 2199 311 2266; x_wconf 90' lang='lat' dir='ltr'>per</span> <span class='ocrx_word' id='word_1_177' title='bbox 332 2181 454 2243; x_wconf 89' lang='lat' dir='ltr'>marium</span> <span class='ocrx_word' id='word_1_178' title='bbox 477 2201 511 2242; x_wconf 89' lang='lat' dir='ltr'>ac</span> <span class='ocrx_word' id='word_1_179' title='bbox 533 2179 706 2244; x_wconf 80' lang='lat' dir='ltr'>feminarum</span> <span class='ocrx_word' id='word_1_180' title='bbox 727 2181 867 2264; x_wconf 87' lang='lat' dir='ltr'>prolluvia</span> <span class='ocrx_word' id='word_1_181' title='bbox 889 2179 1039 2264; x_wconf 77' lang='lat' dir='ltr'>colligere.</span> 
     </span>
    </p>
   </div>
   <div class='ocr_carea' id='block_1_7' title="bbox 119 2483 1395 4092">
    <p class='ocr_par' dir='ltr' id='par_1_7' title="bbox 119 2483 1395 4092">
     <span class='ocr_line' id='line_1_21' title="bbox 201 2483 1395 2572; baseline -0.001 -23"><span class='ocrx_word' id='word_1_182' title='bbox 201 2483 303 2569; x_wconf 78' lang='lat' dir='ltr'>Atque</span> <span class='ocrx_word' id='word_1_183' title='bbox 322 2494 355 2548; x_wconf 94' lang='lat' dir='ltr'>ut</span> <span class='ocrx_word' id='word_1_184' title='bbox 372 2506 431 2547; x_wconf 93' lang='lat' dir='ltr'>uno</span> <span class='ocrx_word' id='word_1_185' title='bbox 449 2483 538 2548; x_wconf 89' lang='lat' dir='ltr'>verbo</span> <span class='ocrx_word' id='word_1_186' title='bbox 557 2485 665 2562; x_wconf 84' lang='lat' dir='ltr'>dicam,</span> <span class='ocrx_word' id='word_1_187' title='bbox 697 2485 775 2571; x_wconf 82' lang='lat' dir='ltr'>piget</span> <span class='ocrx_word' id='word_1_188' title='bbox 790 2506 836 2549; x_wconf 89' lang='lat' dir='ltr'>me</span> <span class='ocrx_word' id='word_1_189' title='bbox 851 2504 966 2548; x_wconf 88' lang='lat' dir='ltr'>omnem</span> <span class='ocrx_word' id='word_1_190' title='bbox 985 2484 1098 2548; x_wconf 89' lang='lat' dir='ltr'>illorum</span> <span class='ocrx_word' id='word_1_191' title='bbox 1116 2485 1274 2572; x_wconf 65' lang='lat' dir='ltr'>caecitatis,</span> <span class='ocrx_word' id='word_1_192' title='bbox 1286 2495 1346 2565; x_wconf 75' lang='lat' dir='ltr'>cap.</span> <span class='ocrx_word' id='word_1_193' title='bbox 1364 2498 1395 2549; x_wconf 89' lang='lat'>11.</span> 
     </span>
     <span class='ocr_line' id='line_1_22' title="bbox 120 2583 1269 2673; baseline 0 -23"><span class='ocrx_word' id='word_1_194' title='bbox 120 2587 273 2671; x_wconf 79' lang='lat' dir='ltr'>caliginem</span> <span class='ocrx_word' id='word_1_195' title='bbox 292 2587 424 2650; x_wconf 87' lang='lat' dir='ltr'>oratione</span> <span class='ocrx_word' id='word_1_196' title='bbox 441 2585 587 2670; x_wconf 90' lang='lat' dir='ltr'>persequi.</span> <span class='ocrx_word' id='word_1_197' title='bbox 631 2583 757 2649; x_wconf 89' lang='lat' dir='ltr'>Multum</span> <span class='ocrx_word' id='word_1_198' title='bbox 774 2586 850 2649; x_wconf 85' lang='lat' dir='ltr'>eninr</span> <span class='ocrx_word' id='word_1_199' title='bbox 866 2587 1066 2649; x_wconf 90' lang='lat' dir='ltr'>insumendum</span> <span class='ocrx_word' id='word_1_200' title='bbox 1085 2586 1142 2650; x_wconf 90' lang='lat' dir='ltr'>erit</span> <span class='ocrx_word' id='word_1_201' title='bbox 1157 2597 1269 2673; x_wconf 87' lang='lat' dir='ltr'>tempo-</span> 
     </span>
     <span class='ocr_line' id='line_1_23' title="bbox 120 2688 1268 2771; baseline 0.003 -21"><span class='ocrx_word' id='word_1_202' title='bbox 120 2689 178 2768; x_wconf 84' lang='lat' dir='ltr'>ris,</span> <span class='ocrx_word' id='word_1_203' title='bbox 212 2689 236 2752; x_wconf 90' lang='lat' dir='ltr'>si</span> <span class='ocrx_word' id='word_1_204' title='bbox 259 2688 427 2751; x_wconf 81' lang='lat' dir='ltr'>universam</span> <span class='ocrx_word' id='word_1_205' title='bbox 449 2689 549 2751; x_wconf 89' lang='lat' dir='ltr'>borum</span> <span class='ocrx_word' id='word_1_206' title='bbox 573 2688 776 2771; x_wconf 74' lang='lat' dir='ltr'>figmentorum</span> <span class='ocrx_word' id='word_1_207' title='bbox 799 2689 836 2752; x_wconf 93' lang='lat' dir='ltr'>ab</span> <span class='ocrx_word' id='word_1_208' title='bbox 858 2688 915 2751; x_wconf 88' lang='lat' dir='ltr'>illis</span> <span class='ocrx_word' id='word_1_209' title='bbox 937 2688 1138 2751; x_wconf 88' lang='lat' dir='ltr'>concinnatam</span> <span class='ocrx_word' id='word_1_210' title='bbox 1160 2690 1268 2753; x_wconf 91' lang='lat' dir='ltr'>seriem</span> 
     </span>
     <span class='ocr_line' id='line_1_24' title="bbox 120 2787 1268 2872; baseline 0.001 -20"><span class='ocrx_word' id='word_1_211' title='bbox 120 2789 174 2853; x_wconf 90' lang='lat' dir='ltr'>boc</span> <span class='ocrx_word' id='word_1_212' title='bbox 198 2791 264 2853; x_wconf 90' lang='lat' dir='ltr'>loco</span> <span class='ocrx_word' id='word_1_213' title='bbox 284 2787 449 2872; x_wconf 81' lang='lat' dir='ltr'>diligentius</span> <span class='ocrx_word' id='word_1_214' title='bbox 468 2789 617 2872; x_wconf 81' lang='lat' dir='ltr'>explicare</span> <span class='ocrx_word' id='word_1_215' title='bbox 634 2789 772 2868; x_wconf 86' lang='lat' dir='ltr'>voluero,</span> <span class='ocrx_word' id='word_1_216' title='bbox 804 2799 835 2854; x_wconf 90' lang='lat' dir='ltr'>et</span> <span class='ocrx_word' id='word_1_217' title='bbox 853 2789 1067 2853; x_wconf 73' lang='lat' dir='ltr'>commentitiae</span> <span class='ocrx_word' id='word_1_218' title='bbox 1085 2789 1199 2852; x_wconf 89' lang='lat' dir='ltr'>illorum</span> <span class='ocrx_word' id='word_1_219' title='bbox 1218 2809 1268 2853; x_wconf 91' lang='lat' dir='ltr'>cc-</span> 
     </span>
     <span class='ocr_line' id='line_1_25' title="bbox 119 2889 1269 2976; baseline 0.002 -23"><span class='ocrx_word' id='word_1_220' title='bbox 119 2891 259 2976; x_wconf 81' lang='lat' dir='ltr'>guitionis</span> <span class='ocrx_word' id='word_1_221' title='bbox 283 2890 410 2954; x_wconf 90' lang='lat' dir='ltr'>absurda</span> <span class='ocrx_word' id='word_1_222' title='bbox 434 2890 564 2974; x_wconf 85' lang='lat' dir='ltr'>dogmata</span> <span class='ocrx_word' id='word_1_223' title='bbox 587 2890 753 2974; x_wconf 85' lang='lat' dir='ltr'>singillatim</span> <span class='ocrx_word' id='word_1_224' title='bbox 775 2911 950 2976; x_wconf 90' lang='lat' dir='ltr'>proponere.</span> <span class='ocrx_word' id='word_1_225' title='bbox 995 2889 1055 2954; x_wconf 83' lang='lat' dir='ltr'>Alii</span> <span class='ocrx_word' id='word_1_226' title='bbox 1078 2911 1165 2975; x_wconf 91' lang='lat' dir='ltr'>porro</span> <span class='ocrx_word' id='word_1_227' title='bbox 1187 2892 1269 2956; x_wconf 87' lang='lat' dir='ltr'>varie</span> 
     </span>
     <span class='ocr_line' id='line_1_26' title="bbox 119 2991 1270 3078; baseline 0.002 -24"><span class='ocrx_word' id='word_1_228' title='bbox 119 2993 155 3054; x_wconf 90' lang='lat' dir='ltr'>ab</span> <span class='ocrx_word' id='word_1_229' title='bbox 177 2993 235 3055; x_wconf 88' lang='lat' dir='ltr'>illis</span> <span class='ocrx_word' id='word_1_230' title='bbox 256 2992 293 3055; x_wconf 88' lang='lat' dir='ltr'>ad</span> <span class='ocrx_word' id='word_1_231' title='bbox 316 3013 496 3056; x_wconf 88' lang='lat' dir='ltr'>communem</span> <span class='ocrx_word' id='word_1_232' title='bbox 520 2991 675 3077; x_wconf 89' lang='lat' dir='ltr'>perniciem</span> <span class='ocrx_word' id='word_1_233' title='bbox 695 2993 811 3070; x_wconf 89' lang='lat' dir='ltr'>exorti,</span> <span class='ocrx_word' id='word_1_234' title='bbox 842 3003 873 3056; x_wconf 87' lang='lat' dir='ltr'>ct</span> <span class='ocrx_word' id='word_1_235' title='bbox 889 2991 1059 3055; x_wconf 85' lang='lat' dir='ltr'>intuentium</span> <span class='ocrx_word' id='word_1_236' title='bbox 1077 2992 1168 3055; x_wconf 89' lang='lat' dir='ltr'>oculis</span> <span class='ocrx_word' id='word_1_237' title='bbox 1186 3013 1270 3078; x_wconf 90' lang='lat' dir='ltr'>prae·</span> 
     </span>
     <span class='ocr_line' id='line_1_27' title="bbox 119 3091 1268 3179; baseline 0 -22"><span class='ocrx_word' id='word_1_238' title='bbox 119 3094 216 3178; x_wconf 82' lang='lat' dir='ltr'>stigiis</span> <span class='ocrx_word' id='word_1_239' title='bbox 231 3093 402 3172; x_wconf 84' lang='lat' dir='ltr'>illudentes,</span> <span class='ocrx_word' id='word_1_240' title='bbox 426 3103 456 3156; x_wconf 87' lang='lat' dir='ltr'>et</span> <span class='ocrx_word' id='word_1_241' title='bbox 474 3091 587 3178; x_wconf 86' lang='lat' dir='ltr'>ipsimet</span> <span class='ocrx_word' id='word_1_242' title='bbox 603 3092 679 3156; x_wconf 89' lang='lat' dir='ltr'>illusi</span> <span class='ocrx_word' id='word_1_243' title='bbox 694 3091 867 3157; x_wconf 85' lang='lat' dir='ltr'>Bnreabbau</span> <span class='ocrx_word' id='word_1_244' title='bbox 884 3095 982 3157; x_wconf 87' lang='lat' dir='ltr'>nescio</span> <span class='ocrx_word' id='word_1_245' title='bbox 1000 3115 1084 3178; x_wconf 89' lang='lat' dir='ltr'>quem</span> <span class='ocrx_word' id='word_1_246' title='bbox 1100 3093 1268 3179; x_wconf 87' lang='lat' dir='ltr'>prophetam</span> 
     </span>
     <span class='ocr_line' id='line_1_28' title="bbox 120 3191 1269 3281; baseline 0.002 -23"><span class='ocrx_word' id='word_1_247' title='bbox 120 3194 279 3273; x_wconf 86' lang='lat' dir='ltr'>obiiciunt,</span> <span class='ocrx_word' id='word_1_248' title='bbox 303 3217 355 3258; x_wconf 92' lang='lat' dir='ltr'>sua</span> <span class='ocrx_word' id='word_1_249' title='bbox 369 3195 418 3258; x_wconf 90' lang='lat' dir='ltr'>illa</span> <span class='ocrx_word' id='word_1_250' title='bbox 434 3195 626 3280; x_wconf 79' lang='lat' dir='ltr'>appellatione</span> <span class='ocrx_word' id='word_1_251' title='bbox 642 3195 771 3280; x_wconf 81' lang='lat' dir='ltr'>dignum.</span> <span class='ocrx_word' id='word_1_252' title='bbox 817 3192 918 3260; x_wconf 85' lang='lat' dir='ltr'>Gabba</span> <span class='ocrx_word' id='word_1_253' title='bbox 935 3196 1011 3258; x_wconf 91' lang='lat' dir='ltr'>enim</span> <span class='ocrx_word' id='word_1_254' title='bbox 1029 3191 1152 3281; x_wconf 83' lang='lat' dir='ltr'>Syriaca</span> <span class='ocrx_word' id='word_1_255' title='bbox 1170 3196 1269 3279; x_wconf 86' lang='lat' dir='ltr'>lingua</span> 
     </span>
     <span class='ocr_line' id='line_1_29' title="bbox 119 3293 1269 3384; baseline 0 -24"><span class='ocrx_word' id='word_1_256' title='bbox 119 3308 253 3384; x_wconf 85' lang='lat' dir='ltr'>stuprum</span> <span class='ocrx_word' id='word_1_257' title='bbox 275 3295 439 3380; x_wconf 74' lang='lat' dir='ltr'>significat,</span> <span class='ocrx_word' id='word_1_258' title='bbox 473 3293 619 3360; x_wconf 87' lang='lat' dir='ltr'>llebraice</span> <span class='ocrx_word' id='word_1_259' title='bbox 643 3297 839 3381; x_wconf 88' lang='lat' dir='ltr'>parricidium.</span> <span class='ocrx_word' id='word_1_260' title='bbox 886 3293 945 3360; x_wconf 84' lang='lat' dir='ltr'>Sed</span> <span class='ocrx_word' id='word_1_261' title='bbox 968 3308 999 3360; x_wconf 89' lang='lat' dir='ltr'>et</span> <span class='ocrx_word' id='word_1_262' title='bbox 1021 3318 1175 3361; x_wconf 82' lang='lat' dir='ltr'>mensurae</span> <span class='ocrx_word' id='word_1_263' title='bbox 1197 3318 1269 3380; x_wconf 85' lang='lat' dir='ltr'>qna·</span> 
     </span>
     <span class='ocr_line' id='line_1_30' title="bbox 121 3395 1270 3483; baseline -0.001 -20"><span class='ocrx_word' id='word_1_264' title='bbox 121 3400 255 3463; x_wconf 82' lang='lat' dir='ltr'>drentem</span> <span class='ocrx_word' id='word_1_265' title='bbox 274 3419 309 3461; x_wconf 90' lang='lat' dir='ltr'>eo</span> <span class='ocrx_word' id='word_1_266' title='bbox 327 3397 443 3462; x_wconf 87' lang='lat' dir='ltr'>nomine</span> <span class='ocrx_word' id='word_1_267' title='bbox 462 3409 579 3461; x_wconf 87' lang='lat' dir='ltr'>vocant.</span> <span class='ocrx_word' id='word_1_268' title='bbox 624 3395 700 3462; x_wconf 87' lang='lat' dir='ltr'>Risu</span> <span class='ocrx_word' id='word_1_269' title='bbox 716 3398 805 3482; x_wconf 86' lang='lat' dir='ltr'>igitur</span> <span class='ocrx_word' id='word_1_270' title='bbox 822 3419 857 3462; x_wconf 89' lang='lat' dir='ltr'>ac</span> <span class='ocrx_word' id='word_1_271' title='bbox 874 3398 997 3462; x_wconf 91' lang='lat' dir='ltr'>ludibrio</span> <span class='ocrx_word' id='word_1_272' title='bbox 1016 3398 1128 3483; x_wconf 80' lang='lat' dir='ltr'>digna,·</span> <span class='ocrx_word' id='word_1_273' title='bbox 1150 3399 1198 3462; x_wconf 84' lang='lat' dir='ltr'>vel</span> <span class='ocrx_word' id='word_1_274' title='bbox 1216 3399 1270 3462; x_wconf 69' lang='lat' dir='ltr'>mi·&#39;</span> 
     </span>
     <span class='ocr_line' id='line_1_31' title="bbox 121 3499 1271 3586; baseline 0 -22"><span class='ocrx_word' id='word_1_275' title='bbox 121 3501 247 3565; x_wconf 85' lang='lat' dir='ltr'>seranda</span> <span class='ocrx_word' id='word_1_276' title='bbox 271 3500 386 3585; x_wconf 87' lang='lat' dir='ltr'>potins,</span> <span class='ocrx_word' id='word_1_277' title='bbox 418 3512 464 3564; x_wconf 91' lang='lat' dir='ltr'>est</span> <span class='ocrx_word' id='word_1_278' title='bbox 485 3499 626 3562; x_wconf 86' lang='lat' dir='ltr'>eiusmodi</span> <span class='ocrx_word' id='word_1_279' title='bbox 646 3502 793 3562; x_wconf 89' lang='lat' dir='ltr'>nominum</span> <span class='ocrx_word' id='word_1_280' title='bbox 810 3500 1037 3564; x_wconf 81' lang='lat' dir='ltr'>accommodatio</span> <span class='ocrx_word' id='word_1_281' title='bbox 1056 3501 1129 3586; x_wconf 87' lang='lat' dir='ltr'>apud</span> <span class='ocrx_word' id='word_1_282' title='bbox 1149 3499 1271 3583; x_wconf 89' lang='lat' dir='ltr'>eosqui</span> 
     </span>
     <span class='ocr_line' id='line_1_32' title="bbox 121 3599 1271 3687; baseline -0.002 -21"><span class='ocrx_word' id='word_1_283' title='bbox 121 3603 150 3666; x_wconf 93' lang='lat' dir='ltr'>in</span> <span class='ocrx_word' id='word_1_284' title='bbox 166 3613 273 3687; x_wconf 89' lang='lat' dir='ltr'>suapte</span> <span class='ocrx_word' id='word_1_285' title='bbox 289 3601 387 3686; x_wconf 82' lang='lat' dir='ltr'>lingua</span> <span class='ocrx_word' id='word_1_286' title='bbox 402 3601 483 3664; x_wconf 87' lang='lat' dir='ltr'>vocis</span> <span class='ocrx_word' id='word_1_287' title='bbox 498 3601 575 3664; x_wconf 89' lang='lat' dir='ltr'>illius</span> <span class='ocrx_word' id='word_1_288' title='bbox 590 3612 763 3686; x_wconf 86' lang='lat' dir='ltr'>potestatem</span> <span class='ocrx_word' id='word_1_289' title='bbox 776 3601 952 3686; x_wconf 80' lang='lat' dir='ltr'>intelligunt.</span> <span class='ocrx_word' id='word_1_290' title='bbox 983 3599 1140 3666; x_wconf 87' lang='lat' dir='ltr'>Caeterum</span> <span class='ocrx_word' id='word_1_291' title='bbox 1156 3622 1196 3665; x_wconf 85' lang='lat' dir='ltr'>ex</span> <span class='ocrx_word' id='word_1_292' title='bbox 1212 3612 1271 3664; x_wconf 89' lang='lat' dir='ltr'>tam</span> 
     </span>
     <span class='ocr_line' id='line_1_33' title="bbox 119 3702 1272 3788; baseline -0.001 -21"><span class='ocrx_word' id='word_1_293' title='bbox 119 3703 285 3768; x_wconf 84' lang='lat' dir='ltr'>admirabili</span> <span class='ocrx_word' id='word_1_294' title='bbox 304 3702 442 3788; x_wconf 87' lang='lat' dir='ltr'>propbeta</span> <span class='ocrx_word' id='word_1_295' title='bbox 462 3713 572 3788; x_wconf 86' lang='lat' dir='ltr'>turpem</span> <span class='ocrx_word' id='word_1_296' title='bbox 591 3702 674 3766; x_wconf 89' lang='lat' dir='ltr'>nobis</span> <span class='ocrx_word' id='word_1_297' title='bbox 694 3703 890 3766; x_wconf 87' lang='lat' dir='ltr'>narrationem</span> <span class='ocrx_word' id='word_1_298' title='bbox 908 3703 1050 3781; x_wconf 82' lang='lat' dir='ltr'>afferunt,</span> <span class='ocrx_word' id='word_1_299' title='bbox 1083 3723 1138 3787; x_wconf 91' lang='lat' dir='ltr'>qua</span> <span class='ocrx_word' id='word_1_300' title='bbox 1156 3713 1189 3765; x_wconf 86' lang='lat' dir='ltr'>ut</span> <span class='ocrx_word' id='word_1_301' title='bbox 1205 3722 1272 3766; x_wconf 85' lang='lat' dir='ltr'>cor·</span> 
     </span>
     <span class='ocr_line' id='line_1_34' title="bbox 120 3804 1273 3890; baseline -0.002 -22"><span class='ocrx_word' id='word_1_302' title='bbox 120 3805 216 3890; x_wconf 86' lang='lat' dir='ltr'>ruptis</span> <span class='ocrx_word' id='word_1_303' title='bbox 233 3825 461 3868; x_wconf 79' lang='lat' dir='ltr'>consuescamus</span> <span class='ocrx_word' id='word_1_304' title='bbox 476 3804 645 3890; x_wconf 86' lang='lat' dir='ltr'>corporibus</span> <span class='ocrx_word' id='word_1_305' title='bbox 661 3805 865 3889; x_wconf 87' lang='lat' dir='ltr'>persuadeant,</span> <span class='ocrx_word' id='word_1_306' title='bbox 889 3815 974 3888; x_wconf 89' lang='lat' dir='ltr'>atquc</span> <span class='ocrx_word' id='word_1_307' title='bbox 989 3804 1025 3868; x_wconf 91' lang='lat' dir='ltr'>ab</span> <span class='ocrx_word' id='word_1_308' title='bbox 1042 3804 1119 3867; x_wconf 88' lang='lat' dir='ltr'>omni</span> <span class='ocrx_word' id='word_1_309' title='bbox 1134 3825 1186 3888; x_wconf 86' lang='lat' dir='ltr'>spe</span> <span class='ocrx_word' id='word_1_310' title='bbox 1203 3823 1273 3866; x_wconf 91' lang='lat' dir='ltr'>coc·</span> 
     </span>
     <span class='ocr_line' id='line_1_35' title="bbox 121 3901 1272 3990; baseline -0.001 -21"><span class='ocrx_word' id='word_1_311' title='bbox 121 3905 242 3970; x_wconf 87' lang='lat' dir='ltr'>lestium</span> <span class='ocrx_word' id='word_1_312' title='bbox 259 3907 441 3971; x_wconf 82' lang='lat' dir='ltr'>excidamus.</span> <span class='ocrx_word' id='word_1_313' title='bbox 484 3905 553 3970; x_wconf 87' lang='lat' dir='ltr'>Nec</span> <span class='ocrx_word' id='word_1_314' title='bbox 570 3907 635 3970; x_wconf 88' lang='lat' dir='ltr'>illos</span> <span class='ocrx_word' id='word_1_315' title='bbox 653 3906 739 3990; x_wconf 92' lang='lat' dir='ltr'>pudet</span> <span class='ocrx_word' id='word_1_316' title='bbox 755 3901 790 3968; x_wconf 87' lang='lat' dir='ltr'>de</span> <span class='ocrx_word' id='word_1_317' title='bbox 805 3905 914 3990; x_wconf 86' lang='lat' dir='ltr'>stupris</span> <span class='ocrx_word' id='word_1_318' title='bbox 930 3905 1137 3988; x_wconf 87' lang='lat' dir='ltr'>amatoriisqne</span> <span class='ocrx_word' id='word_1_319' title='bbox 1159 3925 1193 3968; x_wconf 87' lang='lat' dir='ltr'>ac</span> <span class='ocrx_word' id='word_1_320' title='bbox 1209 3901 1272 3970; x_wconf 86' lang='lat' dir='ltr'>Vc·</span> 
     </span>
     <span class='ocr_line' id='line_1_36' title="bbox 122 4003 1272 4092; baseline 0 -21"><span class='ocrx_word' id='word_1_321' title='bbox 122 4007 224 4072; x_wconf 72' lang='lat' dir='ltr'>nemis</span> <span class='ocrx_word' id='word_1_322' title='bbox 245 4007 334 4072; x_wconf 90' lang='lat' dir='ltr'>rebus</span> <span class='ocrx_word' id='word_1_323' title='bbox 355 4009 440 4073; x_wconf 87' lang='lat' dir='ltr'>nudie</span> <span class='ocrx_word' id='word_1_324' title='bbox 462 4029 496 4072; x_wconf 90' lang='lat' dir='ltr'>ac</span> <span class='ocrx_word' id='word_1_325' title='bbox 517 4006 695 4092; x_wconf 87' lang='lat' dir='ltr'>simplicibus</span> <span class='ocrx_word' id='word_1_326' title='bbox 717 4007 815 4074; x_wconf 81' lang='lat' dir='ltr'>verbis</span> <span class='ocrx_word' id='word_1_327' title='bbox 837 4008 995 4072; x_wconf 88' lang='lat' dir='ltr'>disserere.</span> <span class='ocrx_word' id='word_1_328' title='bbox 1039 4003 1117 4071; x_wconf 91' lang='lat' dir='ltr'>Sunt</span> <span class='ocrx_word' id='word_1_329' title='bbox 1132 4016 1163 4070; x_wconf 89' lang='lat' dir='ltr'>ct</span> <span class='ocrx_word' id='word_1_330' title='bbox 1180 4026 1221 4070; x_wconf 81' lang='lat' dir='ltr'>ex</span> <span class='ocrx_word' id='word_1_331' title='bbox 1235 4005 1272 4071; x_wconf 89' lang='lat' dir='ltr'>iis</span> 
     </span>
    </p>
   </div>
   <div class='ocr_carea' id='block_1_8' title="bbox 122 4189 1289 4598">
    <p class='ocr_par' dir='ltr' id='par_1_8' title="bbox 122 4189 1273 4325">
     <span class='ocr_line' id='line_1_37' title="bbox 157 4189 1271 4258; baseline -0.002 -14"><span class='ocrx_word' id='word_1_332' title='bbox 157 4195 220 4245; x_wconf 78' lang='lat' dir='ltr'>cea.</span> <span class='ocrx_word' id='word_1_333' title='bbox 231 4195 262 4244; x_wconf 87' lang='lat' dir='ltr'>ll.</span> <span class='ocrx_word' id='word_1_334' title='bbox 277 4221 308 4234; x_wconf 91' lang='lat'>·-</span> <span class='ocrx_word' id='word_1_335' title='bbox 329 4197 351 4246; x_wconf 85' lang='lat'>1.</span> <span class='ocrx_word' id='word_1_336' title='bbox 364 4192 441 4248; x_wconf 70' lang='lat' dir='ltr'>astrol</span> <span class='ocrx_word' id='word_1_337' title='bbox 456 4197 492 4246; x_wconf 75' lang='lat' dir='ltr'>ed</span> <span class='ocrx_word' id='word_1_338' title='bbox 504 4197 584 4246; x_wconf 80' lang='lat' dir='ltr'>rceo.</span> <span class='ocrx_word' id='word_1_339' title='bbox 617 4192 680 4248; x_wconf 74' lang='lat' dir='ltr'>aceli</span> <span class='ocrx_word' id='word_1_340' title='bbox 748 4190 773 4246; x_wconf 77' lang='grc'>4.</span> <span class='ocrx_word' id='word_1_341' title='bbox 792 4195 881 4257; x_wconf 83' lang='lat' dir='ltr'>Scripsi</span> <span class='ocrx_word' id='word_1_342' title='bbox 896 4189 1090 4258; x_wconf 75' lang='grc' dir='ltr'><strong>παλιιιρωτικά,</strong></span> <span class='ocrx_word' id='word_1_343' title='bbox 1107 4195 1150 4244; x_wconf 81' lang='lat' dir='ltr'>boc</span> <span class='ocrx_word' id='word_1_344' title='bbox 1165 4198 1199 4244; x_wconf 83' lang='lat' dir='ltr'>eet</span> <span class='ocrx_word' id='word_1_345' title='bbox 1213 4209 1271 4242; x_wconf 89' lang='lat' dir='ltr'>mu-</span> 
     </span>
     <span class='ocr_line' id='line_1_38' title="bbox 122 4260 1273 4325; baseline -0.001 -12"><span class='ocrx_word' id='word_1_346' title='bbox 122 4265 175 4314; x_wconf 81' lang='lat' dir='ltr'>cod.</span> <span class='ocrx_word' id='word_1_347' title='bbox 192 4263 291 4325; x_wconf 80' lang='lat' dir='ltr'>llbedip.</span> <span class='ocrx_word' id='word_1_348' title='bbox 305 4267 326 4312; x_wconf 81' lang='lat' dir='ltr'>cl</span> <span class='ocrx_word' id='word_1_349' title='bbox 340 4264 393 4312; x_wconf 83' lang='lat' dir='ltr'>edit.</span> <span class='ocrx_word' id='word_1_350' title='bbox 405 4265 480 4324; x_wconf 84' lang='lat' dir='ltr'>princ.</span> <span class='ocrx_word' id='word_1_351' title='bbox 715 4271 774 4312; x_wconf 86' lang='lat' dir='ltr'>tuae</span> <span class='ocrx_word' id='word_1_352' title='bbox 787 4260 891 4312; x_wconf 84' lang='lat' dir='ltr'>Veneris</span> <span class='ocrx_word' id='word_1_353' title='bbox 908 4265 954 4324; x_wconf 82' lang='lat' dir='ltr'>(rie</span> <span class='ocrx_word' id='word_1_354' title='bbox 965 4264 1051 4324; x_wconf 81' lang='lat' dir='ltr'>liipntt.</span> <span class='ocrx_word' id='word_1_355' title='bbox 1063 4263 1097 4310; x_wconf 86' lang='lat' dir='ltr'>cd</span> <span class='ocrx_word' id='word_1_356' title='bbox 1108 4264 1201 4312; x_wconf 84' lang='lat' dir='ltr'>Tertull.</span> <span class='ocrx_word' id='word_1_357' title='bbox 1212 4263 1273 4312; x_wconf 72' lang='lat' dir='ltr'>Adur.</span> 
     </span>
    </p>

    <p class='ocr_par' dir='ltr' id='par_1_9' title="bbox 123 4323 1289 4461">
     <span class='ocr_line' id='line_1_39' title="bbox 157 4323 1289 4393; baseline -0.003 -12"><span class='ocrx_word' id='word_1_358' title='bbox 157 4331 184 4381; x_wconf 77' lang='lat' dir='ltr'>&#39;l-</span> <span class='ocrx_word' id='word_1_359' title='bbox 198 4323 335 4393; x_wconf 61' lang='grc' dir='ltr'>ἀνθρώπων</span> <span class='ocrx_word' id='word_1_360' title='bbox 347 4332 476 4381; x_wconf 77' lang='lat' dir='ltr'>emendatio</span> <span class='ocrx_word' id='word_1_361' title='bbox 484 4335 516 4383; x_wconf 82' lang='lat' dir='ltr'>cst</span> <span class='ocrx_word' id='word_1_362' title='bbox 525 4333 624 4385; x_wconf 80' lang='lat' dir='ltr'>Pelusii.</span> <span class='ocrx_word' id='word_1_363' title='bbox 642 4333 684 4381; x_wconf 78' lang='lat' dir='ltr'>bi·</span> <span class='ocrx_word' id='word_1_364' title='bbox 716 4333 779 4381; x_wconf 85' lang='lat' dir='ltr'>Nott.</span> <span class='ocrx_word' id='word_1_365' title='bbox 790 4333 820 4392; x_wconf 93' lang='lat' dir='ltr'>ll,</span> <span class='ocrx_word' id='word_1_366' title='bbox 838 4329 875 4381; x_wconf 88' lang='lat' dir='ltr'>ll.</span> <span class='ocrx_word' id='word_1_367' title='bbox 902 4331 1031 4378; x_wconf 77' lang='lat' dir='ltr'>Murtuuum</span> <span class='ocrx_word' id='word_1_368' title='bbox 1047 4334 1068 4378; x_wconf 87' lang='lat' dir='ltr'>et</span> <span class='ocrx_word' id='word_1_369' title='bbox 1081 4329 1206 4378; x_wconf 79' lang='lat' dir='ltr'>Toturunm</span> <span class='ocrx_word' id='word_1_370' title='bbox 1218 4343 1289 4390; x_wconf 57' lang='lat' dir='ltr'>corcy</span> 
     </span>
     <span class='ocr_line' id='line_1_40' title="bbox 123 4389 1273 4461; baseline -0.002 -13"><span class='ocrx_word' id='word_1_371' title='bbox 123 4401 161 4448; x_wconf 84' lang='lat' dir='ltr'>bri</span> <span class='ocrx_word' id='word_1_372' title='bbox 178 4399 264 4446; x_wconf 73' lang='lat' dir='ltr'>tutent</span> <span class='ocrx_word' id='word_1_373' title='bbox 280 4389 371 4449; x_wconf 72' lang='grc' dir='ltr'><strong>αὐτῶν.</strong></span> <span class='ocrx_word' id='word_1_374' title='bbox 717 4399 771 4461; x_wconf 70' lang='lat' dir='ltr'>pcc</span> <span class='ocrx_word' id='word_1_375' title='bbox 785 4401 814 4448; x_wconf 86' lang='lat' dir='ltr'>de</span> <span class='ocrx_word' id='word_1_376' title='bbox 828 4399 878 4448; x_wconf 84' lang='lat' dir='ltr'>blec</span> <span class='ocrx_word' id='word_1_377' title='bbox 892 4401 914 4448; x_wconf 87' lang='lat' dir='ltr'>et</span> <span class='ocrx_word' id='word_1_378' title='bbox 928 4401 976 4447; x_wconf 86' lang='lat' dir='ltr'>Tuo</span> <span class='ocrx_word' id='word_1_379' title='bbox 989 4399 1049 4446; x_wconf 82' lang='lat' dir='ltr'>inter</span> <span class='ocrx_word' id='word_1_380' title='bbox 1064 4399 1172 4447; x_wconf 82' lang='lat' dir='ltr'>Venerwc</span> <span class='ocrx_word' id='word_1_381' title='bbox 1184 4398 1273 4458; x_wconf 85' lang='lat' dir='ltr'>ample-</span> 
     </span>
    </p>

    <p class='ocr_par' dir='ltr' id='par_1_10' title="bbox 124 4457 1274 4598">
     <span class='ocr_line' id='line_1_41' title="bbox 158 4457 1274 4532; baseline -0.003 -15"><span class='ocrx_word' id='word_1_382' title='bbox 158 4463 185 4517; x_wconf 81' lang='lat'>3.</span> <span class='ocrx_word' id='word_1_383' title='bbox 204 4457 300 4517; x_wconf 64' lang='grc' dir='ltr'><strong>ἄνωθεν</strong></span> <span class='ocrx_word' id='word_1_384' title='bbox 316 4480 370 4516; x_wconf 85' lang='lat' dir='ltr'>eum</span> <span class='ocrx_word' id='word_1_385' title='bbox 385 4467 481 4516; x_wconf 77' lang='lat' dir='ltr'>Petusio</span> <span class='ocrx_word' id='word_1_386' title='bbox 497 4468 573 4528; x_wconf 81' lang='lat' dir='ltr'>recepi</span> <span class='ocrx_word' id='word_1_387' title='bbox 590 4479 619 4516; x_wconf 76' lang='grc' dir='ltr'>ιι</span> <span class='ocrx_word' id='word_1_388' title='bbox 638 4469 684 4516; x_wconf 83' lang='lat' dir='ltr'>Vc·</span> <span class='ocrx_word' id='word_1_389' title='bbox 717 4479 763 4516; x_wconf 80' lang='grc' dir='ltr'><strong>ιιιι</strong></span> <span class='ocrx_word' id='word_1_390' title='bbox 776 4467 890 4517; x_wconf 83' lang='lat' dir='ltr'>coeotulc</span> <span class='ocrx_word' id='word_1_391' title='bbox 902 4467 1063 4528; x_wconf 83' lang='lat' dir='ltr'>interpretatur</span> <span class='ocrx_word' id='word_1_392' title='bbox 1075 4469 1129 4532; x_wconf 76' lang='lat' dir='ltr'>cst),</span> <span class='ocrx_word' id='word_1_393' title='bbox 1144 4479 1189 4528; x_wconf 82' lang='lat' dir='ltr'>pra</span> <span class='ocrx_word' id='word_1_394' title='bbox 1201 4461 1274 4518; x_wconf 79' lang='grc' dir='ltr'><strong>πάλιν</strong></span> 
     </span>
     <span class='ocr_line' id='line_1_42' title="bbox 124 4529 1094 4598; baseline 0.001 -15"><span class='ocrx_word' id='word_1_395' title='bbox 124 4537 206 4583; x_wconf 65' lang='lat' dir='ltr'>conec</span> <span class='ocrx_word' id='word_1_396' title='bbox 221 4533 286 4584; x_wconf 81' lang='lat' dir='ltr'>libro.</span> <span class='ocrx_word' id='word_1_397' title='bbox 318 4535 346 4585; x_wconf 80' lang='lat' dir='ltr'>ln</span> <span class='ocrx_word' id='word_1_398' title='bbox 359 4535 454 4597; x_wconf 77' lang='lat' dir='ltr'>reliquis</span> <span class='ocrx_word' id='word_1_399' title='bbox 470 4534 622 4585; x_wconf 76' lang='grc' dir='ltr'><strong>ιιιιιιιιιιι.</strong></span> <span class='ocrx_word' id='word_1_400' title='bbox 718 4529 841 4598; x_wconf 69' lang='grc' dir='ltr'><strong>ἰρωτικά,</strong></span> <span class='ocrx_word' id='word_1_401' title='bbox 859 4534 921 4597; x_wconf 78' lang='lat' dir='ltr'>quad</span> <span class='ocrx_word' id='word_1_402' title='bbox 937 4535 1007 4596; x_wconf 83' lang='lat' dir='ltr'>culpo</span> <span class='ocrx_word' id='word_1_403' title='bbox 1023 4537 1094 4584; x_wconf 76' lang='lat' dir='ltr'>carot.</span> 
     </span>
    </p>
   </div>
   <div class='ocr_carea' id='block_1_9' title="bbox 0 0 1511 4990">
    <p class='ocr_par' dir='ltr' id='par_1_11' title="bbox 0 0 1511 4990">
     <span class='ocr_line' id='line_1_43' title="bbox 0 0 1511 4990; baseline 0 0"><span class='ocrx_word' id='word_1_404' title='bbox 0 0 1511 4990; x_wconf 95' lang='lat' dir='ltr'> </span> 
     </span>
    </p>
   </div>
  </div>
 </body>
</html>
