3018 4994
234 356 295 416 444
653 365 774 419 θΑΝῦΤΙ
789 367 957 420 ΕΡΙΡΒΛΝΠ

234 481 388 566 γράμματα
406 480 570 567 άπορροίας
584 481 725 568 ὑπάρχειν
739 488 861 569 γίνωσκε
875 491 934 549 τάν
949 489 1038 570 τριάν
1050 482 1204 567 δυνάμεων
1219 482 1376 563 εἰκονικός,

131 607 134 622 ·
233 591 291 648 τοῖν
308 593 501 668 περιεχουσῶν
524 584 598 651 9τόν
615 585 685 652 ὅλον
701 593 760 651 τῶν
776 584 837 651 άνω
848 590 1001 668 στοιχείων
1016 583 1067 652 τόν
1082 585 1221 669 άριθμόν.
1263 585 1305 650 Τά
1322 586 1377 667 μέν

239 684 335 770 ιογάρ
357 686 463 767 άφωνα
484 685 637 772 γράμματα
662 688 746 753 ἐννέα
767 687 889 771 νόμισον
911 685 1003 766 εἰναι,
1034 694 1087 753 τοῦ
1111 685 1229 772 Πατρός
1249 691 1301 753 καί
1323 695 1377 770 τῆς

232 785 394 869 Ἀληθείας,
412 787 461 854 διά
474 775 512 855 τό
525 785 666 870 άφοίνονς
681 787 789 866 αὑτοὺς
804 787 887 870 εἰναι,
905 791 1050 855 τουτέστιν
1066 787 1214 876 άρρήτους
1226 791 1277 856 καλ
1293 787 1374 854 άνειι·

233 888 379 970 λαλήτους.
427 889 469 955 Τά
495 893 527 957 δέ
555 889 693 974 ἡμίφωνα
719 889 811 972 όκτοέ,
841 890 911 958 ὅντα
932 899 984 958 τοῦ
1005 891 1110 979 Λόγου
1131 894 1255 974 καὶτῆς
1276 899 1372 974 Ζωῆς,

233 990 282 1058 διά
299 990 331 1057 τό
349 995 421 1075 μέσα
438 991 532 1079 ὥςπερ
548 992 688 1079 ὑπάρχειν
702 1001 761 1058 τοῖν
777 1019 806 1059 τε
823 992 951 1075 άφοόνων
967 997 1018 1060 καλ
1035 1002 1093 1061 τῶν
1109 996 1301 1077 φωνηέντων,
1324 995 1373 1059 καί

237 1090 473 1177 11άναδέχιοθαι
494 1103 552 1160 τῶν
570 1097 621 1178 μὲν
639 1095 770 1182 ὕπερθεν
785 1096 838 1180 τήν
855 1094 1032 1182 άπόρροιαν,
1053 1095 1156 1162 τοῖνδ’
1177 1093 1279 1161 ηὑπό
1298 1093 1374 1160 αὑτά

233 1193 285 1277 την
299 1195 463 1279 άναφοράν.
511 1197 552 1261 Τά
569 1198 600 1263 δὲ
616 1197 770 1282 φωνήεντα
784 1201 835 1264 καί
848 1197 922 1264 αὑτά
938 1198 1011 1265 έπεά
1025 1197 1107 1280 όνια,
1127 1206 1182 1264 τοῦ
1195 1195 1376 1280 Ἀνθράπου

232 1301 283 1362 καλ
307 1307 361 1382 τῆς
378 1297 562 1381 Ἐκκλησίας,
595 1302 657 1364 ἐπεὶ
684 1299 777 1366 ιθδιά
803 1308 855 1366 τοῦ
873 1299 1051 1386 Ἀνθρώπου
1074 1300 1161 1383 φωνὴ
1182 1306 1374 1384 προελθοῦσα

233 1399 386 1486 ἐμόρφωσε
402 1399 437 1466 τά
455 1400 515 1466 ὅλα.
558 1397 590 1464 Ὁ
606 1400 661 1486 γάρ
680 1395 750 1484 ἦχος
767 1409 936 1486 τῆςφωνῆς
953 1402 1072 1488 μορφὴν
1091 1401 1190 1478 αὑτοῖς
1206 1406 1373 1485 περιεποίη-

233 1525 291 1567 σεν.
326 1500 425 1568 Ἔστιν
448 1495 543 1569 Μοὺν
558 1500 576 1568 ό
594 1503 646 1585 μέν
662 1504 764 1590 Λόγος
780 1507 852 1588 έχων
868 1506 917 1570 καί
932 1501 953 1586 ἦ
969 1504 1039 1587 Ζωή
1054 1503 1090 1568 τά
1106 1501 1200 1582 όκτοί,
1229 1501 1375 1570 όδέἎν·

232 1615 356 1690 θρωπος
371 1606 422 1670 καλ
437 1602 458 1687 ἡ
471 1603 631 1688 Ἐκκλησία
646 1605 682 1671 τά
699 1605 787 1686 έπτά,
816 1603 835 1672 ό
851 1607 883 1671 δέ
901 1605 1004 1692 Πατὴρ
1020 1609 1071 1672 κοιλ
1086 1604 1106 1690 ἦ
1119 1604 1257 1687 Ἀλήθεια
1276 1605 1311 1670 τά
1328 1609 1372 1670 ἐν-

232 1709 291 1772 νέοι.
340 1705 445 1772 Η’Ἐπί
466 1707 498 1771 δέ
520 1715 572 1772 τοῦ
589 1705 798 1793 ὑστερήσαντος
813 1708 902 1795 λόγου
920 1705 938 1773 ό
955 1707 1155 1795 άφεδρασθελς
1171 1711 1202 1772 ἐν
1217 1715 1258 1795 τῷ
1277 1710 1376 1792 Πατρλ

231 1817 373 1892 κατῆλθε,
395 1811 544 1891 πεμφθεὶς
564 1811 612 1875 έπλ
632 1807 685 1875 τόν
705 1804 757 1891 ὑφ’
773 1804 809 1876 οὑ
827 1813 972 1896 ἐχωρίσθη
989 1813 1036 1876 ἐπὶ
1050 1809 1209 1896 διορθώσει
1225 1817 1286 1874 τοῖν
1300 1835 1374 1894 προ·

113 1941 163 1989 ηις.
175 1929 220 1975 κιο.
234 1912 374 1992 χθέντων,
391 1908 474 1994 ίναὺ
490 1918 549 1976 τῶν
564 1911 766 1998 πληρωμάτων
779 1912 881 1995 ἑνότης
901 1911 1059 1995 ιθίσότητα
1075 1916 1180 1996 ἐχοοσα
1193 1919 1375 2001 καρποφορῆ

232 2017 301 2095 μίαν
318 2015 348 2078 ἐν
364 2019 435 2078 πᾶσι
453 2011 505 2096 τὴν
522 2017 553 2080 ἐκ
570 2013 689 2080 πάντων
704 2013 843 2097 δύναμιν·
872 2017 923 2080 καλ
940 2013 1035 2089 οὑτως
1050 2012 1069 2080 ό
1084 2021 1142 2080 τῶν
1156 2013 1229 2079 ἑπτά
1246 2013 1301 2096 τὴν
1313 2020 1373 2078 τῶν

232 2113 309 2180 όκτοί
323 2117 476 2196 ἐκομίσατο
491 2115 626 2199 δύναμιν,
643 2118 693 2180 καλ
709 2117 840 2201 ἐγένοντο
856 2121 887 2183 οἰ
904 2115 1032 2182 Πτόποι
1045 2115 1144 2199 όμοιοι
1157 2125 1219 2192 τοῖς
1232 2116 1373 2201 άριθμοῐς

231 2215 387 2301 Ὀγδοάδες
402 2215 497 2297 ὄντες,
519 2221 625 2293 οἵτινες
643 2224 760 2303 18τρεῖς
775 2217 820 2299 ἐφ’
837 2219 960 2295 έαυτοὺς
976 2217 1112 2294 ἐλθόντες
1127 2216 1176 2284 τόν
1193 2225 1253 2282 τοῖν
1266 2221 1373 2282 εἰκοσι-

231 2318 376 2404 τεσσάρων
394 2317 541 2396 άνέδειξαυ
559 2318 697 2406 άριθμόν.
745 2319 787 2384 Τά
808 2323 862 2404 μέν
883 2347 928 2386 τοι
949 2324 1014 2406 τρία
1036 2329 1158 2404 στοιχεῖα
1181 2319 1260 2397 (ῑθά
1281 2342 1372 2402 φησιν

233 2419 321 2496 αὑτός
339 2428 398 2485 τῶν
415 2428 503 2506 τριῶν
519 2424 550 2487 ἐν
567 2427 687 2509 συζυγίᾳ
702 2421 854 2505 δυνάμεων
871 2419 1025 2508 ὑπάρχειν,
1055 2421 1075 2486 ά
1091 2424 1168 2488 ἐστιν
1181 2425 1228 2502 ἐξ,
1260 2419 1313 2501 α’φ’
1330 2413 1371 2485 ὑν

232 2521 364 2607 άπερριίη
379 2521 414 2587 τά
430 2526 645 2610 εἰκοσιτέσσαρα
658 2533 793 2608 στοιχεῖα)
807 2526 1108 2610 τετραπλασιασθέντο
1122 2531 1162 2614 τῷ
1176 2532 1229 2608 τῆς
1242 2521 1371 2609 άρρητον

236 2627 379 2710 Τετράδος
392 2625 469 2714 λόγῳ
483 2624 534 2692 τόν
549 2624 638 2692 αὑτόν
652 2624 753 2702 αὑτοῖς
768 2625 898 2711 άρνθμόν
911 2636 1004 2706 ποιεῖ,
1026 2625 1100 2710 άπερ
1116 2629 1190 2708 φησλ
1202 2631 1256 2692 τοῦ
1269 2623 1370 2692 άνονο-

232 2726 343 2809 μάστου
361 2725 513 2813 ὑπάρχειν·
541 2738 700 2813 φορεῖσθαι
721 2729 754 2794 δέ
775 2728 848 2794 αὑτά
869 2727 929 2796 ὑπό
949 2736 1008 2794 τῶν
1026 2736 1115 2814 τριῶν
1132 2727 1301 2811 δυνάμεων,
1330 2731 1371 2804 εἰς

232 2827 388 2912 όμοιότητα
402 2839 455 2896 τοῦ
472 2828 616 2915 άοράτου,
639 2822 681 2896 ὧν
696 2835 843 2914 στοιχείων
859 2831 968 2908 εἰκόνες
985 2829 1152 2897 Νείκόνων
1166 2829 1203 2895 τά
1217 2828 1285 2914 παρ’
1301 2827 1371 2913 ἡμῖν

234 2936 366 2998 Ὴδιπλοῖ
387 2930 544 3018 γράμματα
564 2929 716 3017 ὑπάρχειν,
749 2933 768 2997 ά
789 2933 1049 3018 συναριθμοόμενα
1068 2942 1131 3009 τοῖς
1147 2933 1370 3015 εἰκοσιτέσσαρσι

232 3040 381 3118 στοιχείοις
397 3033 521 3118 δυνάμει
536 3040 617 3124 ²²15}
631 3034 704 3100 κατά
721 3031 877 3120 άναλογίαν
892 3043 951 3101 τῶν
965 3034 1121 3121 τριάκοντα
1135 3043 1216 3100 ποιεῖ
1232 3031 1368 3118 άριθμόν.

97 3138 163 3206 Κῑφ·
183 3136 211 3202 (-
320 3136 434 3202 Τοότου
454 3145 507 3202 τοῦ
527 3139 617 3222 λόγον
637 3139 687 3204 καί
701 3143 753 3219 τῆς
776 3141 965 3220 ῑοίκονομίας
980 3139 1088 3220 ταύτης
1103 3135 1218 3221 καρπόν
1234 3156 1325 3219 φησιν
1341 3137 1370 3202 ἐν

231 3237 396 3322 όμοιόματι
408 3238 522 3314 εἰκόνος
537 3241 722 3321 ’πεφηνέναι
736 3241 846 3305 ἐκεῖνον
862 3237 914 3305 τόν
930 3239 1001 3322 μετά
1014 3237 1067 3315 τάς
1084 3243 1135 3316 ³23
1150 3235 1261 3322 ἡμέρας
1274 3241 1367 3320 τέταρ-

231 3366 281 3407 τον
297 3339 447 3424 άναβάντα
466 3343 506 3417 εἰς
522 3339 555 3406 τό
573 3340 643 3426 ὅρος
659 3344 709 3406 καί
726 3340 878 3427 γενόμενον
894 3343 993 3420 έκτον,
1023 3340 1074 3406 τόν
1094 3341 1304 3426 4κρατηθέντα
1322 3341 1368 3406 καλ

231 3442 399 3526 καταβάντα
414 3444 445 3508 έν
460 3451 496 3531 τῇ
510 3440 684 3526 Ἑβδομάδι,
708 3445 850 3525 ἐπίσημον
863 3440 1009 3527 Ὀγδοάδα
1024 3440 1206 3527 ὑπάρχοντα,
1226 3444 1279 3507 καλ
1295 3445 1366 3526 έχον-

231 3573 267 3611 τα
283 3548 315 3611 ἐν
332 3547 426 3633 ἐαυτῷ
441 3543 492 3610 τόν
507 3545 622 3610 ἅπαντα
640 3553 699 3609 τῶν
716 3549 861 3628 στοιχείων
876 3543 1023 3630 άριθμόν,
1056 3544 1115 3612 “dv
1130 3545 1313 3628 ἐφανέρωσεν
1331 3549 1366 3610 ἐλ-

232 3647 341 3725 θόντος
358 3646 449 3714 αὑτοῦ
467 3649 517 3712 ἐπλ
533 3645 565 3712 τό
582 3645 731 3729 βάπτισμα
747 3644 769 3729 ἦ
785 3653 837 3729 τῆς
852 3654 1021 3732 περιστερᾶς
1035 3645 1183 3725 κάθοδος,
1214 3646 1279 3730 ἥτις
1295 3649 1368 3712 ἐστίν

234 3760 257 3816 ὦ
274 3753 323 3814 καὶ
338 3761 365 3813 ᾶ.
410 3747 466 3812 6Ὁ
480 3747 535 3833 γάρ
549 3747 678 3833 άρνθμός
690 3747 782 3832 αὑτῆς
794 3754 846 3832 μία
860 3752 912 3814 καλ
927 3746 1104 3816 όκτακόσιαι.
1147 3751 1206 3814 Καὶ
1220 3746 1270 3814 διά
1283 3757 1366 3816 τοῦτο

234 3854 367 3918 Μωϋσέα
389 3855 419 3918 ἐν
439 3859 476 3941 τῇ
497 3855 564 3940 ἕκτη
588 3858 647 3916 τῶν
668 3848 785 3936 ἡμερῶν
802 3854 948 3936 εἰρηκέναι
965 3849 1017 3918 τόν
1034 3848 1200 3934 ἄνθρωπον
1215 3853 1366 3936 γεγονέναι,

265 3990 289 4044 9.
306 3995 534 4055 Pseudo-origem.-
550 3986 592 4043 τόν
607 3983 663 4055 ’όρον
676 3987 718 4042 καί
734 3989 783 4042 τόν
852 3987 890 4043 11.
907 3980 948 4044 τόν
963 3993 1056 4041 restituo
1072 4005 1101 4041 ετ
1117 3991 1330 4054 mdo-Ortum
1347 3993 1366 4039 οἰ

232 4053 283 4113 άνω
300 4067 349 4110 ceu.
820 4062 866 4110 Vct.
880 4063 1010 4121 ἰοιτεητιίι.

268 4129 305 4178 10.
323 4125 371 4210 χάρ
391 4143 437 4177 om.
452 4129 502 4176 σοδ.
520 4131 594 4176 Venet.
853 4129 890 4178 15.
906 4121 968 4179 Ἐπλ
990 4123 1018 4180 δέ
1041 4127 1271 4190 Pseudo-Origenes.
1304 4127 1365 4176 Ῑπθτι·

268 4195 307 4246 11.
323 4193 488 4263 αναδεδέχθοιι
508 4197 574 4244 habet
589 4195 784 4259 Pseudo-0590·
817 4196 944 4316 ξρίρζιοιιλι·
964 4195 1047 4244 habent
1068 4191 1165 4260 ἐπειδὴ.
1197 4196 1266 4246 niueo
1280 4195 1365 4256 μίοοιιίλ

232 4277 281 4314 net.
832 4267 900 4316 κδ.

270 4329 307 4381 12.
324 4325 371 4383 ὑπό
393 4325 457 4382 αὑτά
479 4333 609 4381 coniectura
633 4332 725 4380 Ρτίονίι·
744 4335 786 4393 τοί,
853 4329 890 4382 16.
907 4329 985 4398 ἐντῷ
1003 4325 1091 4398 ἀγαθῷ
1109 4317 1173 4382 οὑσα
1187 4331 1254 4381 habet
1267 4329 1365 4381 Ριτοδο·

233 4401 455 4461 Pseudo-&wenis
469 4402 596 4448 testimonio
615 4401 664 4447 ιὀοι
684 4400 785 4460 firmata.
819 4401 933 4462 Οτίρεκετ.

233 4469 298 4517 Libri
312 4468 394 4516 habent
405 4461 466 4531 ὑπὲρ
480 4460 567 4531 πότην.
600 4468 786 4529 λ’τί.1ιιίττμττι.·
853 4466 891 4520 17.
907 4465 953 4517 tria
967 4465 1022 4518 loca
1031 4467 1097 4517 λοοτί
1109 4469 1156 4516 Vel.
1166 4469 1284 4530 ἰπίττφτττ.
1306 4465 1364 4515 Gon·

234 4551 296 4601 quae
313 4533 415 4582 subsint.
819 4538 884 4586 sentit
900 4537 1007 4586 Pseudo·
1017 4537 1130 4599 θήρτπτσ.

271 4601 309 4654 13.
324 4599 368 4654 κοιλ
383 4601 426 4654 τοῦ
439 4603 506 4652 habet
520 4603 628 4652 Ριτυιίο·
638 4603 753 4665 Οτίςαιττ.
855 4603 893 4654 18.
909 4602 964 4669 τρὶς
982 4605 1073 4654 videtur
1092 4605 1172 4667 λεηίττι
1192 4605 1240 4654 Vel.
1251 4603 1364 4665 Ιπττμτετ,
