3010 5000
328 237 462 288 eamean
479 236 542 287 urs.
553 239 573 289 r.
590 237 728 290 nouus.
747 237 845 290 naun.
856 238 982 290 xxxiv.
1167 226 1228 289 473

80 353 171 419 salem
186 352 328 419 accedeus
334 359 421 440 fleuit
433 379 518 438 nepes·
530 379 600 432 eom,
625 369 655 420 et
665 362 749 432 dr‘ore't,
775 363 811 420 Sr'
821 362 998 438 cognovisses
1013 369 1042 419 et
1057 369 1099 432 tu,
1123 364 1380 440 etquicunque

79 461 141 519 dem
159 460 187 518 io
205 459 258 518 dcc
273 461 335 531 dre,
367 479 439 539 quoe
452 464 491 521 od
501 483 598 541 pacem
613 473 681 522 strat
694 461 761 522 ta'dr':
790 482 865 522 nunc
880 473 971 521 cutem
987 461 1149 522 abscondito
1162 473 1229 522 errat

79 561 142 634 tibi,
167 557 309 622 vocabulo
326 559 395 640 isto,
418 563 580 624 abscondito
596 575 673 638 sunt,
699 564 840 625 occultam
859 559 947 646 Bythi
963 571 1095 625 naturam
1113 561 1228 626 abstru-

78 677 198 747 samque
213 661 434 726 demonstravit.
480 662 729 747 Quemadmodum
746 675 776 728 et
790 664 869 727 hisee
885 663 1000 728 verbis:
1026 669 1122 726 fseaite
1136 669 1175 726 od
1186 687 1228 727 me
1240 679 1325 776 qqeqq.

78 787 172 828 omnm
187 769 240 846 qui
253 767 388 828 laboratis
395 812 404 840 ,
425 778 458 827 et
471 772 583 829 onerati
596 773 679 841 ostris,
703 778 731 829 et
744 789 797 847 ego
810 769 935 847 reficrirm
952 789 1017 841 uos,·
1051 777 1097 844 et,
1120 771 1228 828 Discite
1271 763 1278 787 '

78 891 153 930 aare
167 877 224 931 ete.
256 865 400 932 Veritatis
415 881 564 952 parentem
579 869 724 933 indicasse
738 869 921 932 confirmant.
953 865 1039 952 Quod
1054 869 1131 933 enim
1145 869 1230 952 iguo·

76 969 199 1049 rabant,
229 968 381 1055 inquiunt,
413 971 467 1034 hoc
486 991 518 1035 se
539 971 604 1036 illos
626 972 794 1036 educturum
815 971 936 1056 recepit.
981 968 1137 1035 Postremo
1155 973 1229 1035 harre

75 1071 160 1136 velut
177 1093 274 1135 arcem
291 1073 469 1159 probotionis
486 1095 557 1137 suae
576 1093 609 1136 ac
626 1073 771 1157 fastigium
791 1074 958 1157 proferunt,
989 1074 1064 1157 quod
1085 1074 1158 1136 idem
1178 1075 1229 1137 do-

76 1175 174 1238 miuus
191 1174 283 1240 dixit:
311 1178 452 1258 Confiteor
469 1178 522 1237 tili
536 1181 622 1238 Peter
636 1180 745 1238 domiso
760 1179 834 1238 coefi
844 1199 879 1238 cc
897 1188 1006 1250 terrm,
1028 1179 1095 1258 queis
1110 1178 1227 1238 elaeon·
1240 1193 1294 1238 lne.
1305 1192 1336 1248 to,
1348 1190 1380 1235 tt.

75 1281 182 1340 dr'str‘a
199 1279 371 1359 sapientibus
388 1289 417 1340 et
429 1280 630 1359 prudentibus,
661 1291 692 1340 et
705 1281 840 1341 revelasti
857 1281 1049 1359 cumoculos:
1080 1283 1121 1340 r'tu
1133 1291 1226 1360 puter,

75 1385 208 1463 maenium
227 1402 322 1443 coram
344 1393 371 1443 te
391 1383 591 1461 beneplacitum
613 1393 659 1442 est
674 1384 751 1443 mr'fu'.
799 1385 896 1443 Omnis
915 1384 987 1443 mr'ftr'
1002 1385 1108 1442 trodr'tc
1127 1393 1229 1443 sunto

74 1487 164 1545 Patre
178 1505 252 1546 meo:
277 1495 307 1546 et
320 1505 399 1546 nemo
414 1488 494 1545 novit
504 1488 614 1546 Putrem
631 1487 691 1544 οἱοί
700 1486 807 1558 Fr'frirs,
832 1495 861 1545 et
872 1486 975 1546 Filium
992 1505 1070 1545 acmo
1085 1488 1164 1545 uouit
1174 1488 1233 1545 nisi

75 1591 165 1648 Pater
182 1597 211 1646 et
226 1591 276 1648 eui
290 1591 410 1648 uolumit
417 1589 504 1668 filius
521 1589 657 1648 revelare.
705 1584 819 1669 Quibus
837 1585 935 1651 vertis
950 1585 1103 1649 evidenter
1119 1585 1174 1648 ltoo
1192 1585 1228 1648 ab

74 1687 128 1751 illo
156 1687 334 1752 declaratum
359 1689 546 1768 existimant,
581 1709 665 1773 quem
692 1688 746 1772 ipsi
770 1685 914 1751 Veritatis
937 1685 1093 1751 Parentum
1119 1698 1230 1750 temere

75 1791 235 1853 commenti
253 1802 339 1871 sunt,
372 1791 446 1856 hune
467 1804 622 1875 autequam
641 1786 777 1855 Christus
796 1790 928 1854 venisset
946 1791 1053 1854 nemini
1073 1789 1163 1854 fuisse
1181 1811 1230 1852 oo·

74 1891 211 1976 guitum,
242 1903 344 1957 contra
364 1915 436 1957 vero
452 1894 529 1958 istud
547 1893 660 1976 colligi,
694 1892 873 1956 conditorem
896 1913 930 1962 ac
949 1902 1110 1956 creatorem
1127 1913 1231 1979 perpe·

75 2007 127 2058 tuo
153 1994 336 2060 manifestum
360 1996 493 2060 omnibus
517 1997 619 2060 fuisse.
665 1993 748 2058 llaec
774 1995 850 2058 enim
877 1993 973 2058 omnia
997 1994 1031 2057 de
1054 1995 1154 2080 ignoto
1179 1997 1228 2060 illo

74 2095 225 2175 Parente,
250 2118 333 2182 quem
353 2097 407 2184 ipsi
426 2099 611 2185 praedicant,
635 2118 652 2159 a
671 2093 791 2161 Christo
808 2096 992 2183 pronuntiata
1011 2119 1067 2161 nou
1086 2095 1228 2162 dubitant.

165 2197 251 2282 Quod
271 2210 367 2263 autem
389 2202 423 2264 ad
444 2201 673 2287 redemptionem
694 2199 836 2284 pertinet,
869 2220 932 2262 eam
953 2221 1047 2284 neque
1067 2201 1157 2285 aspici
1177 2222 1228 2264 ne·
1243 2215 1304 2284 cap.
1319 2212 1382 2264 xx.

74 2323 134 2388 que
153 2301 360 2386 comprehendi
375 2303 470 2366 auimo
488 2325 574 2388 posse
590 2302 748 2382 definiuutq
780 2312 897 2387 utpote,
930 2323 1001 2387 quae
1021 2321 1119 2366 eorum
1139 2312 1232 2366 nrater

73 2405 117 2470 sit
140 2425 217 2490 quae
236 2425 379 2490 peraeque
398 2405 541 2469 contineri
560 2427 595 2470 ac
614 2405 705 2468 videri
728 2414 885 2490 nequeant.
931 2402 1031 2487 Quaere
1048 2425 1112 2467 cum
1129 2405 1230 2470 incon-

73 2519 163 2574 stans
180 2516 265 2591 atque
282 2505 426 2571 instabilis
443 2507 499 2584 sit,
531 2529 588 2572 nou
607 2529 663 2571 una
680 2507 758 2570 illam
776 2528 811 2570 ac
826 2506 952 2593 simplex
969 2508 1062 2569 oratio
1079 2508 1231 2593 complecti

72 2619 195 2698 potest,
226 2607 361 2694 quoniam
384 2609 420 2672 ab
443 2631 616 2695 unoquoque
638 2610 752 2673 illorum
777 2631 827 2696 pro
852 2631 906 2674 suo
931 2621 1001 2673 nrrtu
1024 2631 1059 2672 ac
1082 2608 1231 2674 voluntate

71 2712 215 2776 traditur.
260 2708 339 2793 erot
357 2713 432 2774 enirn
452 2723 520 2776 sunt
538 2713 616 2777 illius
633 2713 777 2796 dogmatis
796 2731 831 2776 ae
849 2713 1053 2799 mysteriorum
1072 2712 1229 2792 antistites,

74 2814 201 2878 totidem
218 2823 246 2876 et
261 2814 476 2898 redemptiones
492 2837 559 2879 esse
576 2815 685 2879 dieunt.
731 2813 892 2879 Enimvero
909 2825 997 2878 totam
1011 2814 1087 2878 illam
1103 2816 1230 2900 speeiem

72 2929 167 3002 atque
187 2936 318 3000 pompam
334 2915 465 2980 einraudi
481 2916 660 3002 baptismatis
678 2919 857 3002 iteratosque
873 2917 979 2981 illinsa
996 2917 1051 2980 deo
1064 2916 1231 3001 generatio-

71 3019 125 3084 nis
140 3018 236 3104 gratia
252 3028 283 3081 et
295 3017 473 3082 abiiciendae
490 3017 555 3082 fidei
569 3041 586 3082 a
603 3017 713 3084 Sataua
730 3021 880 3083 confictam
897 3040 975 3099 esse,
994 3039 1048 3082 suo
1065 3020 1141 3096 loco,
1166 3039 1229 3083 curn

70 3124 147 3186 illos
163 3120 365 3200 refutabimus,
383 3122 565 3185 ostendetur.
605 3119 665 3186 Sed
681 3122 757 3186 illam
774 3121 969 3186 necessariam
985 3122 1103 3184 omrrino
1119 3121 1232 3184 redem-

69 3226 209 3314 ptionem
229 3223 263 3285 iis
281 3243 348 3286 esse
367 3233 498 3286 statuunt
514 3223 561 3308 qui
578 3226 736 3309 perfectam
755 3223 906 3288 scientiam
923 3223 1019 3309 adepti
1036 3235 1121 3301 suut,
1146 3235 1177 3286 ut
1195 3225 1230 3286 ad

69 3347 246 3416 supremam
270 3325 397 3388 omnium
416 3325 552 3389 virtutem
576 3326 671 3389 denuo
689 3328 857 3410 gignantur.
902 3326 1001 3390 Aliter
1021 3327 1097 3390 eninr
1117 3346 1231 3389 onlnem

68 3433 110 3496 ad
133 3427 271 3494 Pleroma
295 3427 401 3494 aditum
421 3427 593 3505 intercludi,
627 3450 692 3491 cum
712 3430 782 3492 haec
802 3428 849 3492 illa
868 3429 906 3494 sit
925 3449 999 3513 quae
1019 3449 1070 3492 eos
1090 3429 1124 3492 ad
1145 3426 1233 3513 Bytlri

69 3532 223 3622 profunda
240 3531 388 3616 perducat.
419 3529 495 3594 Nam
513 3529 686 3616 baptismum
701 3532 868 3617 apparentis
881 3531 959 3595 illius
976 3529 1044 3594 lesu
1058 3531 1232 3594 condemna-

67 3638 191 3701 tionem
207 3633 351 3696 duntaxat
364 3654 433 3720 prae
449 3652 481 3697 se
499 3634 576 3696 ferre
593 3632 757 3714 criminum,
781 3634 1008 3720 redemptionem
1025 3654 1095 3697 vero
1108 3632 1230 3711 Christi,

67 3737 125 3825 qui
150 3756 184 3800 se
209 3735 238 3798 in
262 3733 359 3798 lesum
386 3735 602 3815 insinuaverat,
638 3739 796 3821 perfectum
822 3737 856 3799 ad
883 3746 991 3801 statum
1013 3735 1234 3819 absolutumque

67 3849 229 3928 spectare.
276 3835 358 3900 lllum
381 3838 533 3901 animalem
558 3858 642 3917 esse,
674 3838 747 3902 hanc
766 3860 837 3902 vero
854 3837 1025 3922 spiritalem.
1071 3835 1387 3912 prosternendae

66 3941 255 4029 baptismum
284 3959 300 4002 a
325 3937 433 4003 loanoe
455 3941 652 4024 capessendae
674 3939 870 4026 poenitentiae
894 3961 996 4004 caussa
1020 3941 1232 4019 denuntiatum,

108 4130 177 4181 Car.
195 4127 258 4178 XX.
282 4155 316 4168 -
345 4125 366 4180 l·
391 4121 474 4182 οὐδενὶ
496 4123 564 4198 λόγῳ
589 4131 641 4182 cad.
675 4127 827 4197 profundum
853 4128 926 4196 Bythi
951 4127 1068 4188 deducit,
1099 4127 1234 4179 secundum

65 4200 179 4262 Rhodia.
544 4235 546 4240 .
676 4214 728 4258 eos,
745 4200 837 4249 uidetur
850 4200 931 4260 feqtsse
947 4195 976 4250 τὸ
991 4196 1078 4250 usses
1093 4193 1174 4266 duitor
1188 4213 1234 4250 κα-

104 4269 135 4320 2.
158 4265 224 4315 fsttm
241 4265 368 4328 epiphane
384 4265 468 4316 neom
486 4261 511 4318 ἕο
531 4281 574 4329 pro
592 4263 642 4318 ἕνα,
675 4258 801 4334 τᾶγοοσα,
819 4259 875 4319 κατ’
892 4259 992 4325 αὐτοὺς.

105 4335 137 4388 3.
157 4331 231 4386 τοῦτο
245 4328 292 4387 tirsi
306 4335 374 4384 codd.
388 4335 459 4384 fatte.
470 4334 544 4384 Venet.
569 4337 643 4399 Vutqo
710 4337 733 4386 5.
748 4333 847 4402 spiritus
859 4335 926 4385 tutet
938 4336 1113 4397 Vetfoternres,
1126 4339 1152 4384 ut
1162 4329 1235 4386 met-

66 4405 119 4463 τοῢ
141 4395 205 4454 aiud.
677 4419 755 4470 ματος
767 4418 813 4466 pro
827 4401 938 4470 Χριστοῦ
954 4404 1033 4466 fenim
1046 4404 1122 4456 eldat
1136 4405 1217 4468 possit

106 4469 138 4525 4.
161 4471 208 4520 m
222 4470 402 4532 trummacum
414 4471 526 4533 praedm
539 4485 602 4538 qnae
615 4468 642 4520 in
