3018 4994
376 293 515 346 euunnu
531 293 594 344 eru.
608 293 627 343 r.
645 293 726 344 rou.
739 293 782 342 ru.
798 291 898 342 unus.
910 290 1033 342 xxxiv.
1220 278 1281 340 459

132 409 206 477 lude
230 413 339 478 omisso
362 434 464 478 rursus
481 415 610 498 episerno
634 423 663 476 et
684 413 813 498 ipsorum
836 411 1045 474 elementorum
1069 409 1211 474 subducto
1230 431 1283 472 nu·

133 537 214 580 mero
237 527 323 600 atque
346 517 507 601 composito
529 537 621 600 usque
643 517 678 578 nd
702 525 768 579 octo
791 513 976 577 tricenarium
998 513 1159 598 perficiunt.
1205 509 1282 576 Nam

132 620 179 702 qui
202 619 238 681 nb
261 625 279 682 ᾶ
301 619 447 704 coeperit,
480 617 747 698 etinridesierit,
781 617 926 680 clementa
942 616 1137 692 numerando,
1169 615 1282 698 dempta

134 732 230 784 tamen
249 722 358 784 senarii
375 733 442 786 nota
462 742 496 785 ae
513 721 661 784 literarum
679 720 708 782 in
729 741 816 782 uirrnn
839 719 1044 804 progressione
1064 718 1206 794 cosrllata,
1231 718 1281 779 tri-

130 825 211 907 ginta
229 825 367 908 reperiet.
414 821 558 905 Quoniam
574 823 609 884 ad
624 829 639 886 ἓ
657 843 748 906 usque
761 819 822 884 XV
840 830 1030 903 consurgunt.
1078 818 1130 882 llis
1148 820 1280 884 adiuncta

131 935 242 1009 septem
260 923 355 990 XXll
373 925 493 990 lneirrnt.
540 922 653 1007 Quibus
668 931 702 1004 s'p,
728 925 783 986 lroc
798 934 844 987 est
859 935 943 1000 octo,
966 922 992 985 si
1010 922 1206 1000 accesserint,
1231 923 1280 984 ad-

130 1026 291 1090 mirabilem
305 1027 383 1090 illurn
402 1027 609 1090 Tricenarium
624 1027 794 1111 implebunt.
840 1024 917 1088 Hine
933 1024 1067 1088 Aeonum
1084 1024 1203 1107 triginta
1221 1045 1280 1086 snia-

131 1141 205 1192 trena
225 1125 395 1213 Ogdoadem
411 1129 604 1194 constituunt.
649 1127 689 1192 Et
705 1129 839 1212 quonium
859 1127 949 1190 tribus
966 1126 1119 1190 virtutibus
1136 1126 1280 1190 Tricens-

128 1233 192 1296 rins
210 1233 409 1316 componitur,
442 1242 487 1296 ter
504 1231 534 1296 in
552 1253 619 1294 sese
637 1233 740 1294 duetus
760 1229 916 1312 nonaginta
935 1229 1078 1314 producit.
1122 1227 1184 1291 Ter
1203 1230 1278 1292 onim

127 1333 249 1418 triginta
266 1334 301 1397 ad
316 1336 472 1418 nonaginta
489 1335 674 1418 perveniunt.
721 1330 780 1398 Sed
796 1343 826 1396 et
841 1331 987 1396 ternarius
1003 1352 1116 1416 qnoque
1133 1331 1235 1394 duetus
1249 1331 1277 1392 in

127 1456 291 1499 senonem
314 1437 410 1500 efficit.
457 1435 508 1500 Sic
528 1432 647 1518 Ogdoas
663 1431 772 1500 XCIX
795 1456 946 1498 numerum
969 1435 1042 1519 apud
1066 1434 1131 1498 illos
1153 1433 1276 1518 peperit.

130 1534 264 1621 Cumque
280 1539 468 1602 duodecimus
485 1541 570 1601 Aeon
587 1537 724 1600 deficiens
740 1559 856 1603 sursum
871 1534 917 1600 Xl
933 1536 1094 1620 reliquerit,
1118 1537 1147 1598 in
1163 1529 1278 1616 Λόγου,

128 1639 184 1702 hoe
201 1649 247 1702 est
265 1637 371 1719 Verbi,
397 1641 487 1725 ligura
504 1651 730 1703 consentaneam
748 1641 897 1704 literarum
916 1641 1036 1702 lormarn
1054 1639 1278 1722 adhibitampu·

128 1752 202 1804 tant.
248 1740 364 1808 Etenim
382 1744 534 1808 undecima
552 1743 654 1806 ordine
673 1743 821 1806 literarum
844 1753 887 1806 est
908 1730 941 1818 t,
972 1742 1018 1826 qni
1038 1741 1210 1805 tricenarius
1233 1749 1278 1802 est

127 1865 285 1922 numerus,
311 1855 340 1908 et
355 1846 389 1909 ad
406 1847 558 1931 exemplar
571 1845 709 1910 coelestis
724 1845 923 1930 providentiae
939 1844 1044 1929 posita.
1090 1841 1278 1927 Quandoqui·

126 1947 193 2008 dem
213 1947 238 2010 si
258 1948 294 2010 ab
312 1954 345 2020 e,
376 1935 570 2031 adlusque,
603 1949 994 2032 demptotameucpisemo,
1026 1946 1278 2012 continualiteru·

125 2069 192 2110 rum
210 2047 356 2112 additione
375 2072 524 2114 numerum
544 2071 644 2114 earsrm
664 2050 801 2132 colligas,
825 2051 1036 2135 comprehenso
1053 2049 1138 2113 simul
1154 2035 1176 2110 t
1187 2069 1278 2110 tronea·

125 2149 209 2234 ginta
229 2172 333 2216 novem
354 2154 506 2235 prodeunt.
554 2149 693 2216 Ceterum
708 2140 728 2212 t
742 2153 852 2236 ipsum,
884 2153 959 2237 quod
978 2153 1079 2216 ordine
1098 2162 1143 2216 est
1160 2151 1277 2214 uudoci·

124 2273 222 2329 munr,
247 2254 282 2316 ad
297 2256 493 2338 quaerendum
510 2255 555 2319 sui
573 2254 666 2319 simile
684 2255 889 2334 descendisse,
914 2267 946 2319 ut
963 2254 1162 2318 duodecimum
1178 2252 1277 2336 irnple·

124 2365 185 2432 ret,
209 2355 294 2439 idque
314 2377 350 2420 eo
366 2365 482 2441 reperto
498 2369 685 2422 eonseeutum
704 2379 783 2437 esse,
809 2358 880 2422 satis
896 2359 986 2441 ipsum
1006 2357 1141 2422 elementi
1157 2357 1275 2440 liguram

123 2477 264 2538 arguere.
310 2455 424 2544 Quippe
438 2447 505 2522 iat
522 2459 567 2522 sui
582 2460 685 2523 similis
701 2459 916 2544 inquisitionem
934 2461 1105 2539 adveniens,
1129 2480 1194 2522 cuns
1208 2457 1275 2522 illud

123 2558 291 2622 invenisset
307 2563 386 2625 etad
403 2583 470 2626 sose
488 2562 649 2646 rapuisset,
673 2563 834 2626 duodecimi
849 2564 942 2628 locum
960 2562 1100 2647 implevit.
1146 2559 1231 2626 Unde
1248 2570 1277 2622 et

122 2663 147 2738 ᾗ
169 2671 306 2726 asserunt
327 2683 366 2728 ex
388 2665 492 2749 duplici
511 2647 543 2726 ii
565 2685 631 2727 esse
654 2677 836 2729 contextum.
880 2664 1100 2751 proptereaque
1120 2665 1275 2748 nonaginta

124 2783 233 2826 noveni
256 2766 406 2848 regionem
429 2767 508 2850 ipsos
529 2767 695 2851 cognitione
715 2770 831 2851 lingere,
864 2769 1007 2832 delectum
1024 2767 1137 2830 scilieet
1155 2787 1188 2830 ac
1205 2765 1275 2830 siui-

121 2877 206 2929 strac
224 2889 327 2931 marrus
339 2870 484 2953 figuram,
520 2891 606 2934 unum
624 2891 696 2934 vern
714 2872 895 2949 consectari,
927 2871 1002 2955 quod
1020 2871 1055 2934 ad
1072 2865 1179 2932 XClX
1196 2867 1275 2932 eddi·

123 2979 186 3032 tum
209 2969 343 3034 dextram
364 2971 445 3055 ipsos
468 2973 503 3034 ad
527 2993 641 3036 martum
665 2973 855 3037 transtulerit.

102 3499 106 3513 ’
209 3476 284 3544 Cum
302 3491 331 3544 tu
347 3482 421 3562 ista,
445 3482 614 3561 carissime,
640 3505 811 3569 percurres,
836 3508 894 3551 non
913 3486 1011 3550 dubito
1030 3485 1098 3569 quin
1118 3484 1205 3548 hosce
1223 3503 1273 3547 vn·
1288 3493 1425 3561 cipxnt.

120 3584 262 3648 nissimas
282 3583 405 3670 ineptias
427 3605 604 3670 magnopere
628 3589 771 3652 derideas.
818 3585 877 3652 Sed
897 3589 1064 3674 deplorandi
1089 3585 1274 3650 nihilominus

152 3805 196 3858 23.
214 3805 240 3858 dr
258 3807 294 3874 τῷ
311 3804 425 3873 σχήματι
441 3811 567 3860 monadum
583 3812 629 3860 Vct.
643 3812 681 3864 tn·
713 3825 778 3861 mum
796 3827 824 3863 es
841 3815 893 3862 cod.
910 3814 983 3862 Vetto.
1001 3825 1029 3860 eo
1046 3811 1140 3860 addidit
1155 3811 1273 3860 Petreius.

116 3880 240 3938 terpretesn
258 3879 351 3948 coniecit
368 3877 458 3925 Bittius.
747 3881 788 3931 29.
805 3877 845 3934 διὸ
864 3879 896 3947 δὴ
915 3880 959 3932 καὶ
975 3881 1211 3939 Pseudo-oupertus.

152 3939 195 3991 tl.
213 3943 315 3994 κεῖσῧαι
336 3947 428 4004 reposci
449 3958 478 3992 rx
497 3947 544 3994 Vct.
558 3947 681 4007 interprete
748 3946 788 3997 30.
807 3951 842 4000 lto
863 3953 908 3999 t'et.
923 3951 1036 4010 interpres
1052 3952 1072 3997 et
1087 3947 1274 4008 Pseudo-Oripc-

117 4017 139 4062 st
153 4011 380 4074 Pseudo-Ortpens.
410 4013 476 4060 Lttrt
492 4013 576 4062 neunt
591 4019 681 4065 κεῖται.
714 4031 754 4066 nes
764 4016 802 4082 (tn
814 4033 859 4079 quo
875 4022 895 4066 et
910 4021 999 4084 φυγεῖν
1009 4029 1053 4078 pro
1068 4009 1191 4080 φεύγειν).
1218 4015 1273 4062 tut-

152 4077 194 4128 ¹25.
207 4079 258 4131 τῶν
272 4075 403 4141 τριάκοντα
416 4083 498 4142 scripsi
511 4096 563 4130 oum
578 4084 681 4131 Pseudo·
713 4100 743 4147 pu
763 4079 848 4138 edroi.

118 4149 220 4208 Or'ipene
234 4151 254 4196 et
263 4149 317 4225 “Vct
331 4148 460 4210 tnterprate.
486 4151 558 4211 Vutpo
572 4153 634 4199 enim
647 4152 679 4199 ts·
745 4153 786 4204 st.
806 4157 840 4204 lto
853 4155 921 4204 codd.
934 4155 987 4203 Van.
1007 4155 1078 4201 Velie.
1094 4151 1189 4212 ttnrdtp.
1204 4155 1224 4200 et
1236 4149 1272 4199 ed.

114 4235 181 4296 setin
197 4230 248 4282 τῶν
267 4233 287 4283 t.
712 4242 792 4290 Polou.
829 4243 902 4289 Antea
918 4242 1030 4300 seriptum
1047 4242 1097 4288 erut
1115 4223 1153 4288 εἶ.

150 4297 193 4348 ¹26.
211 4299 397 4364 nannetensium
414 4304 651 4366 Pseudo-Oripenes.
745 4323 786 4373 32·
803 4317 895 4381 αὐτοὺς
915 4327 1007 4384 „pom-
1029 4338 1058 4374 g,
1082 4325 1128 4372 pp·
1144 4325 1273 4384 pumma·

150 4363 193 4418 27.
211 4362 292 4432 tiaris
308 4370 358 4418 θοὰ·
372 4371 468 4452 ussup.
484 4376 504 4420 a
519 4373 572 4420 stt·
585 4375 661 4434 princ.
711 4393 839 4453 npspnmn
855 4394 909 4442 trun
924 4397 945 4440 n
958 4393 1173 4456 cremonenses
1189 4394 1272 4442 uanam

148 4449 193 4503 28.
212 4453 288 4502 Verbo
303 4448 340 4504 Τὰ
359 4449 407 4518 γὰρ
425 4455 438 4505 t
455 4481 488 4492 -
501 4481 533 4492 -
547 4483 580 4494 -
597 4457 641 4508 τοῦ
660 4460 679 4522 pi
712 4453 796 4511 edred.

116 4517 241 4588 στοιχείου
255 4521 417 4570 desiderentur
428 4525 452 4572 tn
462 4523 517 4572 edit.
525 4526 602 4584 princ.
624 4527 679 4574 Prt-
