3018 4994
383 360 517 415 rsunun
537 361 599 413 ιιι.
613 362 634 413 ι.
650 361 730 414 rou.
745 363 777 414 u.
794 361 894 413 naun.
910 363 1024 416 xxxn.
1216 349 1277 412 395

128 487 304 572 damnarem
321 483 483 549 sceleratos
500 481 632 547 homines
650 493 680 548 et
697 483 818 568 impios,
849 481 1061 562 basilidianos,
1092 483 1225 568 inquam,
1249 493 1278 546 et

129 585 398 674 Carpocratiauos,
423 608 457 651 ac
472 584 623 650 Valentini
640 583 857 672 Epiphanisquc
873 585 1048 671 discipulos,
1071 585 1107 649 ad
1121 606 1206 670 quem
1223 581 1278 650 Se·

128 693 241 756 condus
256 691 335 776 prius
353 711 371 754 a
386 689 469 752 uobis
484 699 727 752 commemoratus
744 687 920 772 adiungitur.
963 685 1080 750 Etenim
1098 687 1137 752 illi
1152 709 1170 752 a
1185 708 1217 752 se
1234 687 1278 752 iu·

126 795 223 859 ricem
243 792 410 878 propagati,
435 791 499 855 sire
515 792 571 854 istc
587 791 688 870 alteri,
712 791 776 854 sive
793 790 868 854 alter
883 789 932 853 isti
948 789 1027 854 velut
1043 791 1133 854 mulas
1150 811 1276 868 merces,

126 898 170 961 ita
189 896 354 982 pestiferam
371 894 531 958 doctrinam
551 893 841 956 communicaverint.
874 891 919 955 Aa
934 892 1003 955 licet
1016 891 1110 977 aliqua
1124 891 1154 956 in
1171 915 1202 956 re
1219 893 1277 956 dis·

125 999 261 1078 sideant,
291 998 321 1060 in
339 996 439 1059 eadem
459 1005 554 1058 tameo
573 995 696 1059 haesere
714 1006 813 1074 secta,
841 1005 873 1059 ut
888 995 935 1058 vel
950 1015 1072 1078 peccare
1088 994 1143 1057 sibi
1161 1006 1278 1081 propter

126 1102 208 1167 vitae
227 1099 433 1187 perfectionem
453 1098 542 1162 licere
558 1097 707 1161 dicerent:
738 1119 778 1162 en
795 1117 849 1181 qua
867 1097 961 1174 litut,
992 1097 1176 1180 quantumvis
1192 1097 1277 1161 modo

126 1203 316 1290 deliquerint,
339 1213 435 1265 tumen
451 1201 527 1285 quod
546 1201 718 1264 naturaliter
733 1200 769 1263 ad
786 1199 1017 1284 consequendam
1035 1199 1155 1263 salutem
1174 1198 1277 1264 delecti

127 1307 206 1386 sint,
229 1307 316 1369 insita
335 1304 455 1388 quadam
473 1304 553 1388 ipsos
570 1313 704 1388 oporteat
721 1302 896 1366 necessitate
912 1302 1038 1366 servari.
1082 1300 1188 1388 Neque
1206 1325 1277 1370 roro

126 1409 213 1498 primi
229 1409 392 1493 dogmatum
409 1404 559 1468 architecti
575 1405 732 1469 eorundem
748 1403 1005 1492 perpetrandorum
1019 1405 1091 1491 ipsis
1105 1416 1277 1491 potestatem

125 1512 249 1578 faciunt.
296 1505 355 1573 Sed
375 1518 406 1570 ut
422 1508 456 1571 ab
475 1508 540 1572 illos
561 1519 712 1586 revertar,
736 1509 803 1572 dum
821 1528 853 1571 se
870 1507 904 1571 ad
926 1508 951 1570 id
971 1509 1045 1592 quod
1064 1508 1214 1572 sublimius
1234 1519 1277 1572 at-

125 1607 231 1702 que'iu
248 1611 413 1698 cognitione
430 1611 476 1674 illa
489 1632 542 1674 sua
556 1610 752 1696 praestantius
768 1622 831 1690 est,
855 1611 951 1674 acrius
966 1610 1195 1690 contenderunt,
1220 1609 1279 1697 pri·

125 1740 204 1784 mam
222 1715 358 1779 videlicet
376 1713 554 1793 Tetradem,
578 1712 617 1776 ita
635 1714 798 1799 disputant:
822 1718 899 1776 Ante
914 1719 1005 1774 omnia
1019 1718 1140 1794 primam
1157 1726 1208 1788 est,
1234 1715 1277 1777 in·

125 1821 247 1908 quiunt,
278 1821 448 1898 Prrircr'pritm
466 1821 620 1897 quoddam,
649 1821 825 1898 pninumpae
844 1819 1057 1896 intelligentiam
1075 1839 1179 1880 omnem
1196 1839 1278 1898 eape-

125 1945 213 1997 mm,
238 1925 313 2003 qaod
327 1907 377 1982 rice
392 1923 534 2000 conplicari
546 1922 637 1982 uerbis
650 1941 702 1982 nec
714 1922 900 2000 appellatione
912 1923 1057 1980 declarari
1064 1931 1172 2000 potest,
1197 1941 1277 2002 qaam

126 2050 182 2109 ego
202 2029 339 2088 llnr'tatem
354 2043 480 2084 numero.
528 2027 595 2084 Crem
611 2025 665 2084 bac
683 2027 779 2084 Vahtns
793 2025 927 2104 quaedam
942 2027 1050 2096 estitit,
1075 2044 1156 2103 qaam
1171 2034 1199 2083 et
1212 2027 1279 2085 Sin·

123 2133 311 2212 galm'tatem
332 2147 410 2188 voco.
456 2127 564 2186 Ambae
582 2147 670 2206 porro
692 2147 754 2186 eam
774 2147 857 2186 antem
875 2136 959 2206 atque
975 2129 1045 2186 sidem
1062 2129 1137 2200 saint,
1168 2128 1279 2188 Proieci·

121 2238 204 2315 priam
221 2233 356 2312 quoddam
371 2233 490 2292 omarum
505 2251 617 2302 rerum,
642 2232 717 2310 qaod
728 2230 915 2308 ahtellr'gentra
927 2232 989 2290 solu
1000 2233 1167 2311 percepitur,
1191 2249 1280 2308 neque

122 2337 253 2416 genitam
270 2344 313 2394 eet
330 2343 381 2393 aut
395 2333 578 2411 aspectabile,
603 2335 676 2394 citra
687 2335 899 2412 productionem
916 2334 1002 2392 allam
1020 2335 1182 2406 edr'derant,·
1206 2333 1281 2412 quod

126 2441 301 2518 hermiam
323 2439 352 2497 in
373 2438 465 2496 sacris
484 2437 574 2496 literas
595 2437 692 2496 llar'tas
711 2439 826 2496 da'eitur.
874 2438 941 2495 Cum
959 2437 1013 2496 bac
1032 2437 1142 2496 Um'tate
1159 2437 1278 2495 eiusdem

126 2543 302 2604 mtsmnutn
322 2540 380 2599 aba
400 2540 497 2598 Virtus
519 2540 631 2608 erhilt,
665 2557 746 2618 param
768 2541 903 2617 elapsam
928 2539 1016 2598 Unam
1037 2538 1155 2616 appello.
1203 2539 1279 2615 Quae

126 2648 238 2728 paridem
258 2645 399 2714 liliatas,
436 2643 534 2701 Unr'tas
555 2641 683 2720 linquam,
716 2650 745 2699 et
762 2643 972 2718 Srhgulam’tas,
1006 2643 1107 2700 blattas
1127 2649 1156 2700 et
1177 2643 1275 2711 Unam,

126 2751 254 2828 reb’qaae
275 2749 402 2804 Aeonum
425 2746 550 2822 origenes
566 2752 776 2822 propagammt.

213 2843 328 2910 Verum
344 2865 428 2928 quum
444 2843 517 2906 baec
533 2863 551 2906 a
565 2843 688 2908 veritate
704 2841 881 2906 abhorreant
897 2843 1009 2922 omnia,
1035 2841 1144 2926 egregii
1163 2842 1277 2927 quidam
1295 2861 1355 2932 cip.
1370 2861 1414 2912 vr.

127 2951 289 3038 scriptores
304 2947 390 3011 editis
405 2945 545 3009 adversus
560 2965 612 3008 eos
627 2945 843 3008 commentariis
859 2945 1107 3023 demonstrarunt,
1127 2945 1279 3031 praecipue

100 3060 102 3064 ’
128 3074 201 3118 vero
216 3048 356 3116 Clemens
369 3047 604 3128 Alexandrinus,
628 3069 713 3131 quem
728 3046 938 3110 Atheniensem
954 3047 1002 3110 alii
1020 3046 1139 3126 luriunt,
1163 3068 1198 3110 ac
1212 3069 1280 3111 san-

128 3169 192 3220 ctus
209 3151 363 3230 irenaeus,
388 3150 436 3234 qui
451 3160 601 3236 postquam
617 3149 683 3212 illos
699 3148 817 3225 derisit,
842 3149 982 3234 tragicam
998 3149 1075 3213 illam
1092 3151 1280 3214 exclamatio·

127 3280 193 3323 nem
218 3254 353 3320 subiicit:
385 3251 468 3315 Heu!
494 3252 566 3314 heu!
599 3249 696 3315 Proh!
721 3251 809 3336 prohl
855 3249 965 3314 Merito
988 3251 1128 3336 siquidem
1151 3253 1220 3317 illud
1244 3254 1279 3317 de

128 3381 217 3426 scena
235 3357 433 3443 depromptum
449 3353 484 3416 all
501 3373 563 3417 eam
581 3352 732 3418 transferri
747 3353 939 3417 calamitatem
955 3365 1051 3440 potest
1065 3377 1148 3440 quam
1164 3365 1280 3440 porten-

127 3463 200 3527 tosis
222 3457 345 3524 vocibus
368 3477 402 3520 ac
425 3467 483 3519 tam
504 3455 644 3518 effrenata
663 3456 782 3519 audacia
800 3477 942 3541 nugarum
960 3457 1001 3521 illi
1022 3457 1180 3542 scriptores
1197 3461 1279 3521 iure·

129 3567 218 3642 hunt,
243 3562 291 3646 qui
307 3557 464 3623 mendaciis
481 3557 542 3621 suis
560 3557 624 3620 licta
640 3559 778 3642 quaedam
797 3559 912 3622 nomina
928 3559 1110 3645 impudenter
1127 3561 1277 3644 affingunt.

126 3665 207 3731 Nam
223 3687 289 3729 cum
308 3663 347 3727 ita
364 3660 482 3724 scribit:
513 3665 590 3722 Ante
606 3666 697 3723 omnia
711 3667 832 3744 prrinam
851 3667 986 3744 quoddam
1003 3675 1046 3724 est
1060 3667 1230 3744 Prr'ner'pritm
1245 3685 1280 3726 ac

129 3773 269 3842 Prrinam,
302 3768 516 3848 tirtellr’gentritm
531 3783 635 3826 omaem
651 3785 802 3845 superans,
835 3769 910 3847 quod
926 3788 978 3846 ego
994 3769 1141 3828 Monadem
1156 3769 1276 3848 appello,

130 3893 164 3935 ac
179 3889 313 3934 rursumc
339 3873 407 3930 Cam
424 3870 479 3928 buo
494 3869 615 3929 Mareade
630 3871 726 3929 Virtam
741 3873 849 3942 exstit,
874 3890 954 3950 quam
971 3881 1002 3929 et
1013 3874 1100 3949 ipsam
1115 3873 1279 3950 Srhgalart'·

128 4061 178 4112 cod
190 4061 335 4110 Vaticanum
351 4060 397 4109 tet.
408 4058 531 4119 luterprete
539 4057 642 4120 pmmum
652 4069 688 4106 re·
721 4056 796 4116 Pheo.
807 4055 886 4123 phau!
903 4055 1035 4123 ‘tragicum
1043 4071 1102 4106 rere
1110 4055 1193 4108 dicere
1204 4073 1279 4125 opor·

127 4129 202 4179 diluit
217 4127 336 4178 Paruulus.
722 4135 761 4174 tet
776 4139 850 4191 super
866 4123 931 4175 hano
945 4125 1072 4174 nominum
1086 4123 1235 4186 factionem,
1253 4135 1279 4177 et

164 4194 223 4244 Gar.
233 4194 277 4242 Vl.
291 4219 324 4232 -
340 4193 362 4244 l.
374 4190 422 4258 τήν
432 4196 524 4254 repom
536 4207 565 4243 ea
578 4195 628 4244 cod.
641 4196 686 4245 Va·
720 4202 815 4244 tontorn
835 4193 978 4253 andaciam,
1002 4191 1208 4261 quemadmodum
1224 4193 1278 4245 sine

128 4268 215 4316 ticono.
252 4263 325 4323 l'ulqo
342 4265 405 4310 estut
421 4257 473 4312 aul.
720 4261 812 4311 rubore
824 4259 953 4311 mendacio
968 4277 1012 4312 suo
1024 4261 1123 4312 nomina
1135 4259 1226 4329 posuit.
1249 4263 1278 4314 ln

162 4333 187 4382 ’2.
204 4331 310 4382 octenae
331 4334 381 4378 erat
401 4320 521 4386 coculo‘c'
541 4332 612 4394 uutpo
634 4335 687 4380 onte
721 4347 752 4380 eo
770 4328 835 4379 enim
853 4328 920 4397 quod
937 4329 999 4379 dicit
1015 4335 1065 4380 cett.

128 4399 171 4454 inl
186 4401 272 4461 ebria,
296 4401 431 4448 mantuan
449 4399 519 4460 plone
543 4399 688 4460 perturbem.
754 4393 778 4449 l.
796 4401 880 4448 tlttttus
895 4413 948 4448 cum
964 4401 1011 4448 tet.
1025 4400 1123 4464 lntnpr.
1139 4401 1228 4451 trenael
1242 4413 1279 4450 re·

130 4472 266 4520 tcmecerot
279 4466 383 4516 uldutcet
397 4479 425 4516 ea
438 4479 575 4528 praemorso
586 4468 687 4516 uocabu-
718 4469 785 4529 pontt
800 4461 942 4529 blandraco„

130 4539 152 4587 tc
168 4533 258 4588 ἔχει».
754 4535 778 4585 5.
794 4537 878 4584 ustum
888 4549 940 4584 curn
954 4537 1001 4586 l'et.
1011 4537 1100 4588 irenaei
1110 4538 1232 4600 Ιιιιιηιιιιι
1241 4549 1278 4588 rt·

162 4601 187 4656 3.
207 4605 275 4654 tetur
291 4603 380 4654 benoet
395 4604 522 4665 latopres:
544 4601 584 4664 lo,
603 4599 643 4652 iul
661 4610 687 4652 et
718 4605 785 4666 pontt
801 4597 934 4668 ibericum.
