2984 4996
328 323 462 378 canaan
479 321 542 378 tna.
556 325 576 378 ι.
593 325 674 379 uon.
688 325 733 378 ιιι.
751 323 850 379 nana.
864 327 947 382 xuu.
1149 319 1210 383 667

49 451 175 507 morena·
185 467 241 508 non
257 458 425 527 morgunt,
449 467 537 528 acque
553 449 683 509 Cbrt’rtur
696 453 865 510 rerurrcm't.
910 451 952 510 Et
963 456 993 511 ιι·
1007 453 1136 512 Cdrbtrtr
1155 473 1209 512 uon

47 553 240 622 murrone,
272 553 364 610 incon
389 561 431 610 cot
448 553 624 630 pmednoco
646 561 753 611 nostro.
807 549 885 614 Tum
910 561 976 635 post
1000 550 1070 614 baec
1094 552 1207 615 onnia:

49 655 184 730 Oportet
204 655 275 712 enin
293 653 410 712 mortale
431 655 483 712 doe
502 657 618 714 oieduerc
633 655 883 728 inmortalitatem,
914 664 944 714 et
957 656 1139 734 corruptibile
1159 659 1211 716 dcc

46 756 181 813 diduco-c
196 757 439 832 ebenrupntanon.
484 751 551 818 Nec
566 753 605 816 ita
621 753 709 818 dixit:
732 751 860 820 Mortale
876 755 930 818 boe
943 775 1048 840 capere
1062 756 1210 820 innecta-

46 854 190 934 litatem,
222 865 272 917 aut
288 854 475 940 corruptibile
491 855 545 918 boe
561 875 665 940 capere
681 856 944 940 incorruptionem,
973 858 1025 921 ced
1042 859 1165 921 mortula
1181 870 1211 923 et

46 956 251 1040 corruptibile
276 957 395 1020 induere
419 958 666 1042 incorruptionem
690 969 721 1021 ει
747 957 1004 1022 inmortalitatem.
1054 956 1139 1042 Quod
1165 971 1211 1024 εει

47 1069 160 1120 autem
186 1059 308 1122 mortale
332 1058 401 1122 illud
426 1059 482 1122 nisi
506 1079 630 1144 corpus,
663 1062 737 1144 quod
761 1060 1005 1124 immortalitatem
1030 1063 1210 1126 non-induat

47 1159 169 1236 modo,
192 1161 288 1224 sedin
307 1181 341 1224 ea
357 1159 443 1224 etiam
460 1160 586 1240 habitet,
610 1164 685 1246 quod
701 1162 956 1241 inmortalitatem,
981 1163 1108 1248 inquam,
1131 1163 1207 1226 illan

47 1261 96 1323 sic
121 1261 246 1340 induat,
278 1274 309 1326 ιιι
331 1285 388 1326 non
407 1263 517 1326 reiecto
535 1283 658 1348 corpore
681 1264 775 1327 anima
799 1262 860 1328 nolu
878 1285 952 1349 quae
971 1266 1072 1328 mortis
1090 1275 1136 1328 εει
1154 1287 1208 1328 ex-

48 1383 146 1448 pers,
180 1363 424 1428 innormitatem
444 1366 558 1446 induat,
588 1365 640 1428 aed
662 1377 694 1430 ut
712 1366 832 1451 idipsum
854 1368 929 1452 quod
948 1367 1070 1430 mortale
1092 1377 1137 1430 εει
1155 1365 1208 1429 in-

50 1463 287 1544 mortalitatem,
311 1479 340 1530 ει
356 1467 541 1552 corruptibile
559 1465 804 1553 incorruptionem
820 1468 937 1547 induat,
971 1468 1025 1532 boc
1040 1481 1087 1532 εει
1103 1491 1208 1554 corpus

48 1567 173 1652 ipsum,
197 1567 279 1632 cuius
293 1568 407 1653 propria
423 1590 502 1633 mora
518 1581 563 1632 εει
579 1590 613 1634 ae
630 1570 803 1655 temporaria
815 1570 863 1634 illa
879 1571 1026 1656 corruptio
1042 1570 1208 1636 dissolutio·

51 1689 111 1752 qne
137 1669 177 1732 ob
197 1670 301 1734 Adoni
318 1672 527 1734 contumaciam
549 1692 584 1736 ue
600 1672 696 1736 scelus
713 1672 841 1735 indicta?
883 1668 942 1734 lum
961 1694 1033 1762 nero
1052 1674 1088 1736 dc
1105 1673 1207 1737 latoria

52 1772 127 1834 olim
148 1771 314 1852 beneficiis,
344 1773 461 1857 quaein
478 1793 583 1859 eorpus
600 1774 856 1852 derivandasunt,
887 1775 1048 1859 apostolum
1066 1773 1144 1858 loqui
1168 1795 1207 1838 ex

53 1892 91 1936 eo
108 1884 194 1958 patet
214 1874 289 1958 qnod
304 1875 518 1959 pollicitationis
536 1875 657 1940 lormula
678 1876 706 1938 id
730 1877 804 1960 quod
826 1875 920 1940 cidon
935 1878 1106 1961 contingere
1121 1876 1208 1940 debet

53 1975 255 2062 expresserit.
304 1981 396 2052 lianc,
429 1977 537 2062 inquit,
559 1981 619 2058 fiet
634 1999 740 2051 ammo,
772 1983 959 2060 qua'acriptue
973 1992 1032 2041 ert:
1062 1981 1206 2060 Abrcrptc

53 2091 100 2140 εει
119 2101 199 2140 mora
217 2083 246 2141 in
265 2085 392 2142 cretone.
439 2077 552 2162 Quibus
570 2079 667 2144 verbio
688 2081 813 2143 futuram
830 2091 897 2144 tune
913 2093 1091 2145 mortuorum
1109 2101 1207 2145 resur-

56 2181 223 2244 rectionem
243 2181 398 2265 signifieat.
446 2179 685 2268 Quandoquidem
708 2203 748 2246 cx
767 2181 861 2266 aliqua
880 2194 963 2268 parte
983 2183 1013 2246 in
1032 2179 1141 2248 Christi
1160 2205 1207 2248 re·

55 2283 264 2362 surrectione,
288 2303 445 2367 eorumque
465 2285 511 2368 qni
529 2305 594 2346 com
614 2280 732 2347 Christo
749 2295 818 2348 eunt
834 2285 869 2348 ad
888 2285 975 2350 vitan
995 2285 1132 2365 excitati,
1155 2287 1206 2348 ab-

56 2397 159 2470 sorpta
178 2407 257 2448 moro
276 2397 331 2449 εει.
376 2389 469 2448 dlulte
486 2391 557 2448 corin
575 2399 735 2450 rouemrun
752 2409 871 2469 corpore
887 2401 1090 2463 concernunt,
1125 2397 1156 2453 ιιι
1173 2391 1202 2451 in
1216 2401 1300 2498 propp

57 2488 218 2570 cvangelio
233 2489 375 2573 proditum
395 2499 457 2567 eat,
480 2501 509 2550 ει
522 2509 584 2551 meaa
597 2511 630 2552 ec
643 2494 772 2569 ingressu
786 2502 854 2552 ruet
867 2496 897 2552 io
910 2503 1034 2552 sonetum
1053 2495 1200 2553 orbitatem.
1242 2487 1249 2510 '
1289 2485 1294 2496 '

59 2585 120 2652 Sed
143 2601 202 2654 tum
228 2589 400 2654 absorbetur
421 2592 449 2654 iu
474 2590 614 2670 victoria,
648 2611 711 2654 oum
733 2590 768 2654 ab
791 2591 924 2657 omuibus
947 2593 1064 2658 onuiuo
1086 2592 1205 2677 depulsa

58 2691 235 2780 corporibus
256 2693 416 2757 evanescit.

347 2881 395 2932 EX
418 2881 576 2934 urtsuoun
593 2881 623 2931 tt.
648 2881 693 2932 AD
719 2879 927 2934 CORINTHIOS.

147 2997 232 3064 liano
248 2997 361 3066 Marcio
380 3001 493 3064 tertiam
510 3000 612 3064 ordine
627 2999 796 3079 collocavit,
820 3001 906 3085 idque
922 3009 1096 3066 commutata
1113 2999 1203 3064 ecric.

61 3095 149 3182 Quae
171 3103 249 3166 enim
271 3104 306 3167 ad
329 3100 450 3168 Galatas
472 3102 581 3188 acriqta
604 3113 665 3180 est,
689 3122 752 3166 eam
775 3102 868 3188 prino
890 3103 954 3168 loco
976 3105 1085 3190 posuit.

147 3199 249 3268 Sobel.
269 3203 282 3267 l
299 3200 452 3268 ccxxv.
487 3208 627 3286 Quotquot
642 3210 712 3268 ειιιιιε
724 3211 922 3285 nuntiatores
943 3211 991 3269 dei
1003 3220 1071 3269 sunt
1089 3213 1118 3268 iu
1139 3209 1200 3282 illo,
1217 3224 1354 3280 ncoanct.

62 3308 132 3368 Este
156 3310 217 3368 ideo
238 3318 266 3368 ot
282 3329 335 3388 por
355 3312 444 3388 iprum
465 3313 555 3369 Λιιιειι
577 3311 631 3369 dei.

145 3405 246 3472 Relut.
265 3408 277 3472 l
296 3420 326 3472 ει
342 3405 448 3472 XXV.
482 3408 575 3494 Aperi
589 3409 689 3473 oculos
705 3420 735 3473 et
748 3409 881 3490 calvare,
902 3407 1033 3475 Marcio!
1080 3408 1204 3494 Quodsi

66 3509 162 3574 lacere
182 3510 258 3574 iatnd
277 3511 361 3576 nodo
379 3531 436 3574 uon
453 3522 553 3595 potes,
584 3533 619 3574 co
634 3512 709 3597 qaod
728 3512 854 3591 obieris,
885 3511 925 3576 illi
940 3513 1041 3578 aaltcm
1059 3515 1202 3599 aperient,

63 3633 135 3695 quor
152 3613 226 3676 tuin
243 3633 373 3678 errore·
391 3613 544 3699 impulisti,
568 3623 671 3698 toque,
695 3624 728 3678 ut
743 3625 916 3679 venenatum
931 3626 1095 3701 serpentem
1111 3627 1141 3680 et
1155 3639 1205 3702 ap-

63 3715 319 3800 propinquantibus
343 3717 462 3780 noxium
487 3715 626 3780 devitent.
671 3713 815 3796 Nomai,
849 3721 989 3800 Quotquot
1005 3725 1204 3799 pannonicam

62 3820 203 3890 dcc'auat,
227 3823 257 3879 ia
272 3821 339 3893 allo,
363 3823 473 3893 Eoum,
498 3818 705 3904 promissiones
720 3837 808 3903 porro
824 3819 869 3882 dei
886 3841 937 3884 eas
957 3822 1105 3906 apostolae
1119 3821 1203 3885 iutel-

63 3915 123 4000 ligit
142 3937 215 4002 quae
231 3919 296 4002 lege
311 3941 345 3984 ac
361 3920 508 4007 prophetia
526 3921 726 4002 eontinentur,
750 3918 882 4005 seqnitur
897 3923 984 3986 etiam
1001 3924 1068 3988 illud
1083 3925 1204 4008 implen-

64 4017 161 4086 dorum
178 4019 390 4106 prophetiarum
407 4023 551 4108 proprium
567 4025 597 4087 in
613 4019 732 4088 Christo
749 4023 946 4088 confirmatum
965 4025 1066 4088 luisse.
1104 4025 1202 4110 Quare

64 4141 115 4186 nce
138 4125 267 4186 aveteri
288 4125 352 4208 lege
375 4145 429 4188 nec
450 4124 632 4212 aprcplnetis
648 4125 760 4189 alienae
783 4121 994 4204 anciriana,
1028 4147 1082 4192 nec
1099 4149 1116 4190 a
1133 4129 1200 4206 deo,

64 4224 109 4307 qui
125 4235 156 4290 et
171 4223 201 4288 in
218 4225 283 4308 lege
302 4227 493 4315 innotuerat,
518 4240 547 4292 ει
563 4247 615 4292 sua
629 4227 659 4290 iu
674 4221 793 4294 Christo
809 4227 951 4314 promissa
967 4229 1099 4312 perlecit.
1143 4228 1202 4296 Sed

64 4411 247 4478 promissionem
272 4409 353 4476 dieat,
380 4414 474 4466 indicat
496 4431 541 4483 per
565 4415 615 4466 hoc
648 4412 691 4470 dcci
707 4418 756 4483 τῆς
772 4413 939 4486 decoquimur
954 4413 983 4470 τό
998 4418 1155 4486 πληροῦσθαι
1170 4437 1202 4488 με

64 4480 128 4546 qood
141 4479 202 4532 dicit
215 4485 265 4532 εειι
291 4483 443 4546 ιιιεηιιιιιειιε
454 4487 577 4534 mannum
589 4487 615 4534 tn
648 4484 764 4550 σημαίνει
781 4483 859 4552 λέγων
876 4491 925 4536 cett.

65 4553 157 4616 oreque
175 4551 378 4602 crematione
391 4557 437 4602 ort:
455 4547 613 4619 εὐεργεσιῶν,
680 4552 721 4605 dc.
739 4547 912 4618 Supremam
928 4551 976 4624 γὰρ
993 4551 1144 4624 ἐπαγγελίαι.
