3018 4994
348 255 485 308 Pthlllll
502 255 564 306 Llll.
579 255 598 306 l.
615 255 697 307 Tota.
711 253 754 306 lll.
771 253 870 305 naeu.
880 253 1003 305 XXXIV.
1095 316 1097 322 Ι
1188 243 1250 304 455

87 387 176 442 ctas.
221 373 327 460 Quare
352 376 518 464 priusquam
540 372 664 440 Graecis
688 373 737 437 illa
759 373 943 438 traderentur
966 393 1107 458 nusquam
1133 370 1252 438 Veritas

88 502 168 544 csse
185 481 289 565 potuit..
335 475 451 563 Corpus
468 478 544 541 enim
560 476 662 562 ipsius,
686 487 717 542 ut
734 475 789 552 ais,
809 473 925 552 lllaree,
950 471 1061 540 Cadmo
1077 486 1134 553 est,
1158 477 1252 561 iisqne

88 583 149 668 quai
167 583 245 647 illum
264 592 498 660 antecesserunt,
523 578 682 659 uccericius,
707 577 872 662 ceterisque
888 578 960 640 adeo
978 578 1026 661 qui
1044 578 1187 642 elementa
1207 599 1254 642 rc-

87 686 177 770 liqua
193 695 384 770 repererunt,
409 703 444 746 ac
460 693 487 745 te
501 681 586 746 etiam
600 682 676 766 ipso.
721 679 769 744 Tu
785 681 862 743 euim
877 681 957 743 solus
973 701 1049 757 euna,
1074 703 1159 765 quam
1175 683 1253 745 veri-

88 799 189 852 tatem
204 787 345 872 appellas,
371 785 470 848 nescio
486 785 561 869 qnod
577 784 605 848 iu
622 783 807 848 simulacrum
825 783 991 846 detraxisti.
1034 781 1164 868 Ecquem
1181 806 1253 848 reru

90 901 183 976 putas
205 900 282 954 tuam
306 887 382 952 illam
406 909 499 971 usquc
523 908 559 950 eo
581 888 731 972 loquacem
756 882 846 968 Sigen
871 905 957 968 posse
977 887 1142 965 sustinere,
1178 909 1252 972 quae

89 1015 166 1056 eum
187 991 317 1055 nominet
338 991 385 1074 qui
407 989 550 1053 nominari
574 999 716 1073 nequeat,
749 999 778 1050 et
795 985 1027 1072 inexplicabilem
1047 989 1192 1074 explicet,
1224 999 1254 1053 et

90 1095 148 1179 qni
176 1093 261 1157 nullis
284 1091 418 1176 uestigiis
442 1092 618 1177 deprehendi
644 1101 742 1176 potest
763 1090 939 1173 investiget?
983 1086 1059 1171 Quid
1083 1091 1158 1174 quod
1183 1111 1252 1176 ape·

89 1185 196 1260 ruisse
213 1196 283 1258 dicit
296 1215 329 1258 os
347 1195 446 1272 illum,
470 1215 554 1280 quem
572 1205 602 1258 tu
619 1194 713 1256 omnis
733 1203 763 1255 et
782 1184 913 1276 corporis
929 1204 1081 1276 expertem
1097 1203 1126 1256 ct
1143 1193 1251 1276 bgurae

89 1297 269 1385 praedicas,
302 1317 527 1380 sermonemque
547 1297 589 1360 sie
609 1308 743 1380 tanlquam
764 1294 953 1378 compositum
974 1295 1126 1380 quodpiam
1146 1296 1253 1360 animal

90 1401 245 1464 edidisse?
289 1396 384 1483 Quem
402 1399 488 1463 etiam
504 1420 670 1462 sermonem
690 1399 752 1462 eius
770 1418 786 1460 a
804 1417 861 1480 quo
877 1397 1034 1482 productus
1051 1409 1097 1460 est
1114 1396 1250 1478 similem,

90 1504 279 1588 effigiemque
299 1522 353 1565 nec
373 1501 557 1584 aspectabilis
577 1499 712 1564 l’arentis
731 1501 941 1564 eleusiniorum
960 1500 1097 1582 triginta,
1128 1501 1253 1586 syllaba-

90 1627 162 1670 rum
181 1615 305 1689 quatuor
322 1624 388 1667 esse
403 1602 511 1667 docuit.
548 1602 745 1686 Quamobrem
760 1601 964 1666 universorum
980 1599 1092 1665 Parcus
1109 1603 1168 1680 ille,
1186 1623 1252 1688 pce-

90 1709 167 1771 indc
191 1727 225 1769 ae
248 1727 364 1782 sermo,
395 1716 427 1768 ut
451 1707 578 1785 asseris,
611 1705 731 1768 triceuis
753 1704 906 1770 elementis
928 1725 963 1767 ae
984 1704 1104 1788 syllabis
1128 1716 1254 1788 quotuor

91 1810 255 1873 constabit.
302 1805 377 1890 Quis
399 1808 467 1872 illud
490 1829 563 1873 vero
583 1808 727 1892 patienter
744 1807 837 1883 lauat,
869 1807 898 1869 iu
920 1808 1027 1891 liguros
1049 1827 1083 1868 ac
1101 1828 1251 1887 numeros,

92 1913 171 1976 alias
188 1907 302 1986 XXX,
328 1911 400 1974 alias
419 1907 546 1989 XXlV,
571 1931 776 1992 rauranuuquam
795 1906 855 1987 Vl,
880 1910 1060 1972 conditorem
1079 1911 1205 1972 ouantium
1223 1921 1253 1974 et

92 2015 239 2078 artilioem
255 2013 519 2096 lubricaturcmque
536 2012 581 2074 dci
597 2033 762 2076 sermonem
779 2031 796 2073 a
814 2021 841 2074 te
858 2011 1006 2074 redactum
1025 2022 1111 2094 atque
1127 2014 1253 2076 corastri·

91 2129 196 2194 ctum,
228 2116 294 2179 dum
313 2115 388 2180 bunc
411 2115 440 2177 iu
458 2115 586 2200 syllabas
603 2111 665 2192 lV,
698 2114 816 2198 triginta
837 2135 910 2175 vcro
934 2112 1078 2177 elementa
1101 2115 1253 2180 coincidisl

93 2217 157 2301 Qui
182 2218 326 2281 domiuum
350 2217 495 2294 omnium,
528 2239 544 2280 a
567 2239 623 2300 quo
642 2217 785 2280 coelestes
808 2215 848 2279 illi
869 2215 955 2279 orbes
976 2217 1085 2280 lundati
1106 2227 1190 2297 strant,
1222 2219 1252 2282 in

93 2317 415 2386 DCCCLXXXVlll
439 2339 591 2383 numerum
614 2318 754 2397 includis,
788 2318 871 2402 quasi
892 2317 1016 2382 similem
1036 2318 1178 2404 alphabeti
1200 2341 1251 2384 na·

93 2434 192 2488 turam
215 2422 355 2485 obtineat.
402 2419 460 2504 Qui
483 2443 625 2485 summram
648 2417 823 2498 Parentem,
848 2441 865 2484 a
888 2441 945 2504 quo
968 2423 1252 2506 comprehenduntur

94 2524 213 2602 omnia,
243 2546 308 2588 eum
328 2545 345 2588 a
363 2523 479 2588 nemine
497 2523 559 2610 ipse
578 2523 857 2608 comprehendatur,
881 2523 911 2586 in
929 2522 1107 2601 Tetradem,
1132 2523 1250 2608 Ogdoa-

93 2628 175 2704 dem,
201 2625 349 2691 Decadem
365 2625 610 2710 Dodecadcmque
627 2626 791 2710 distinguis.
837 2624 954 2710 Quique
974 2625 1026 2688 bac
1044 2627 1251 2712 multiplicandi

92 2729 213 2793 licentia
232 2729 286 2792 hoc
300 2729 394 2814 ipsum
411 2731 486 2813 quod
504 2730 533 2792 iu
550 2727 639 2792 Patre
657 2750 710 2792 nec
727 2728 869 2813 explicari
885 2728 983 2791 verbis
1000 2749 1054 2790 nec
1070 2729 1166 2792 auimo
1181 2751 1251 2793 eon·

94 2832 152 2916 cipi
173 2851 259 2917 posse
279 2832 428 2916 praedicas
446 2832 579 2895 oratione
598 2831 748 2908 declaras,
773 2842 802 2892 et
818 2851 903 2914 quem
922 2830 1054 2914 corporis
1071 2841 1250 2916 naturaeque

96 2935 169 2998 lacis
193 2945 361 3019 expertem,
396 2934 460 2998 cius
482 2943 513 2996 et
535 2945 667 2997 naturam
690 2944 720 2996 et
737 2933 929 2996 substantiam
948 2931 1075 3018 pluribus
1099 2953 1137 2996 ex
1152 2934 1249 3012 lineis,

95 3057 219 3120 quarum
235 3035 308 3099 aliae
324 3055 363 3098 ex
379 3035 444 3098 aliis
456 3035 624 3120 gignantur,
649 3034 848 3118 coagmentari
863 3035 1009 3119 disputas,
1033 3036 1062 3098 iu
1076 3057 1133 3119 quo
1148 3057 1251 3120 supre-

95 3159 162 3202 mae
177 3138 294 3202 uirtutis
307 3138 382 3202 illius
399 3138 584 3202 falsissimum
602 3147 630 3200 tc
646 3135 806 3204 Daedalum
823 3157 857 3200 ac
872 3137 1029 3221 pessimum
1045 3137 1249 3204 fabricatorem

96 3259 165 3304 esse
183 3250 406 3304 commonebas.
453 3237 511 3322 Qui
527 3240 648 3304 eandem
665 3239 816 3317 uirtutem,
838 3261 923 3323 quam
938 3240 1115 3304 individuam
1132 3244 1249 3322 statuis,

97 3341 126 3402 in
148 3352 260 3420 mutos,
291 3343 410 3406 vocales
427 3363 461 3406 ac
477 3343 670 3407 semivocales
687 3363 776 3406 soum
792 3340 913 3420 dividis,
944 3343 1077 3427 quodque
1093 3355 1201 3407 martum
1220 3346 1250 3409 iu

97 3442 154 3508 illis
169 3453 226 3523 est,
250 3440 370 3508 Parenti
385 3445 512 3510 cranium
528 3446 647 3530 eiusque
664 3444 833 3528 cogitationi
851 3445 923 3508 lalso
940 3445 1070 3508 tribuens
1087 3458 1249 3510 extremam

98 3545 125 3606 in
144 3546 351 3628 blasphemiam
374 3559 459 3630 atque
479 3547 622 3630 insignem
640 3547 817 3630 impietatem
835 3558 998 3611 sectatores
1016 3559 1081 3612 tuos
1098 3549 1247 3632 impulisti.

100 3643 296 3728 Quamobrem
320 3649 382 3712 iure
406 3671 439 3712 ac
458 3649 562 3712 merito
585 3649 614 3712 in
638 3650 711 3713 banc
735 3660 810 3712 luam
831 3650 903 3711 adeo
922 3651 1080 3734 proiectam
1100 3654 1248 3716 audaciam

99 3747 212 3814 diuinus
235 3751 283 3814 ille
306 3773 418 3827 senex,
443 3773 478 3814 ac
500 3773 606 3836 praeco
627 3751 759 3816 veritatis
783 3751 827 3816 his
850 3754 987 3816 versibus
1008 3753 1142 3818 invectus
1164 3764 1226 3818 est:

272 3857 352 3914 Idola
364 3856 485 3934 fingens
506 3859 622 3929 Marce,
647 3867 834 3917 monstrorum
854 3859 971 3936 crtffeu,

272 3959 447 4038 Fruudc'spue
465 3979 557 4036 gnare
578 3963 719 4037 magicae,
745 3971 774 4018 et
793 3971 934 4020 astrorum
956 3963 1059 4032 acuens,

272 4061 391 4119 Errom's
413 4063 486 4120 uude
507 4063 609 4140 dogma
627 4061 792 4142 poetastrum
814 4065 913 4134 strur's,

271 4163 403 4222 Portenta
425 4183 525 4223 caecae
536 4165 613 4242 ficte
634 4167 698 4224 dum
721 4165 820 4224 turbae
841 4165 965 4237 exhibes,

102 4287 159 4346 aava
173 4291 253 4347 πάντα
269 4301 334 4358 cett,
352 4299 496 4348 ltassuelus:
513 4291 656 4367 ἆλφαβήτῳ
688 4311 749 4360 pres.
789 4301 851 4350 Num
873 4301 1001 4362 epspaana
1025 4301 1077 4351 liert
1100 4302 1183 4354 hubent
1204 4302 1248 4356 τοῦ

103 4353 174 4414 ciris
187 4361 314 4436 γεγονότα,
326 4361 421 4418 καὶτὸν
434 4362 572 4418 nclarccelt.
597 4369 657 4417 Stis·
690 4365 744 4419 υἱοῦ
764 4363 851 4435 ἐννοίᾳ.

102 4433 190 4480 matus:
207 4427 359 4499 άλφαβήτῳ,
377 4427 452 4485 αὐτὸν
466 4429 499 4486 rai
514 4432 594 4486 adura
606 4439 656 4484 cue
727 4433 766 4488 14.
784 4435 827 4488 aul
841 4450 887 4486 cm.
901 4437 952 4486 cod.
966 4437 1040 4489 Venel.

135 4497 172 4550 lb
188 4501 225 4550 lta
247 4501 409 4564 eorrlpcndum
427 4505 503 4553 suasit
520 4505 567 4554 let.
585 4505 657 4555 luter·
