3008 4996
360 335 495 390 rnusnu
513 335 575 389 ιιι
588 338 608 388 ι.
625 333 707 388 rou.
720 336 751 387 ιι.
768 325 868 387 nune.
876 336 966 388 xxx.
1173 323 1234 388 267

93 454 167 518 uitae
186 453 379 519 detestentur.
414 452 515 537 Quare
531 453 559 518 in
575 450 754 520 circuitibus
767 454 833 518 istis
848 475 932 518 suum
951 453 986 516 ud
1004 452 1167 518 institutum
1185 473 1235 517 ao-

92 555 308 620 commodarunt
330 556 447 633 omnia,
477 577 512 618 nc
536 555 572 620 de
588 553 680 619 Petro
697 555 818 641 piurima
843 556 992 618 merrdneia
1015 557 1233 619 conduxerunt.

92 654 261 722 Cuiusmodi
285 668 334 722 ιιι
355 658 434 722 inter
454 669 572 736 cetera,
606 657 734 741 quotidie
758 657 835 720 illum
858 656 1048 722 castimoniae
1069 677 1172 720 eaussu
1192 657 1235 720 la-

91 761 181 837 uisse,
205 759 281 844 quod
298 757 347 823 isti
366 761 464 824 lucere
480 770 710 824 consueverunt.
756 757 834 822 'l'um
850 755 887 821 ab
902 757 1037 821 nnimntis
1055 758 1188 822 omnibus
1204 767 1235 822 et

92 859 243 938 carnibus,
267 860 437 944 reliquoque
453 860 532 924 omni
548 862 624 945 quod
643 881 732 924 carue
748 870 864 924 constet
881 858 1074 939 abstinuisse,
1098 860 1234 944 quoniam

92 961 175 1026 abiis
191 973 248 1026 tam
267 959 362 1025 Chion
376 963 447 1026 clim
464 983 547 1046 quam
567 961 651 1026 hodic
664 960 818 1026 Chionitas
834 981 936 1025 omnes
948 960 1119 1024 abhorrent.
1144 958 1234 1026 Cum-

92 1085 143 1146 que
158 1064 285 1148 aliquem
305 1083 344 1126 ex
360 1063 416 1128 illis
430 1063 661 1148 interrogaveris
676 1085 729 1128 cur
745 1064 860 1126 undem
877 1061 913 1126 ab
930 1062 1064 1126 animatis
1083 1083 1149 1126 sese
1163 1081 1234 1127 cou-

92 1165 198 1242 tineat,
221 1165 296 1229 uliud
311 1164 381 1228 nibil
399 1175 517 1249 praeter
533 1164 588 1228 boc
606 1164 770 1251 imperitum
786 1175 816 1228 et
832 1164 973 1228 insulsum
988 1164 1133 1250 excipiet,
1157 1165 1233 1249 quod
1295 1246 1297 1256 Ι

89 1265 133 1330 illa
150 1287 169 1330 e
188 1286 342 1351 corporum
359 1267 439 1330 coitu
457 1265 669 1352 monebituque
684 1267 859 1352 gignantur,
883 1286 916 1329 so
936 1266 1045 1328 idcirco
1061 1287 1119 1328 nou
1137 1267 1231 1330 uesci.

89 1364 135 1434 Ex
154 1389 214 1454 quo
230 1367 299 1432 illud
318 1389 503 1452 eoumqueus
520 1379 582 1445 est,
607 1368 660 1432 bos
678 1369 757 1454 ipsos
776 1367 824 1452 qni
843 1387 883 1431 cx
900 1367 1002 1431 eodem
1020 1367 1075 1430 riri
1094 1365 1233 1432 inminue-

89 1489 141 1554 que
157 1469 314 1556 complexu
340 1469 401 1532 nub
424 1480 511 1546 suut,
534 1469 745 1533 abominandus
763 1489 847 1550 esse,
879 1468 906 1532 si
922 1489 993 1534 vera
1012 1479 1081 1534 suut
1097 1488 1171 1554 quae
1193 1489 1233 1534 cx

90 1593 138 1637 ora
161 1593 217 1637 suo
238 1571 326 1636 stulte
348 1589 383 1634 ac
404 1570 524 1634 ridicule
547 1581 732 1635 vomuerunt.

169 1670 310 1738 Ceterum
328 1672 473 1756 baptismo
486 1691 600 1756 quoque
623 1683 740 1758 praeter
757 1671 953 1754 quotidinnum
970 1671 1048 1736 illurn
1065 1670 1228 1752 initiantur,
1245 1661 1383 1745 'capnt

89 1785 171 1840 etex
190 1770 424 1838 Christianorum
440 1773 642 1859 ecclesiaeque
662 1771 822 1836 imitatione
844 1774 983 1858 mysteria
999 1775 1139 1857 quaedum
1161 1795 1233 1858 quo·

89 1876 184 1940 tannis
200 1875 366 1953 celebrent,
391 1872 541 1960 inquibus
564 1893 654 1960 panes
677 1895 817 1960 azymos,
848 1887 879 1938 et
899 1875 934 1938 ud
957 1875 1076 1938 alterum
1099 1876 1232 1961 mysterii

88 1989 197 2061 partem
216 1997 327 2040 meram
350 1996 453 2060 aquam
471 1975 620 2040 udbibent.
665 1974 764 2054 Duos,
788 1985 820 2038 ut
836 1976 893 2039 inm
911 1976 991 2055 dixi,
1015 1977 1105 2040 eden
1121 1977 1231 2042 cousti-

88 2088 164 2142 tutos
186 2087 342 2156 assumunt,
374 2075 524 2142 Christum
548 2086 579 2141 et
601 2076 758 2142 diabolum.
803 2073 936 2159 Quorum
958 2077 1000 2140 illi
1027 2077 1133 2156 loturi,
1165 2077 1231 2142 huic

87 2179 250 2265 proesentis
274 2179 365 2242 seculi
388 2189 523 2264 potestas.
542 2191 587 2242 est
613 2179 784 2256 commissa,
816 2179 903 2263 idque
922 2179 998 2242 adeo
1023 2179 1230 2264 omnipotentis
1256 2183 1260 2205 '

87 2281 162 2345 illius
183 2281 319 2344 mandato
341 2282 376 2345 ad
399 2281 539 2364 cuiusque
561 2281 784 2365 postulationem
809 2301 876 2343 esse
898 2282 1016 2344 iactum.
1062 2278 1110 2346 ot
1131 2279 1159 2344 id
1183 2278 1231 2345 ic·

86 2403 148 2446 snm
171 2403 213 2446 ex
233 2381 311 2446 virili
338 2383 451 2446 semine
477 2383 644 2464 productam
667 2384 805 2460 affirmat,
836 2393 867 2445 nt
887 2382 1032 2460 electum,
1063 2381 1161 2466 ireque
1183 2383 1230 2446 dei

84 2483 172 2548 lilium
190 2483 364 2568 appellatum
379 2483 414 2548 ab
432 2504 468 2547 eo
486 2481 652 2562 Christum,
675 2482 771 2568 quiin
795 2483 888 2568 ipsum
906 2484 1059 2548 columbae
1081 2485 1174 2568 ligure
1193 2485 1230 2549 de

86 2585 169 2650 eaelo
185 2585 322 2670 delapsus
344 2596 401 2650 est.
447 2583 567 2669 Negant
588 2605 660 2650 uero
677 2605 694 2648 a
712 2586 767 2649 deu
785 2585 864 2648 illum
888 2605 957 2650 esse
981 2597 1063 2672 patre
1085 2586 1228 2670 genitum,

86 2687 138 2750 sed
162 2698 298 2771 usquam
322 2707 410 2750 uuum
429 2706 468 2750 cx
484 2687 666 2771 archangelis
682 2697 829 2764 meatum,
862 2698 893 2750 et
909 2685 947 2752 iis
972 2697 1069 2751 tumen
1089 2685 1229 2750 maiorem

85 2789 134 2870 qui
150 2799 182 2852 et
194 2787 325 2872 angelis,
348 2798 379 2851 et
394 2787 540 2853 universis
558 2809 631 2872 qnae
647 2800 715 2852 sunt
727 2787 763 2852 uh
780 2789 977 2872 omnipotente
999 2789 1114 2851 condita
1137 2787 1229 2852 domi-

86 2899 189 2968 netur,
212 2900 244 2952 et
259 2889 289 2952 in
308 2889 383 2954 huuc
398 2889 497 2955 orbem
513 2892 608 2970 venit,
632 2901 717 2974 atque
735 2889 789 2953 boc
806 2890 881 2974 qucd
900 2899 947 2954 cst
961 2889 991 2952 in
1007 2889 1122 2954 illorum
1137 2909 1228 2954 evan·

6 3007 10 3040 ι
85 2991 164 3073 pelio
183 2991 327 3056 docuerit.
371 2995 451 3072 Ego,
474 2990 585 3074 iniquit,
614 2996 654 3053 ud
673 2993 836 3072 adaugendo
856 2993 1000 3072 compilato
1022 2996 1100 3066 oeni,
1124 3003 1155 3054 et
1172 2996 1232 3054 uiri

84 3095 250 3173 sacruficem
266 3097 423 3166 ιωιιηιὴ,
447 3094 495 3154 dei
509 3098 538 3154 iu
556 3115 605 3154 nes
621 3098 666 3156 uhu
683 3116 738 3155 non
754 3093 884 3154 cesrudr't.
931 3091 1081 3156 Eiusmodi
1100 3111 1172 3176 ergo
1193 3092 1228 3156 il·

84 3193 178 3257 lornm
195 3195 326 3258 instituta
344 3204 425 3258 sunt.
468 3191 628 3258 Praeterea
645 3193 854 3280 Apostolorum
872 3193 945 3258 alios
962 3195 1056 3259 Actus
1074 3192 1228 3258 circumie-

84 3305 166 3370 runt,
188 3295 338 3379 inquibus
356 3295 477 3380 plurimu
495 3305 564 3360 sunt
581 3295 737 3380 impietatis
750 3296 863 3360 illorum
878 3296 1014 3379 vestigia,
1037 3296 1159 3380 eiusque
1176 3317 1228 3380 po-

84 3395 226 3460 tissimum
243 3397 415 3460 conmutato
430 3395 495 3460 libri
506 3398 540 3460 ad
556 3398 775 3482 oppugnandam
785 3397 937 3460 ιιιιιιιιιι
947 3407 1110 3460 armantur.
1134 3393 1228 3482 Quip-

84 3515 121 3580 pc
138 3509 234 3562 certos
256 3499 314 3562 illio
337 3499 463 3582 gradus,
490 3499 520 3563 iu
546 3499 638 3584 iisque
660 3496 756 3562 lacobi
775 3497 960 3562 narrationes
976 3500 1114 3582 quasdam
1132 3497 1227 3584 expli·

83 3607 171 3678 nant,
192 3600 298 3684 quibus
319 3601 460 3664 adversus
482 3601 618 3686 templum
642 3611 671 3664 ιι
691 3601 849 3678 sucribeia,
880 3601 1034 3684 igniumque
1057 3599 1106 3685 qui
1130 3611 1175 3664 cst
1196 3601 1227 3664 iu
1363 3635 1373 3646 ·

83 3699 171 3763 stan
192 3702 359 3766 declamans
383 3699 540 3766 inducitur.
590 3703 742 3766 Accedunt
768 3712 798 3765 et
824 3702 879 3766 aliu
901 3702 1109 3787 quamplurima
1140 3702 1226 3785 longe

83 3800 289 3882 stolidissimn3
311 3813 344 3866 nt
357 3803 405 3866 uel
415 3800 537 3868 Paulum
553 3804 645 3889 ipsum
662 3803 719 3868 illic
735 3823 875 3866 accusare
888 3823 946 3866 nou
962 3803 1132 3867 erubuerint
1144 3823 1226 3866 meu·

82 3902 246 3968 demissi-is
264 3903 432 3988 cathamum
449 3905 650 3984 sermonibus,
673 3925 746 3988 quos
764 3904 902 3967 lnlsorum
920 3923 960 3966 ex
978 3904 1029 3968 illo
1046 3925 1137 3988 grege
1154 3925 1225 3988 upo-

82 4003 224 4069 stolorum
246 4025 333 4070 error
346 4015 434 4088 etque
454 4005 623 4090 improbitas
644 4004 834 4089 excogitavit.
879 4003 1030 4090 Siquidem
1045 4004 1224 4070 Tarsensem

83 4101 166 4168 illum
182 4106 348 4190 nominant,
369 4107 397 4170 id
414 4109 489 4192 quud
508 4107 570 4192 ipse
587 4127 645 4170 nou
661 4117 760 4191 negat,
783 4105 843 4170 imo
859 4107 951 4192 palan
969 4107 1131 4192 profitetur.
1162 4106 1224 4170 Ad-

114 4357 143 4410 s
164 4356 235 4414 stne
247 4355 435 4428 ἐπιτηδεύματι
451 4361 501 4412 σοι
522 4363 592 4414 ιιι.
671 4355 700 4414 οι
716 4365 776 4424 ιιι,
791 4363 983 4414 eremmon
997 4361 1225 4414 eorumeorurn·

66 4465 71 4476 =
116 4435 145 4492 ι
162 4444 253 4511 reuse
269 4447 321 4496 ωι
336 4447 408 4498 reue
668 4447 915 4498 marcesserunt
930 4442 971 4500 τι

115 4525 143 4577 5.
163 4528 348 4594 ὓιιιιιιιιιο.ιι
361 4531 419 4581 editt
432 4531 516 4581 hubent
529 4526 636 4584 ιιθιιιιι
