3018 4994
313 341 448 393 ananau
466 342 528 394 mu.
544 344 562 394 ν.
577 342 659 394 rou.
675 341 717 394 ru.
735 341 833 392 naeu.
845 340 968 390 xxxiv.
1152 327 1211 390 451

151 459 236 545 Quod
255 462 290 526 ad
310 459 406 526 iesum
426 463 569 546 pertinet,
601 463 691 540 hane,
715 461 772 541 ait,
796 460 1035 544 generationem,
1066 479 1139 543 quae
1160 479 1214 522 ex·
1232 465 1292 534 Gap.
1307 465 1354 516 tx.

64 563 165 648 plicari
187 565 286 626 verbis
309 565 424 648 nequit,
457 565 579 627 sortitus
602 573 658 626 ost.
703 561 820 628 Etenim
841 563 877 625 ab
896 561 1100 627 universorum
1118 558 1216 625 Matre

64 667 155 750 prima
175 667 225 730 itta
240 665 369 731 Tetrade
388 665 463 730 filiae
480 667 575 730 instar
591 667 717 730 seeunda
735 665 844 730 Tetras
862 675 967 728 exerta
985 674 1015 727 et
1032 660 1152 746 Ogdoas
1171 675 1217 728 est

64 771 158 848 saeta,
190 791 280 852 aqua
300 767 396 833 Danas
416 770 572 854 prooessit.
620 766 720 853 itaque
741 765 836 832 Deeas
856 777 886 830 et
904 765 1023 852 Ogdoas
1041 787 1216 852 progressae

63 882 144 934 seru.
195 869 272 934 Turn
294 869 393 936 Deeae
422 894 486 936 eum
509 869 651 955 Ogdoada
673 871 806 956 eepuiata
833 892 867 934 ae
894 869 991 932 deeies
1020 870 1098 932 idam
1121 868 1217 932 multi·

63 975 176 1058 plicans
196 969 423 1057 Oetegenariem
445 995 597 1037 numerum
618 973 726 1037 effecit.
773 972 867 1056 Quem
889 973 986 1036 decies
1004 971 1124 1056 iusuper
1145 971 1217 1034 mul·

63 1075 197 1160 tiptieaus
226 1077 261 1138 ad
285 1077 453 1160 octingenta
477 1075 624 1161 perduxit.
677 1073 717 1140 Ut
745 1074 839 1138 emuis
868 1075 916 1138 itte
937 1073 1087 1138 literarum
1117 1094 1218 1136 uume-

63 1200 114 1241 rus
138 1179 173 1240 ab
197 1174 338 1261 Ogdoade
361 1199 536 1263 progressus
558 1179 593 1242 ad
617 1175 764 1241 oetatem
788 1178 826 1242 sit
849 1181 885 1238 H
902 1187 930 1240 et
955 1179 990 1236 Π
1008 1187 1037 1240 et
1059 1179 1108 1253 dt,
1141 1197 1216 1260 quae

62 1291 134 1344 snut
150 1277 481 1345 Dccctxxxvttt.
528 1278 677 1363 Siquidem
698 1277 765 1344 lesu
786 1301 891 1344 nomeu
911 1279 947 1342 eb
967 1300 1031 1344 eum
1051 1299 1214 1357 numerum,

61 1405 149 1468 quern
179 1382 281 1446 literae
309 1384 452 1459 reddunt,
485 1379 802 1446 BCCCLXXXVHI
830 1381 965 1460 eentieit3
1004 1403 1038 1446 ae
1065 1381 1217 1467 perspieue

61 1485 165 1564 coede,
191 1497 222 1548 et
239 1495 355 1570 putant,
381 1485 445 1570 ipso
461 1484 639 1549 sublimioris
658 1482 726 1548 lesu
742 1486 962 1568 generationem
979 1487 1120 1548 eontinet.
1158 1480 1218 1547 Un-

61 1589 97 1652 de
117 1598 148 1650 et
165 1587 194 1648 iu
215 1585 397 1651 Graecorum
416 1587 581 1671 Aiphabeto
598 1585 745 1650 Monades
764 1598 848 1666 oete,
883 1587 1004 1651 {elidem
1020 1585 1218 1650 Dreadesat·
1328 1650 1331 1660 ,

61 1711 118 1774 qtae
145 1689 359 1752 Hecatontades
382 1690 506 1774 reperiri
527 1691 645 1767 dieunt,
679 1699 709 1753 ut
730 1686 1047 1754 DCCCLXXXVHI
1065 1710 1216 1752 numerum

60 1791 221 1876 praebeat,
247 1792 301 1855 hoe
316 1803 362 1856 est
376 1789 491 1870 iesum,
515 1813 554 1856 ex
571 1791 705 1856 omatibus
720 1792 849 1855 numeris
866 1803 1054 1872 contextum3
1078 1791 1115 1853 ob
1132 1791 1216 1874 idque

59 1916 131 1958 sese
149 1899 178 1956 A
195 1905 225 1958 et
242 1896 274 1956 Ω
288 1895 472 1973 nominasse,
497 1916 554 1978 quo
570 1895 647 1958 idam
663 1915 703 1958 ex
720 1895 853 1958 omnibns
868 1895 911 1958 sui
927 1894 1146 1979 productionem
1162 1914 1217 1956 ex·

59 1999 214 2082 primeret.
262 1994 346 2078 Quod
366 1997 421 2060 Ινοσ
438 2017 553 2060 rursum
572 1997 657 2060 rnode
677 2000 836 2082 perfeetum
852 2009 909 2061 est.
954 1994 1071 2060 Primus
1090 1993 1218 2078 Quater-

60 2101 165 2162 uarius
184 2120 235 2184 per
253 2099 366 2162 numeri
387 2099 624 2184 progressionem
644 2099 672 2161 iu
690 2121 758 2164 sese
777 2101 913 2162 redactus
932 2097 1092 2164 Denarium
1112 2099 1218 2184 produ·

58 2203 118 2266 xit.
165 2199 243 2264 Nam
268 2223 355 2264 nunm
379 2211 410 2263 et
431 2203 488 2264 due
512 2203 566 2264 tria
585 2211 615 2264 et
633 2213 757 2286 quatuor
775 2202 859 2266 simul
879 2203 1039 2286 composita
1057 2203 1157 2266 decem
1177 2203 1218 2266 da·

61 2304 163 2382 oiunt3
195 2305 271 2388 qued
296 2305 391 2388 ipsum
418 2325 485 2366 esse
509 2302 607 2368 lesum
633 2303 813 2368 existimant.
861 2301 920 2368 Sed
941 2315 971 2368 et
988 2301 1142 2382 Christus,
1173 2304 1218 2367 in·

59 2407 179 2491 quiunt,
198 2417 265 2469 eote
280 2405 425 2470 extiteris
441 2417 598 2470 contextus
612 2407 734 2491 primam
749 2403 918 2488 Ogdoadem
935 2407 1126 2482 demonstrat,
1144 2427 1218 2490 quae

59 2531 128 2572 eum
150 2509 249 2571 deeem
268 2509 423 2572 eonieueta
437 2505 535 2571 lesem
554 2508 676 2594 peperit.
722 2507 839 2572 Dicitur
855 2529 968 2593 qnoque
989 2504 1060 2582 atde
1079 2503 1219 2590 Χριστός,

59 2612 163 2688 aiunt,
189 2610 244 2672 hoe
261 2621 307 2674 est
324 2608 471 2674 Dedeeas.
515 2608 594 2674 Nam
610 2605 681 2683 Τίὀς
694 2611 795 2674 literas
812 2610 899 2674 habet
915 2621 1056 2694 quatuor,
1081 2608 1218 2676 Christus

59 2725 150 2791 oete,
185 2733 259 2796 quae
282 2713 402 2776 eedeete
426 2709 591 2776 Dodeeadis
616 2713 741 2776 effecere
766 2712 1004 2796 magnitudinem.
1051 2710 1111 2778 Sed
1135 2724 1219 2778 ante·

59 2837 150 2899 quam
169 2813 294 2877 neminis
314 2815 592 2899 huiusepisemnm,
624 2815 679 2880 hoo
699 2826 745 2879 est
766 2813 868 2893 lesus,
900 2814 965 2879 fittts
985 2826 1156 2900 appareret,
1187 2815 1218 2878 in

58 2938 176 2980 summa
195 2917 326 2980 hemines
342 2917 507 3000 ignorantia
522 2928 552 2978 et
567 2939 669 2980 errore
686 2917 794 2984 versati
810 2927 888 2980 serat.
933 2915 1129 3000 Posteaquam
1146 2937 1216 2980 vere

58 3041 117 3084 sex
139 3019 291 3084 literarum
311 3040 416 3081 nomeu
440 3025 487 3082 est
504 3021 697 3103 pateiaetum,
730 3022 804 3106 qued
822 3021 889 3084 ideo
908 3039 1024 3083 earrtem
1045 3019 1153 3097 iuduit,
1188 3029 1219 3082 ut

57 3143 115 3184 sex
137 3121 219 3205 ipsas
240 3131 269 3183 et
286 3117 398 3184 XXIV
415 3121 515 3186 literas
535 3123 785 3207 eomprehendam
804 3123 839 3186 ad
859 3143 963 3186 sensns
984 3121 1130 3186 hominum
1150 3142 1217 3186 sese

57 3224 247 3301 demitteret,
280 3233 338 3286 tum
356 3223 469 3288 demum
489 3245 525 3288 eo
543 3225 660 3308 eoguito
678 3225 714 3289 ab
731 3245 833 3288 errore
853 3223 1043 3302 destiterunt,
1071 3225 1154 3287 etad
1174 3223 1217 3286 vi-

56 3337 117 3388 tam
142 3337 330 3388 emerserunt
353 3345 369 3386 a
394 3335 504 3405 morte,
536 3349 600 3390 curn
623 3328 657 3390 ed
682 3328 814 3390 veritatis
839 3339 949 3412 patrem
973 3327 1101 3391 dueteris
1123 3327 1218 3390 instar

56 3429 132 3512 ipsis
154 3448 261 3490 nomen
279 3428 348 3492 ittut
368 3428 528 3494 extitisset.
574 3427 725 3492 Piaeuisse
744 3429 884 3514 siquidem
904 3430 1030 3494 omnium
1047 3426 1166 3494 Pareuti
1187 3439 1217 3492 nt

56 3529 259 3613 ignorantiam
277 3529 437 3594 discuteret
458 3543 639 3616 mortemque
663 3532 789 3596 tolieret.
834 3529 1022 3616 ignorantiae
1047 3553 1136 3616 perro
1157 3530 1216 3596 dis·

57 3633 163 3696 enssio
188 3631 279 3716 ipsius
304 3632 432 3715 eeguitie
458 3632 522 3696 init.
567 3631 754 3718 Proindeque
773 3634 903 3698 deleotes
921 3634 947 3696 is
966 3645 1012 3698 est
1030 3633 1133 3712 treme,
1167 3633 1216 3717 qui

56 3737 95 3798 de
114 3735 195 3798 iiiios
213 3733 363 3798 votuuun
379 3735 415 3798 ad
433 3735 571 3800 eoelestis
586 3733 713 3802 Virtutis
729 3738 881 3822 exemplar
897 3737 1039 3822 singulari
1056 3748 1102 3800 est
1117 3736 1216 3821 provi·

56 3839 162 3904 dentia
184 3835 370 3900 eonstitntus.

53 4043 140 4093 penem
155 4029 227 4076 verta
237 4018 546 4094 Ἐχει-ω--γένισιν,
579 4023 623 4080 ded
693 4027 732 4078 11.
752 4022 914 4081 συνεστώτων
930 4029 1163 4090 Prende-Origenes.

54 4113 102 4147 uon
120 4097 278 4157 reperiuntur.
694 4096 731 4146 tt.
749 4095 822 4148 retiae
839 4097 1068 4158 Prendo-Origenes
1082 4101 1103 4146 et
1118 4097 1164 4144 Vct.
1175 4097 1215 4146 dn·

82 4169 108 4215 a.
122 4159 541 4224 tateamo'mmeseam-erpere.
558 4159 623 4216 ἔντει-
657 4169 750 4225 tereres.
788 4167 858 4228 Vutpe
873 4163 926 4216 reti.

53 4251 87 4285 τα
105 4225 257 4287 δεικνύοντα
273 4231 400 4292 Eptptteutt
417 4231 470 4278 neu
484 4233 603 4292 praebent.
692 4231 731 4282 13.
748 4229 793 4285 aad
803 4231 926 4294 τέσσαρες
940 4234 1214 4295 Peteetnsprtmnmed-

88 4301 115 4352 9.
134 4296 181 4350 τᾶν
196 4291 298 4360 Ἰησοῦν
315 4300 530 4360 Paeneo-eunoun
541 4304 561 4347 et
577 4301 623 4349 Vet.
655 4301 716 4349 didit
732 4315 760 4350 ee
776 4303 827 4350 eod.
843 4303 916 4350 Vetto.

53 4373 184 4430 luterens
209 4367 338 4428 Eptptteutt
351 4369 404 4416 tttrrt
414 4367 499 4416 netem
510 4364 623 4419 eoerdeat
693 4364 730 4418 14.
746 4365 906 4438 trepuditare
929 4371 997 4418 redd.
1016 4371 1091 4420 Venet.
1115 4371 1212 4433 fldedtp.

53 4435 83 4490 ed
107 4439 143 4489 ῐῑ
154 4437 183 4498 ῆ.
659 4438 732 4498 runo
749 4435 933 4504 περιεβάλλετο.

91 4509 134 4556 ιθ.
153 4503 205 4556 τῶν
218 4503 269 4554 eod.
281 4503 336 4554 deu.
369 4505 447 4554 euin.
463 4504 623 4554 Paeneo-Ort·
691 4506 730 4552 ta.
747 4499 842 4570 ὁδηγοῦ
862 4508 951 4566 tepebat
969 4508 1015 4555 Vet.
1029 4509 1157 4568 luterens,
1174 4509 1215 4569 ont

52 4587 134 4637 ganea.
654 4575 722 4624 vertit
738 4571 857 4624 ducatere
873 4571 906 4622 ad
924 4574 1022 4624 Patrem
1039 4573 1158 4624 ueritatis.

938 4657 1009 4726 29*
