2984 4996
351 321 486 376 ranann
503 322 565 374 mu.
581 323 602 373 r.
618 321 700 376 rosa.
713 321 756 372 ιιι.
772 321 871 372 nanu.
886 320 967 371 xnrr.
1174 308 1234 372 655

85 441 237 504 ἀοιιὺιιιιιι.
281 439 398 507 Marcio
413 463 487 508 vero
504 463 556 527 pro
575 445 691 504 Donabo
708 436 856 506 Christum
875 436 1036 504 substituit.
1080 435 1140 503 Sed
1159 438 1234 502 idem

85 553 134 604 est
153 542 238 628 plane
260 539 396 608 Christus
416 566 451 610 ac
468 545 618 622 dominus,
644 543 698 607 etsi
715 539 859 606 Marcioni
879 541 964 604 aliter
980 540 1073 606 visum
1091 541 1146 620 sita
1170 562 1234 604 oum

84 639 200 708 Christi
213 646 368 732 appellatio
382 646 513 711 subiecta
528 647 566 710 sit
579 647 609 709 in
623 646 659 710 iis
674 645 790 710 verbisa
813 648 897 706 Petro
911 655 1002 705 uatem
1017 656 1082 706 erut
1093 647 1232 717 Chattos,

82 757 133 826 et,
156 749 221 810 Non
237 754 266 810 ia
278 753 421 832 plerasque
435 751 547 812 illorum
562 751 761 830 deceptum'tem
776 759 820 808 est
834 749 896 808 deo.
942 741 1015 809 Post
1031 744 1103 808 baec
1117 756 1234 830 aposto-

80 849 132 912 los
155 848 203 913 nbi
224 861 314 915 totum
339 851 406 914 illud
429 862 631 936 argumentum
650 849 810 936 percurrit,
841 847 973 912 subiicita
1003 852 1187 910 Haerentem
1205 853 1234 909 br

67 953 185 1032 figura
202 955 402 1034 ooonngetonr
415 957 489 1016 itta.-
512 959 618 1035 scrr’ptn
636 965 704 1016 sunt
719 964 811 1014 nutem
830 955 868 1012 ud
881 955 1081 1031 correpttbnem
1096 961 1230 1012 nostrum.

82 1049 163 1119 Cum
176 1056 265 1139 igitur
279 1076 352 1139 qnae
366 1055 423 1120 illis
438 1056 467 1120 in
481 1055 572 1141 figura
587 1054 804 1140 contingebant,
824 1054 859 1117 ad
876 1053 1089 1139 correptionem
1105 1063 1234 1116 nostram

79 1158 195 1243 scripta
209 1156 280 1235 sint,
304 1158 352 1241 qui
369 1179 423 1236 ea,
447 1179 520 1243 quae
538 1169 597 1222 tum
614 1158 798 1237 acciderunt,
823 1156 858 1219 ad
875 1153 1087 1240 correptionem
1105 1165 1234 1218 nostram

80 1259 285 1345 praescripsit,
308 1259 367 1324 illis
380 1260 454 1324 baud
473 1261 558 1325 dubie
575 1260 729 1325 consulere
747 1259 867 1338 studuit,
892 1278 964 1342 qnos
983 1256 1131 1340 corrigere
1148 1267 1233 1340 atque

81 1360 246 1425 admonere
270 1360 420 1448 cupiebat,
452 1384 489 1428 ne
513 1364 652 1427 malorum
675 1361 914 1447 concupiscentes
935 1379 1078 1424 essemus.
1124 1357 1233 1441 Quam-

80 1463 186 1526 obrem
204 1463 297 1527 bonos
310 1464 405 1545 idem,
429 1486 487 1530 uon
505 1466 596 1530 malus
614 1463 702 1528 luerit
718 1475 843 1548 oportet.
889 1460 1002 1545 Quibus
1017 1461 1094 1524 enim
1111 1461 1233 1524 affectus

80 1575 150 1644 est,
181 1565 283 1632 iisdem
306 1578 338 1631 nt
358 1567 481 1654 praediti
503 1587 570 1632 esse
593 1565 715 1632 velimus
737 1566 884 1644 bortatur,
917 1565 1010 1628 bonus
1030 1563 1078 1626 ille
1098 1563 1232 1626 nimirum

79 1668 159 1731 deus
175 1689 210 1731 ac
227 1669 338 1750 iustus,
362 1691 396 1733 ac
411 1679 469 1734 tam
486 1691 586 1734 eorum
602 1689 675 1754 quos
690 1678 759 1733 ante
774 1669 933 1754 scripserat
948 1666 1020 1730 dens
1034 1685 1119 1749 qnam
1136 1675 1233 1750 poste-

78 1769 208 1849 riorum,
221 1772 268 1856 qni
281 1771 408 1859 correpti
422 1783 500 1852 suut,
517 1771 661 1852 conditur,
680 1770 840 1836 eommunis
852 1769 977 1853 denique
990 1779 1092 1831 auctor
1105 1765 1232 1830 omnium

79 1893 120 1935 ac
138 1871 306 1956 legislator,
338 1873 387 1960 qui
407 1886 437 1938 ct
452 1874 604 1960 evangelia
623 1873 745 1959 largitus
764 1883 826 1952 est,
860 1883 890 1936 et
902 1871 1100 1956 apostolorum
1119 1871 1179 1934 dux
1198 1891 1233 1934 ac

79 1974 254 2040 moderator
273 1978 384 2042 extitit.

172 2075 273 2142 Sobol.
289 2075 322 2143 X
339 2091 370 2144 et
385 2075 504 2144 XVIII.
540 2083 614 2158 Quali
629 2101 698 2159 ergo
715 2081 800 2140 dieo?
843 2081 923 2156 Quod
940 2080 969 2139 in
990 2079 1089 2156 templo
1108 2077 1385 2146 stomata-acorum.

81 2192 144 2240 tum
161 2182 271 2262 ult'qua'd
283 2187 337 2256 se't,
369 2193 421 2244 unt
432 2184 615 2262 idolothytum
631 2184 740 2262 alr‘prct'd
752 2184 812 2242 sit?
854 2183 912 2241 Sed
927 2201 999 2260 pauc
1013 2181 1156 2240 abrmolcnt
1168 2181 1233 2238 due-

79 2287 202 2357 mnnri's,
227 2295 258 2344 et
274 2306 331 2346 non
352 2287 413 2346 deo.
459 2280 515 2348 Ubi
538 2281 654 2346 Marcio
675 2287 709 2345 In
730 2286 821 2345 sacris
842 2284 1010 2344 immolatum
1035 2279 1153 2344 adiecit.

169 2383 271 2448 ttotuu
290 2382 323 2448 X
342 2396 372 2448 at
385 2381 504 2448 XVIII.
541 2389 615 2464 Quid
628 2407 698 2466 ergo
712 2389 797 2446 dubo?
838 2387 926 2446 Idolis
942 2385 1111 2446 ritrmolotum
1126 2384 1235 2462 aliquid

79 2493 154 2548 eat?
195 2491 254 2549 Sed
269 2509 341 2569 quae
355 2490 662 2550 abnmotuntdoemoair's
682 2500 780 2550 etnoa
797 2489 857 2548 deo.
902 2482 973 2548 Non
996 2484 1089 2570 prison
1111 2483 1161 2547 illa
1183 2503 1233 2568 pa-

80 2600 162 2652 trum
179 2598 309 2673 tempora
326 2589 530 2654 condemnavit
546 2589 712 2675 apostolus,
745 2609 819 2673 quae
836 2588 871 2650 ad
888 2598 1012 2652 aetatem
1030 2605 1122 2670 usque
1136 2607 1231 2662 suam,

81 2689 217 2775 adeoque
239 2691 390 2775 quamdiu,
422 2703 531 2756 stetere
551 2689 773 2777 Hierosolyma,
805 2691 969 2770 linxerunt,
1002 2709 1067 2752 oum
1089 2708 1141 2751 eos
1159 2687 1234 2751 dixit

81 2791 136 2876 qui
153 2791 238 2857 idolis
252 2791 435 2856 immolarent
450 2793 610 2858 daemoniis
627 2793 793 2870 immolare,
819 2813 876 2856 uon
891 2792 957 2856 deo.
1001 2787 1071 2854 Non
1087 2790 1164 2868 illos,
1188 2790 1232 2852 in·

80 2913 189 2977 qnam,
214 2896 352 2959 damnare
366 2895 457 2960 voluit
472 2895 521 2981 qui
540 2898 595 2961 deo
610 2896 825 2974 sacrificarent,
850 2915 906 2978 quo
923 2905 1054 2977 tempore
1073 2891 1233 2956 sacrificari

79 2995 230 3080 oportuit,
254 2997 305 3061 sed
323 3017 375 3061 eos
394 2997 535 3063 duntaxat
552 3009 670 3063 accusat
688 2998 735 3083 qui
753 2997 839 3060 idolis
857 2995 1023 3074 immolant,
1048 3015 1107 3058 oon
1124 2993 1160 3057 ob
1177 2994 1232 3057 bue

78 3097 179 3180 ipsum
195 3100 269 3181 quod
286 3098 451 3180 immolant,
474 3103 525 3166 sed
543 3103 618 3186 quod
632 3100 716 3164 idolis
731 3099 806 3162 istud
822 3099 916 3184 ipsum
932 3081 1055 3183 prodeo
1071 3105 1229 3182 praestant.

78 3195 156 3262 Non
179 3201 254 3263 enim
277 3202 341 3265 ideo
364 3203 544 3281 sacrificant,
579 3212 610 3266 ut
626 3201 761 3266 alimenta
781 3201 917 3264 divinitus
934 3201 969 3263 ad
989 3220 1070 3263 usum
1090 3218 1231 3262 concessa

79 3299 143 3365 sibi
165 3313 348 3388 comparent,
382 3303 433 3368 sed
451 3303 639 3369 daemonibus
661 3326 696 3368 ae
712 3301 878 3368 vanissimis
896 3299 1059 3364 nominibus
1082 3321 1166 3364 sacra
1189 3301 1231 3362 la·

80 3401 178 3466 oinnt.
224 3403 273 3468 Tu
291 3426 381 3484 vero,
405 3404 538 3485 Marcio,
563 3427 665 3469 vocem
683 3406 778 3483 illam,
801 3410 835 3467 In
854 3409 954 3486 tempto
971 3405 1155 3476 aiumolotum,
1180 3403 1230 3465 ad·

78 3505 197 3584 iecisti,
221 3527 261 3570 ex
277 3527 312 3570 eo
331 3518 411 3571 ratus
428 3509 502 3592 qood
520 3509 575 3571 duo
593 3508 664 3572 baec
680 3507 831 3586 vocabula,
856 3507 992 3592 templum
1007 3517 1037 3570 et
1053 3505 1140 3584 idola,
1166 3525 1231 3589 per-

79 3607 170 3670 mista
189 3607 315 3673 invicem
334 3609 444 3688 lorent,
478 3609 626 3673 ambarum
647 3629 761 3696 quoque
779 3609 923 3673 rationum
943 3605 1125 3671 habitudines
1143 3627 1231 3692 posse
1266 3625 1269 3634 ’

80 3709 235 3774 conlundi.
282 3709 341 3776 Sed
357 3712 444 3794 louge
461 3710 598 3798 opinione
613 3721 661 3776 toa
679 3711 801 3775 lalleris.
839 3709 954 3774 Etenim
970 3709 994 3772 si
1011 3718 1162 3795 postquam
1178 3729 1231 3772 no·

78 3832 152 3876 unm
169 3821 372 3877 testamentum
395 3815 503 3878 illatum
527 3825 588 3891 est,
619 3814 750 3896 privatim
769 3810 889 3879 Christo
907 3811 1000 3874 adbuc
1018 3810 1228 3888 immolaretur,

78 3923 113 3978 et
129 3913 159 3976 in
177 3915 240 3978 eius
257 3915 372 3979 nomine
389 3916 566 3982 offerrentur
579 3915 730 3994 animalia,
755 3913 942 4001 probabiliter
956 3911 1008 3976 abs
1026 3923 1053 3974 te
1068 3911 1230 3976 ruendaois·

78 4015 175 4080 simae
199 4016 264 4080 illae
290 4016 449 4080 calumniae
472 4028 606 4103 repertae
625 4018 811 4096 viderentur,
842 4027 873 4080 nt
896 4015 995 4100 etqui
1020 4015 1074 4078 bon
1098 4023 1230 4099 tempore

78 4119 140 4182 deo
156 4117 371 4198 sacrificarent,
395 4132 424 4183 et
441 4119 496 4184 boc
512 4119 579 4184 olim
596 4119 863 4205 Hierosolymitano
878 4117 907 4180 in
924 4116 1030 4202 templo
1047 4115 1188 4180 fecissent
1201 4125 1232 4180 et

78 4219 169 4284 idolis
189 4220 387 4300 immolarent,
411 4219 441 4287 io
459 4245 545 4288 unum
564 4223 756 4288 miscerentur
776 4240 894 4299 omnes,
917 4240 952 4282 ac
971 4216 1148 4298 daemoniis,
1172 4239 1231 4282 uon

79 4324 140 4386 deo
162 4342 247 4386 sacra
270 4323 366 4387 locere
388 4324 565 4390 dicerentur.
612 4321 672 4389 Sed
690 4345 757 4389 oum
773 4321 908 4386 animalia
923 4341 1008 4386 nemo
1027 4317 1147 4385 Cbristo
1165 4329 1231 4404 post

79 4423 147 4488 eius
165 4424 321 4490 adveutum
344 4446 377 4490 ao
395 4449 502 4491 novum
521 4436 725 4492 testamcutum
744 4424 891 4492 conditum
908 4423 1082 4502 immolarit,
1114 4420 1182 4488 illud
1203 4431 1230 4486 te
