3006 4990
79 1179 315 1258 ttnltttLth
353 1177 520 1254 EORUM
559 1175 682 1271 QUAE
720 1177 769 1252 tn
809 1174 935 1249 tutto
968 1174 1015 1248 11.
1056 1173 1145 1250 LIB.
1178 1176 1207 1250 I.

121 1313 465 1406 dorsumdurum,
493 1311 572 1408 otu
596 1311 848 1388 fflaussus
876 1307 1158 1386 comacul-

356 1449 455 1526 uult
478 1448 588 1541 Xffl,
613 1447 706 1524 unc
734 1445 921 1523 ORDINE.

151 1683 175 1748 Ι.
222 1683 386 1750 Simoniani
408 1682 562 1750 aSimone
576 1681 666 1768 Mago
687 1681 900 1769 cognominati,
923 1684 970 1768 qui
988 1684 1110 1770 apostoli
1126 1681 1206 1748 Petri

76 1787 244 1872 temporibus
260 1788 356 1865 vixit,
379 1785 523 1852 eGitthis
538 1786 605 1850 vico
621 1786 743 1870 quodam
763 1785 914 1848 oriundus.
960 1783 1019 1850 lste
1039 1805 1103 1848 oum
1129 1799 1208 1850 esset

74 1885 282 1969 Samaritanus,
302 1886 451 1954 Christum
469 1886 585 1951 nomine
602 1898 685 1951 tenus
699 1889 849 1972 protessus
866 1896 923 1967 cst,
946 1897 1049 1950 auctor
1065 1889 1207 1951 netandae

73 1990 257 2055 obscenitatis
272 2001 301 2054 ct
314 1990 537 2076 inquinatissimi
553 1987 735 2052 concubitus.
768 1985 926 2052 Praeterea
941 1990 1120 2073 promiscuas
1135 2011 1208 2053 uno-

73 2113 114 2156 res
130 2113 198 2156 csse
214 2095 318 2158 voluit.
364 2089 496 2178 Corpora
516 2104 605 2176 negat
625 2111 797 2174 resurgere,
822 2111 876 2153 neo
893 2111 911 2155 a
933 2090 988 2153 deo
1007 2091 1142 2154 mnndum
1168 2094 1208 2154 la-

71 2192 207 2258 bricatom
234 2215 300 2259 esse
325 2194 438 2258 statuit.
490 2189 648 2277 Imaginem
672 2213 759 2276 porro
783 2213 864 2254 suam
892 2191 1039 2276 scortique
1061 2193 1124 2271 sui,
1156 2215 1208 2256 no·

72 2294 142 2360 minc
158 2295 309 2375 Helenae,
332 2295 387 2360 sub
406 2292 562 2358 Minervae
589 2293 686 2378 specie
710 2293 857 2378 discipulis
874 2293 1047 2356 adorandam
1070 2293 1206 2358 obtrusit.

71 2395 150 2479 Apud
165 2395 327 2462 Samarites
345 2417 397 2483 pro
412 2396 467 2458 deo
483 2405 566 2480 patre
581 2416 613 2458 se
630 2393 784 2460 venditans
797 2391 912 2459 ludaeis
926 2390 1074 2459 Cbn'stom
1090 2418 1123 2460 se
1140 2419 1206 2462 esse

74 2496 190 2562 dicebat.

150 2595 192 2662 ll.
216 2596 423 2662 Menandriani
435 2597 471 2662 ab
482 2598 583 2662 eodem
597 2597 647 2662 illo
659 2595 780 2663 Simone
791 2619 843 2685 per
853 2595 1047 2662 Menandrum
1064 2599 1206 2682 qnondam

73 2698 209 2783 originem
228 2712 400 2779 traxerunt,
424 2700 627 2784 nonnullisque
645 2698 674 2761 in
694 2699 781 2763 rebus
797 2721 815 2762 a
835 2696 1013 2763 Simonianis
1029 2699 1204 2786 discrepant.

70 2795 230 2865 Menander
245 2823 334 2886 porro
355 2803 490 2865 mundum
508 2800 543 2863 ab
559 2801 671 2884 angelis
689 2800 781 2865 luisse
797 2802 965 2885 productum
984 2803 1121 2866 asseruit.

148 2899 207 2966 lll.
231 2901 424 2968 Saturniliaoi
440 2903 470 2970 in
480 2899 570 2987 Syria
582 2899 817 2966 Simonianorum
830 2903 1033 2987 turpitudinem
1048 2916 1204 2967 auxerunt.

68 2998 216 3068 Nonnulla
232 3025 347 3090 quoque
364 3005 399 3069 od
418 3004 557 3068 maiorem
578 3004 786 3068 conciliandum
806 3014 953 3090 stuporem
971 3004 1006 3067 ad
1022 3004 1135 3068 illorum
1158 3005 1208 3068 ad-

68 3101 161 3168 iecere
183 3107 332 3190 dogmata.
379 3105 491 3170 Horum
515 3105 649 3191 princeps
670 3103 837 3170 Saturnilus
864 3107 933 3188 luit,
962 3106 1009 3191 qui
1032 3106 1151 3191 perinde
1173 3128 1208 3170 ac

67 3199 231 3270 blenaoder
244 3207 343 3270 mundi
362 3209 528 3272 conditores
544 3208 681 3292 angelos,
705 3206 760 3270 boo
781 3216 826 3271 est
841 3219 978 3293 septenos
995 3229 1035 3271 ex
1051 3207 1099 3286 iis,
1125 3209 1206 3288 lacit,

69 3305 150 3390 idque
173 3308 255 3395 ipsos
277 3309 314 3371 de
335 3309 462 3393 supremi
485 3309 613 3393 parentis
636 3308 780 3372 sententia
801 3309 966 3393 suscepisse
989 3310 1100 3374 statuit.

148 3407 205 3474 lv.
231 3407 400 3476 Basilidiaoi
414 3410 559 3474 loeditatis
569 3410 702 3480 ciusdem
718 3411 789 3474 socii
803 3410 838 3474 ad
848 3407 994 3474 Basiliden
1007 3412 1148 3496 originem
1162 3431 1207 3474 re-

69 3508 174 3591 lernnt,
198 3512 248 3597 qni
264 3533 328 3575 cnm
346 3509 496 3576 Saturnilo
508 3509 685 3576 Simonianis
699 3532 733 3573 ao
748 3509 968 3576 Menandrianis
985 3532 1102 3597 operam
1116 3513 1205 3593 dedit,

67 3629 100 3672 ac
113 3614 229 3678 tametsi
247 3613 348 3677 cadem
364 3616 426 3678 lere
441 3613 567 3692 sentiat,
590 3614 619 3676 in
634 3612 803 3696 quibusdam
820 3625 914 3677 tameo
930 3613 1085 3698 discrepet.
1129 3614 1207 3680 Nam

68 3714 210 3780 coelestes
226 3716 314 3780 orbes
328 3711 501 3780 CCCLXV
514 3714 676 3795 constituit,
695 3736 768 3799 qnos
782 3715 919 3799 angelicis
932 3715 1095 3779 nominibus
1108 3717 1206 3792 allicit,

67 3809 189 3899 ideoque
205 3817 325 3881 totidem
340 3816 442 3880 diebus
458 3837 565 3880 aunum
580 3827 717 3880 constare
734 3827 845 3880 censet.
876 3815 965 3879 Addit
982 3826 1011 3879 et
1022 3815 1207 3880 Abrasaxam

70 3913 215 3981 mimum
229 3917 348 3983 virtutis
365 3937 482 3997 nomen,
506 3937 580 4002 quae
594 3913 768 3983 CCCLXV
784 3938 934 3981 numerum
951 3916 1043 4002 literis
1059 3919 1207 4002 exprimit,

69 4011 153 4098 idque
174 4019 308 4104 spiritum
332 4039 398 4083 esse
420 4028 551 4082 sanctum
574 4018 690 4083 asserit.

150 4115 190 4184 V.
213 4118 381 4185 Nicolaitae
397 4119 548 4185 aNioolao
562 4121 611 4184 illo
629 4120 751 4184 derivati
764 4131 831 4184 sunt
845 4120 891 4185 eui
906 4120 941 4184 ab
958 4119 1097 4206 apostolis
1109 4120 1210 4184 vidua·

70 4233 130 4280 mm
149 4241 219 4286 cura
235 4221 391 4287 commissa
407 4223 513 4286 iuerat.
548 4220 604 4286 llic
620 4221 766 4307 zelotypia
781 4221 817 4284 ob
832 4243 955 4287 uxorem
972 4233 1123 4301 aestuans,
1145 4245 1210 4288 cum

98 4415 623 4492 dwncuebqrmptnocntraucnam-
689 4423 758 4478 set
783 4428 909 4476 adiectos
925 4427 976 4476 eorl.
997 4428 1070 4476 Votte
1087 4428 1210 4478 elder-oce

69 4489 129 4568 θριξὶ
165 4495 239 4576 Vulgo
257 4495 404 4560 pespnbnprcn
405 4493 479 4561 ploos.
654 4495 720 4557 pbul.
762 4497 816 4545 Voe.
841 4487 918 4560 ονομα
942 4493 1088 4544 desideratur
1059 4497 1137 4544 urin
1121 4495 1210 4544 nem.

99 4551 402 4626 luttemarssen.
658 4563 755 4625 llbedlp.
