3010 5000
249 289 310 354 508
666 298 971 353 ειαοτιεειεκιαιι

249 418 289 502 μῆ
304 419 439 503 φέρομεν
453 413 519 500 μεθ’
532 418 644 482 ἓαυτοῖν
659 421 780 496 κακίαν,
802 414 963 500 ἧῆδονῆν,
984 415 1006 501 ἧ
1019 419 1147 504 ἔχθραν,
1170 405 1227 501 ἧτι
1242 419 1352 504 ἕτερον
1368 419 1401 484 ἐν

248 529 311 596 τοῖς
332 523 476 594 διανοίαις
500 516 626 585 ιαότολν.
667 517 747 584 ’Emi
769 525 834 593 ποῦς
855 517 891 583 τ’ίν
908 522 1017 602 ἔχωμεν
1032 524 1163 598 δυνατῶς
1176 523 1225 586 καὶ
1239 517 1292 602 τῆν
1310 545 1401 606 περι-

249 620 353 707 στερόν
368 621 566 706 μιμήσασθαι,
589 622 631 704 μὴ
647 621 729 697 ίκτός
742 619 891 708 γενόμενοι
905 626 1024 699 κακίας;
1046 627 1097 688 καί
1110 629 1157 690 τοί
1171 647 1204 709 γε
1216 630 1269 688 τοῦ
1282 623 1402 708 γένους

249 732 302 807 τῆς
322 731 491 810 περιστερᾶς
512 727 543 790 ἓν
563 731 680 800 πολλοῖς
696 722 862 810 πράγμασιν
881 722 937 790 οῦκ
954 726 1174 808 ἐπαινουμένου.
1216 723 1402 791 Ἀκόλαστον

249 827 304 912 γαρ
326 829 409 913 γένος
426 833 609 911 περιστερᾶς,
639 829 689 892 καλ
704 830 877 907 πολυμιξίας
899 825 939 909 μῆ
955 825 1207 910 ανακοπτόμενον,
1234 825 1352 912 λαγνον
1368 854 1401 893 τε

249 931 300 994 καλ
321 927 391 995 καθ’
411 929 491 1014 αραν
512 927 608 1017 ἡδονῇ
629 933 908 1014 προςανακείμενον,
937 927 1014 1014 πρός
1033 929 1066 994 δὲ
1085 928 1199 1005 τούτοις
1215 927 1324 994 δίτονον
1346 933 1402 997 ιταλ

250 1030 383 1116 βληγρόν.
428 1029 488 1095 Διό
511 1031 543 1096 δὲ
566 1029 598 1096 τό
620 1027 732 1096 ακακον
755 1031 805 1096 καλ
829 1029 1025 1115 μακρόθυμον
1049 1033 1098 1095 καλ
1121 1029 1320 1115 αμνησίτακον
1345 1039 1402 1098 τοῦ

250 1133 341 1214 ζαου,
365 1135 407 1198 ίτι
423 1131 481 1216 μῆν
495 1134 547 1197 καλ
562 1131 610 1197 δια
626 1131 658 1198 τό
674 1135 706 1197 ἐν
721 1135 791 1198 είδει
807 1139 975 1218 περιστερᾶς
989 1131 1144 1214 πεφάνθαι
1158 1132 1191 1199 τό
1206 1131 1288 1220 αγιον
1302 1142 1402 1200 πνεῦ-

250 1263 304 1318 μα,
334 1234 520 1318 μιμήσασθαι
541 1231 621 1317 ἡμᾶς
641 1233 774 1316 βούλεται
797 1233 814 1300 6
837 1243 921 1310 θεῖος
939 1233 1026 1320 λόγος
1047 1242 1100 1302 τοῦ
1121 1232 1205 1329 αγίου
1226 1234 1402 1318 πνεύματος

250 1337 303 1421 τὴν
318 1336 457 1421 βούλησιν
471 1339 522 1402 καλ
535 1344 588 1419 τῆς
603 1333 717 1403 διαίνου
734 1344 903 1424 περιστερᾶς
917 1335 970 1420 τῆν
983 1335 1123 1416 ακακίαν,
1147 1335 1231 1414 ὄντας
1246 1339 1299 1420 μίν
1312 1335 1402 1421 ἡμᾶς

250 1445 415 1527 φρονίμους
435 1443 477 1514 είς
497 1437 530 1503 τό
554 1437 686 1525 αγαθόν,
716 1438 872 1524 ἀκεραίους
890 1441 922 1505 δὲ
944 1443 985 1516 είς
1000 1439 1033 1506 τό
1055 1439 1155 1506 κακόν.
1200 1441 1259 1505 Καὶ
1276 1441 1401 1506 λέλυται

249 1541 270 1626 ἧ
285 1541 397 1609 τοῦτον
414 1549 494 1607 πῦον
510 1544 735 1668 δραματουργία.
780 1539 888 1617 Εῦθῦς
903 1541 960 1627 γαρ
976 1540 994 1609 6
1011 1541 1095 1628 αγιος
1110 1541 1270 1670 απόστολρς
1284 1541 1317 1608 τό
1338 1569 1401 1608 πα-

251 1653 376 1730 νοῦργον
390 1647 440 1709 καί
457 1642 666 1726 ἐπίβουλον’
629 1670 682 1726 συγ
699 1641 820 1729 όρίζεται
836 1647 1059 1730 περισσοτέρως,
1088 1644 1158 1710 ἄλλα
1172 1643 1246 1711 κατα
1260 1671 1313 1710 του
1298 1649 1400 1711 ”-ῦια

251 1746 341 1830 βόλον
358 1749 410 1812 καλ
425 1754 479 1811 τοῦ
496 1745 609 1826 όφεας,
631 1747 737 1831 λέγων,
762 1750 920 1828 Φοβοῦμαι
935 1745 1022 1811 δὲ’
983 1773 1023 1830 μη
1040 1773 1118 1874 γους,
1142 1745 1182 1823 οἷς
1197 1747 1215 1814 ό
1230 1745 1300 1870 όφις
1315 1745 1398 1830 ἧττα-

251 1873 334 1932 τησεν
351 1847 452 1926 Εῦαν,
483 1851 515 1914 ἐν
533 1875 569 1938 τη
556 1853 754 1936 πανουργία
774 1845 866 1913 αῦτοῦ
887 1856 992 1937 φθαρῇ
1013 1847 1049 1915 τα
1070 1849 1201 1933 νοήματα
1223 1848 1308 1933 ῦμτῦν
1332 1849 1398 1918 απο

251 1960 303 2076 τῖγς
320 1949 481 2034 απλότητος
497 1953 548 2016 καλ
565 1949 680 2037 αγνείας
700 1957 828 2078 Χριστοῦ
846 1952 897 2015 καλ
913 1949 1108 2034 δικαιοσύνης.
1149 1949 1282 2040 Ὀρᾷς’
1257 1979 1299 2030 υς
1316 1964 1399 2034 φθα

251 2052 306 2138 ραν
324 2051 505 2137 απίφηνεν
488 2081 503 2120 ο
521 2051 683 2128 απόστολος
697 2079 746 2117 και
735 2055 944 2138 πανουργίαν
961 2051 1061 2136 δεινῆν
1079 2051 1165 2117 καλ’
1146 2053 1263 2138 απατην
1278 2051 1316 2118 τα
1334 2052 1397 2120 όπό

251 2163 304 2222 τοῦ
326 2155 423 2238 όφεας
444 2155 519 2242 πρός
540 2154 593 2237 τῆν
615 2154 700 2219 Εῦαν
718 2155 1010 2240 πεπραγματευμένα,
1041 2157 1091 2220 καί
1114 2153 1168 2221 οῦκ
1188 2154 1342 2222 ἐπαινετόν
1368 2185 1397 2223 τι

252 2257 332 2344 παρα
351 2266 406 2324 τοῦ
427 2257 519 2324 αὐτοῦ
540 2257 729 2343 γεγενημένον
749 2253 887 2334 δπίδειξι.

123 2458 188 2526 Κεφ.
203 2455 234 2510 θ’.
338 2445 535 2529 Πανταχόθεν
559 2449 659 2511 τοίνυν
684 2443 807 2529 φωρατῆ
832 2445 882 2508 καλ
905 2446 1027 2526 ἔκδηλος
1048 2442 1069 2526 ἧ
1092 2441 1204 2510 τοῦτον
1225 2442 1315 2510 ανοια
1335 2447 1397 2512 λστι

251 2550 338 2612 παντλ
358 2556 400 2636 τῷ
416 2549 583 2636 βουλομένῳ
602 2549 709 2613 εἰδέναι
729 2545 783 2629 τῆν
804 2553 856 2628 τῆς
872 2542 1013 2627 αληθείας
1030 2549 1220 2612 διδασκαλίαν
1239 2548 1290 2611 καλ
1308 2546 1395 2612 πνεῦ-

251 2675 340 2732 μυτος
355 2647 440 2735 αγίου
455 2657 570 2736 γνοῦσιν.
603 2648 670 2714 Ἵνα
686 2649 718 2714 δὲ
737 2646 777 2730 μῆ
791 2646 935 2712 ανολίοκο)
951 2646 1074 2732 χρόνον,
1095 2649 1146 2712 καλ
1162 2647 1271 2730 ταύτην
1286 2654 1395 2716 διασει-

251 2750 374 2834 σαμενος
390 2751 443 2835 τῆν
455 2750 582 2836 γαλεπῆν
599 2753 649 2818 καλ
666 2748 796 2816 δῦπλονν
810 2757 863 2814 τοῦ
879 2748 1023 2835 πελαγους
1038 2748 1138 2832 ζόλην,
1163 2751 1214 2814 ἐπί
1228 2749 1280 2826 τας
1295 2753 1395 2836 ἐτέρας

252 2858 425 2931 θαλαττίους
441 2858 638 2940 ποντοπορίας
651 2851 684 2918 τό
699 2851 816 2934 σκαφος
832 2849 1004 2934 όπλίσομαι,
1026 2853 1168 2934 ἐπιμελῶς
1184 2850 1255 2927 τοῦς
1272 2850 1396 2935 αῦηίνας

252 2963 366 3040 κρατῶν
383 2958 414 3021 ίν
429 2964 465 3045 τῇ
480 2963 533 3021 τοῦ
549 2961 624 3022 θεοῦ
640 2952 764 3037 δυναμει
778 2955 829 3019 καί
845 2952 943 3036 εῦγαῖς
957 2951 1062 3039 αγίυν,
1085 2951 1167 3029 ὅπως
1181 2955 1395 3037 παρακαλέοντες

251 3057 490 3140 κατοπτεῦσωμεν
510 3063 568 3123 τολν
590 3055 699 3143 αγρίοιν
719 3053 857 3138 κνματονν
878 3055 932 3138 τῆν
949 3054 1108 3140 κῦρτοοσιν,
1139 3057 1191 3120 καλ
1207 3061 1268 3120 τῶν
1284 3058 1316 3121 ἐν
1332 3065 1395 3132 τοῖς

252 3157 384 3245 πελαγεσι
399 3165 511 3244 θηρίον
527 3158 650 3243 ίοβόλονν
664 3156 717 3234 τας
733 3155 866 3242 μορφας,
889 3156 1030 3239 απληκτοι
1047 3158 1079 3222 δὲ
1095 3155 1153 3222 απδ
1170 3155 1395 3242 σμυραιναδους

253 3263 301 3326 ίοῦ
322 3263 373 3326 καλ
391 3265 533 3348 τρυγόνος
553 3263 605 3326 καὶ
621 3263 782 3344 δρακαίνης
799 3261 849 3326 καὶ
866 3262 1025 3345 καρχαρίου
1042 3261 1093 3324 καλ
1109 3263 1291 3344 σκορπαίνης
1307 3257 1393 3342 περα-

253 3385 318 3442 σαι,
347 3365 398 3428 καλ
415 3371 468 3430 τοῦ
484 3363 584 3430 εῦδίου
600 3370 653 3445 τῆς
669 3359 808 3444 αληθείας
822 3364 939 3443 λιμένος
954 3359 990 3426 δι’
1006 3359 1092 3444 εῦχῆς
1106 3361 1156 3425 καί
1173 3364 1284 3438 ίκεσίας
1298 3363 1392 3427 ἐπιτυ-

132 3499 183 3544 ρις.
196 3487 241 3532 σεε.
255 3474 314 3547 γεῖν
329 3467 537 3550 δυνηθείημεν·
559 3464 764 3549 πληρουμίνου
778 3465 828 3528 καὶ
843 3467 873 3528 ίν
887 3460 959 3546 ἡμῖν
972 3469 1025 3528 τοῦ
1037 3467 1143 3547 (ληνοῦ,
1163 3469 1233 3544 τοῦ,
1258 3465 1298 3528 oi
1308 3489 1393 3528 κατα-

253 3572 404 3650 βαίνοντες
418 3570 460 3644 είς
473 3567 626 3634 θάλασσαν
640 3563 693 3642 τας
709 3562 812 3650 αρετολς
827 3572 880 3632 τοῦ
898 3568 1004 3649 κυρίου
1020 3563 1216 3650 διηγήσονται.
1254 3562 1319 3643 Ἐφ’
1334 3566 1391 3630 &a

254 3695 309 3755 ραν
328 3674 428 3738 τοίνυν
448 3669 556 3754 ταύτην
577 3673 705 3750 καθεξῆς
724 3665 779 3750 τῆν
799 3671 919 3752 πορείαν
940 3665 1101 3750 ποιήσομαι
1124 3665 1198 3752 πρός
1220 3665 1357 3753 διῆγησιν.

569 3899 726 3969 κατι
763 3891 1074 3984 mmmm,

442 4011 727 4106 ὀκτωκαιδεκάτη,
754 4009 777 4106 ἡ
803 4015 862 4086 κοιλ
886 4011 1064 4110 τριακοστὴ
1092 4011 1201 4108 ὀγδόη.

120 4169 185 4238 Κεφ
203 4167 235 4224 α’.
338 4168 464 4228 Κατανοί
479 4188 553 4238 τινες
568 4159 774 4244 ὀνομάζονται,
804 4158 864 4226 από
880 4165 933 4226 τοῦ
951 4159 1030 4226 Καϊν
1045 4159 1197 4246 εἰληφότες
1212 4160 1265 4246 τὴν
1282 4163 1386 4228 ἐπανα-

253 4269 323 4347 μίαν
338 4272 390 4347 τῆς
406 4266 549 4352 αίρίσεας.
596 4256 686 4328 Οὗτοι
701 4261 755 4348 γαρ
774 4261 827 4329 τόν
844 4260 923 4328 Καλν
940 4265 1105 4344 ἐπαινοῦσι,
1133 4265 1185 4328 καλ
1202 4264 1310 4347 πατέρα
1325 4263 1388 4326 ίαν-

253 4374 311 4430 τῦν
328 4373 432 4432 τοῦτον
447 4366 597 4446 τάττουσι,
618 4367 669 4430 καλ
685 4363 784 4444 αότολ,
806 4361 847 4442 ας
864 4366 971 4444 εἰπεῖν,
995 4362 1035 4442 ας
1049 4363 1108 4432 από
1123 4369 1272 4452 διαφορᾶς
1287 4367 1386 4430 ἐπανα-

289 4519 348 4571 en.
359 4519 425 4572 vm.
442 4548 475 4560 -
494 4523 517 4574 ι.
535 4523 607 4586 νειμ
624 4515 714 4575 ουτοι.
873 4519 901 4586 *)
919 4504 1010 4576 καίτοι
1025 4523 1076 4574 ιτα
1089 4523 1185 4585 Ma.
