2994 5024
356 325 490 380 renisu
508 327 570 378 nin.
583 327 602 380 ι.
618 327 700 380 rou.
714 327 756 380 su.
773 327 871 380 nuno.
885 329 968 379 xnu.
1177 317 1237 382 583

173 443 244 510 Vss.
276 452 356 510 stiu's
377 455 448 510 enim
471 453 543 529 Iegis
564 454 694 512 Cbm'stus
714 453 752 512 ad
772 453 907 510 iustitiam
929 453 1007 510 omni
1025 453 1159 512 eredenti.
1250 463 1356 522 tiano,
1370 468 1389 512 t.
1432 523 1446 554 ι

174 648 258 716 vili.
291 658 348 732 (isi
365 660 437 716 enim
460 658 558 739 diligit
573 660 748 735 pronomem,
773 658 862 734 legem
884 657 1016 735 implevit.
1186 645 1195 660 ‘
1252 669 1375 725 nonius.

204 859 248 910 AD
269 859 600 910 THESSALONICENSES
620 861 652 922 1.,
678 861 768 922 QUAE
787 860 847 912 EST
865 859 953 909 APUD
970 859 1034 910 Nos
1053 859 1118 911 vlu.

311 944 349 996 Ad
367 943 600 996 Thessalonicenses
618 947 665 1006 ΙΙ.,
683 961 745 1013 quae
763 953 800 994 est
817 943 883 1012 opud
901 960 945 995 nos
964 945 1008 994 IX.

431 1029 468 1080 Ad
488 1029 606 1098 Ephesios
623 1031 693 1092 vu„
712 1029 779 1098 apud
797 1047 841 1080 nos
859 1030 889 1078 V.

171 1150 195 1214 1.
227 1155 366 1214 Memores
384 1161 486 1224 estate,
519 1155 594 1232 quod
609 1153 760 1231 aliquando
777 1171 824 1210 ros
840 1154 928 1211 erotis
942 1161 1059 1229 gentes,
1091 1157 1144 1232 qui
1157 1157 1233 1216 dice·
1247 1165 1374 1224 ephesi.

76 1258 192 1316 bomeisi
198 1258 387 1335 praeputium,
411 1255 447 1314 ab
463 1275 495 1315 ea
508 1275 580 1335 quae
590 1257 696 1315 dehs'tur
710 1256 886 1314 circumcisio
901 1257 930 1314 in
945 1273 1030 1315 earne
1046 1257 1231 1337 manufescta.

75 1361 183 1418 Eratis
199 1359 249 1418 iilo
266 1360 294 1418 in
311 1369 432 1438 tempore
444 1361 505 1418 sine
520 1360 649 1429 Cbristo,
680 1359 826 1417 alienatio
842 1359 1050 1416 conuersotehue
1067 1358 1174 1430 lsrael,
1207 1367 1235 1418 et

75 1463 205 1540 hospites
222 1470 445 1520 testamentorum
457 1463 668 1540 promissiones,
692 1479 766 1539 spem
780 1480 835 1520 non
850 1459 997 1530 babentes,
1023 1467 1052 1517 et
1064 1461 1125 1519 sine
1140 1462 1191 1520 deo
1204 1464 1233 1522 iu

74 1564 194 1623 mundo.
241 1565 325 1622 Nunc
344 1573 436 1623 mutem
458 1566 487 1622 iu
504 1565 616 1624 Cbristo
633 1565 697 1624 Iesu
718 1583 766 1622 uas
788 1564 839 1641 qui
854 1562 1004 1640 alipuando
1026 1564 1114 1620 erate's
1136 1563 1230 1642 lange,

71 1667 156 1744 sacti
169 1669 237 1724 estis
250 1686 339 1745 prope
355 1669 383 1726 in
400 1669 539 1744 sauguine
554 1668 652 1744 ipsius.
698 1667 762 1744 lpse
783 1667 855 1724 enim
872 1684 934 1742 pan
953 1674 1068 1736 nostro,
1101 1667 1153 1743 qui
1164 1665 1235 1743 fecit

75 1779 204 1848 utraque
225 1789 308 1828 onum
330 1779 384 1829 ete.

168 1866 207 1931 ΙΙ.
242 1864 312 1932 ideo
335 1869 419 1932 diois:
445 1873 540 1948 Surge
560 1873 613 1950 qui
630 1873 750 1941 dormis,
775 1879 805 1928 et
824 1869 994 1929 illuminabit
1013 1879 1038 1928 te
1061 1870 1199 1929 curnem.
1243 1885 1326 1943 osne,
1339 1889 1372 1932 1⁴.

165 2073 220 2137 ΙΙΙ.
255 2079 374 2156 Propter
391 2080 443 2137 boc
460 2079 601 2156 relinquet
614 2077 695 2136 bomo
707 2085 815 2154 patrem
833 2095 929 2146 suum,
961 2084 990 2134 et
1007 2084 1122 2134 usonem
1136 2095 1226 2149 suam,
1243 2091 1300 2136 titi.
1312 2094 1344 2138 21.

72 2190 104 2240 et
126 2179 292 2240 adhaerebit
319 2183 420 2251 osori,
455 2189 484 2240 et
510 2189 595 2240 erunt
620 2181 675 2238 duo
702 2181 864 2238 susurrem
887 2196 986 2249 umam,
1022 2177 1137 2260 dempto
1158 2197 1232 2242 vooe

78 2284 182 2342 liceri.

331 2487 375 2536 AD
395 2485 619 2536 COLOSSENSES
639 2487 719 2548 VHL,
739 2486 826 2536 APUD
845 2485 907 2534 Nos
926 2485 981 2534 VH.

165 2603 191 2668 I.
223 2609 310 2668 Nemo
324 2627 393 2686 ergo
408 2627 455 2666 oos
469 2610 573 2667 iudicet
587 2611 616 2667 iu
634 2608 710 2679 cibo,
735 2618 765 2667 et
773 2617 859 2686 potu,
884 2616 937 2666 aut
950 2609 979 2665 in
991 2614 1075 2684 parte
1092 2607 1157 2678 diei,
1180 2616 1231 2666 out
1243 2621 1320 2675 coin.
1330 2624 1360 2670 ts

74 2713 253 2782 neomeniae,
278 2719 329 2770 aut
349 2710 543 2780 sabbatorum,
568 2711 643 2789 quod
662 2719 705 2769 est
726 2711 824 2770 umbro
836 2710 1014 2790 suturarum.

144 2915 190 2962 AD
205 2913 428 2964 PHiLEMONEM
448 2915 509 2974 1X.‚
530 2915 620 2976 QUAE
639 2915 726 2964 APUD
745 2913 808 2964 NOS
828 2915 888 2963 EST
904 2913 991 2974 XHL,
1012 2911 1076 2962 VEL
1094 2911 1163 2962 XIV.

404 2997 442 3048 Ad
460 2997 630 3068 Philippenses
647 2999 697 3060 X.,
715 2997 781 3065 opud
799 3015 844 3049 nos
858 3000 900 3049 vt.

514 3083 552 3134 Ad
571 3083 725 3134 Laodicenos
743 3085 788 3134 ΧΙ.

166 3207 243 3264 Unus
264 3208 406 3279 dominus,
440 3227 495 3266 una
507 3209 601 3285 fides,
634 3227 717 3266 onum
741 3207 892 3287 baptisma,
925 3227 997 3267 unus
1016 3210 1367 3284 omnipotentens&

73 3311 213 3378 omnium,
237 3311 289 3386 qui
300 3318 345 3368 est
363 3328 448 3387 super
470 3312 576 3380 omnia,
602 3319 630 3368 et
647 3330 701 3387 per
723 3313 829 3382 omnen,
854 3320 884 3368 et
904 3312 933 3368 in
955 3309 1091 3370 omnibus.

272 3511 317 3560 EX
336 3511 496 3562 EPISTOLA
516 3513 559 3562 AD
579 3513 733 3564 GALATAS
751 3515 785 3572 l.,
805 3513 892 3562 APUD
911 3513 974 3562 NOS
994 3513 1036 3564 IV.

162 3627 185 3690 Ι.
219 3633 325 3691 Discite
341 3641 449 3704 outem,
480 3637 546 3711 quia
562 3637 654 3692 iustus
673 3655 710 3693 eo
718 3636 783 3712 fide
802 3638 878 3694 oim't.
926 3637 1066 3714 Quotquot
1084 3637 1156 3694 enein
1174 3632 1227 3692 sub
1240 3641 1292 3686 flel-
1302 3643 1322 3698 t,
1333 3643 1365 3689 11·

72 3736 136 3812 iege
155 3744 237 3804 sunt,
261 3733 313 3792 sub
332 3735 478 3794 maledieto
499 3745 574 3794 sunt.
623 3737 680 3810 Qui
699 3747 790 3796 eutem
804 3739 912 3816 senserit
935 3741 1006 3811 ista,
1031 3742 1104 3797 vehet
1123 3740 1152 3798 in
1174 3739 1224 3796 eis

162 3831 200 3896 ΙΙ.
231 3837 399 3896 Maledictus
417 3841 504 3896 omnes
521 3859 568 3916 que
567 3841 715 3915 ''pendet
701 3859 730 3898 sn
746 3841 834 3916 ligno.
883 3842 939 3916 (bui
951 3849 1042 3900 autem
1058 3861 1096 3899 ee
1106 3843 1227 3919 promis-
1239 3847 1296 3894 nio
1308 3851 1340 3894 1³

71 3942 151 3998 sione
173 3947 230 4009 est,
255 3959 292 3998 eo·
313 3940 411 3998 libero.
1244 3901 1327 3958 ω’
1307 3902 1319 3945 ⁴
1334 3901 1367 3946 π’

104 4089 147 4140 ni
167 4087 200 4150 is,
216 4093 277 4153 quod
288 4093 455 4141 medeatur
446 4107 471 4141 en
482 4095 535 4142 edit
546 4096 630 4155 prs‘nc,
667 4095 908 4156 ordenemtpostotscs
918 4109 979 4156 eum
992 4109 1059 4158 quem
1071 4097 1158 4158 inira
1149 4112 1174 4146 sn
1185 4097 1228 4146 Re

71 4161 185 4209 Petooius
201 4171 230 4206 ee
246 4161 297 4208 cod
312 4161 386 4209 Votis.
403 4163 509 4210 restituit.
669 4165 782 4224 iutuione
799 4165 854 4212 ob
846 4177 897 4226 ipso
911 4131 1044 4226 Epiphanio
1056 4167 1149 4214 serari
1162 4165 1228 4215 oide-

102 4225 146 4278 36.
160 4242 267 4291 assem
281 4225 426 4293 ueinpnan
441 4231 634 4292 ptonescriptum
669 4235 718 4292 ret,
741 4233 767 4280 id
782 4237 815 4280 est
829 4234 970 4314 Marcianis,
992 4233 1140 4294 respiciente,
1160 4239 1229 4296 atque

70 4297 191 4376 tepiturin
206 4296 257 4345 eod.
271 4297 365 4358 Rbedip.
391 4298 575 4346 Petauiusistud
589 4295 633 4348 καὶ
668 4265 739 4347 uerbo
752 4293 809 4362 παρ’
821 4293 883 4364 ημῖν
896 4314 942 4348 non
956 4267 984 4349 be
1001 4301 1228 4351 Christianismtbo·

71 4358 237 4414 n'deteudum
257 4365 351 4412 censuit
387 4363 499 4425 Equidem
516 4365 633 4414 subscribo
668 4367 745 4415 docos
766 4369 886 4427 ecelesiae,
911 4369 951 4416 sed
975 4369 1003 4417 de
1023 4371 1075 4430 ipsa
1096 4371 1228 4432 Epiphanio

69 4434 120 4480 eius
133 4433 229 4480 iudicio.
255 4433 305 4480 Nisi
320 4435 381 4480 enim
395 4433 474 4480 omnio
489 4445 525 4480 me
537 4433 632 4493 sottunt,
668 4437 838 4496 interpretante.

70 4500 257 4548 additamentum
270 4501 331 4548 itud
344 4493 431 4562 naid,
445 4497 550 4550 uveam
563 4497 630 4564 npti-
700 4501 741 4553 37.
760 4499 848 4554 bieohe
850 4501 904 4568 ρίας
920 4505 994 4553 edidit
1009 4507 1145 4568 comunes,
1162 4512 1187 4556 at
1202 4509 1227 4556 in

71 4581 117 4630 τη,
133 4567 264 4628 profectum
279 4571 312 4616 est
326 4581 342 4616 a
357 4537 487 4629 mopiitetto
501 4570 581 4629 atiquo
597 4569 631 4616 ad
666 4573 770 4622 nonme
783 4519 868 4623 Latinis
881 4575 986 4634 sumni:
1004 4589 1049 4640 per
1063 4542 1165 4629 libencio
1179 4583 1225 4628 est
