2986 4996
269 288 308 348 54
689 301 809 356 aanor!
830 303 993 358 ΙΡΙΡΗΔΝΙΙ

270 408 399 504 Συνφδοί
414 415 446 480 δὲ
460 413 577 493 τούτοις
590 414 676 481 ττύλιν
694 416 725 482 έν
742 417 829 506 ἑτέρῳ
844 417 927 507 τότρτ
939 420 1014 504 λέγει
1029 417 1140 497 ούτυς,
1168 417 1336 500 Ὀφειλέιης
1353 417 1404 498 είμί
1470 451 1471 466 1

260 513 379 600 Ἕλλησί
399 541 430 582 τε
450 517 501 582 ιιαλ
520 516 695 602 βαρβάροις·
723 527 830 599 σοφοῖς
843 543 873 584 τε
887 521 938 585 ιιαί
953 515 1106 604 α’νοήτοις,
1135 523 1186 585 ἵνα
1201 523 1282 609 δείξη
1301 515 1404 598 σοφούς
1470 565 1471 568 ,

271 618 323 698 μὲν
341 616 411 694 τούς
426 615 600 698 Ἰουδαίους,
629 615 773 702 ύνοήτους
794 622 826 686 δέ
846 621 1070 702 τοῦςΣιιύθας,
1099 624 1166 701 τιαί,
1197 622 1305 704 φησίν,
1334 618 1405 701 δφει-

270 721 352 802 λε’της
367 723 435 802 είμί.
475 719 636 788 Ἐντεῦθεν
656 720 690 788 τύ
709 729 770 787 ιιᾶν
788 724 873 808 γένος
891 731 945 790 τοῦ
965 720 1078 810 Ἰσραήλ
1093 721 1231 790 Ἰουδαῖοι
1248 725 1405 799 έναλοῦντο,

274 818 333 887 dud
347 821 452 906 γρύνου
470 830 524 888 τοῦ
538 825 652 907 Δαβίδ,
673 827 724 889 ειαί
739 824 888 910 διήρκεσεν
902 824 1065 908 έτοτνύμιος
1084 823 1288 908 ’καλούμενον
1301 821 1409 908 Ἰσραη-
1471 859 1472 886 ι

272 931 358 988 λιτοῐν
377 948 408 989 τε
426 928 477 992 τιαί
496 922 644 992 ’ίουδαίοιν
665 928 730 1009 ἔχον
750 926 805 1010 τήν
824 929 974 1009 ίιιίιιλησιν
994 923 1028 992 νδ
1049 933 1110 992 τεᾶν
1125 927 1210 1011 γένος
1226 932 1280 992 τοῦ
1295 921 1410 1010 Ἰσραύβ,

275 1021 334 1090 du&
349 1033 408 1092 τῶν
419 1025 533 1114 χρόνον
545 1033 599 1093 τοῦ
614 1029 712 1109 Δαβίδ
727 1029 779 1093 ιιαί
793 1035 847 1095 τοῦ
862 1031 932 1094 υίοῦ
949 1025 1044 1094 αύτοῦ
1059 1035 1268 1108 Σολομιὸντος,
1296 1029 1348 1092 ιιαί
1363 1029 1410 1090 τοῦ

276 1130 345 1192 υίοῦ
358 1135 563 1212 Σολομῶντος,
584 1130 663 1212 φημί
677 1129 709 1194 δὲ
723 1137 778 1196 τοῦ
790 1127 915 1214 Ῥοβοδμ
926 1137 981 1197 τοῦ
994 1127 1065 1212 μετιί
1078 1127 1130 1195 τδν
1145 1135 1324 1212 Σαλομιίντα
1337 1132 1411 1211 βασι·

275 1229 428 1307 λεύσαντος
442 1233 475 1296 έν
490 1227 683 1312 Ἰερουσαλήμ
716 1230 784 1296 Ἵνα
801 1233 833 1300 δὲ
848 1229 888 1316 μή
906 1235 938 1299 έν
955 1233 1108 1322 ααρεξύδιγ
1119 1232 1258 1316 γίνομαι,
1279 1225 1412 1313 τταρερηύ-

277 1357 363 1414 μενος
379 1331 416 1398 τδ
430 1331 504 1398 ιιατύ
519 1330 574 1413 τήν
590 1337 648 1397 νῦν
661 1329 812 1400 Ἰουδαίαν
826 1337 1004 1419 θρησκείαν,
1026 1333 1077 1398 ιιαλ
1092 1331 1133 1416 μή
1147 1329 1414 1416 ύτιοσημοινύμενος

277 1441 329 1516 τῆς
342 1431 404 1500 κατ’
420 1429 529 1508 αθιούς
544 1430 633 1516 δύξης
644 1433 699 1517 τήν
712 1433 874 1515 ύιτύθεσιν,
903 1432 985 1521 ὀλίγα
1000 1432 1061 1502 dm*
1077 1442 1136 1501 νῦν
1150 1441 1265 1500 ιτολλοῦν
1282 1429 1414 1519 τταραθή·

276 1557 372 1618 σομαι.
417 1542 500 1601 Πῦσι
517 1533 572 1620 γδρ
595 1533 636 1611 οἱς
655 1537 748 1603 είιιεῖν
765 1535 956 1623 φανερώτατα
973 1533 1097 1621 ύιιύρχει
1117 1534 1153 1602 τοί
1173 1534 1246 1602 τιατύ
1266 1533 1336 1610 τούς
1348 1532 1414 1598 Ἴου·

277 1640 386 1714 δαίους.
430 1635 487 1703 Διδ
504 1635 541 1704 υύ
554 1634 633 1704 τιοίνυ
644 1638 779 1720 ιιύματον
793 1637 968 1720 ἀναδέξομαι
982 1640 1051 1723 περί
1062 1635 1170 1720 ταύτης
1184 1645 1237 1720 τῆς
1249 1634 1417 1708 ύτιοθέσειος

277 1740 352 1806 md
365 1737 398 1804 τδ
412 1737 585 1805 λετιτύταιον
597 1740 812 1826 διηγήσασθαι,
833 1738 891 1806 ἄλλ’
903 1735 945 1808 σίν
957 1734 996 1824 ἦν
1008 1737 1170 1826 α’νιιγιιαῑον
1183 1737 1263 1825 ύλίγα
1277 1735 1338 1804 ύιτδ
1353 1743 1417 1802 τεολ·

277 1847 337 1906 λοῑν
357 1842 488 1906 ένταῦθιι
508 1844 707 1926 παραθέσθαι.

144 1947 211 2015 Κεφ.
228 1947 260 2016 γ’.
360 1939 504 2008 Ἰουδαῖοι
523 1947 623 2010 τοίνυν
643 1948 674 2010 οί
694 1943 754 2010 dm·
778 1953 830 2012 τοῦ
853 1942 990 2029 Ἀβραιίμ
1013 1941 1088 2010 ιιοτύ
1112 1941 1253 2026 διαδοχήν
1274 1938 1419 2022 ύιτύργον·

163 2043 213 2086 ¹²¹⁸·
229 2033 261 2077 Π·
280 2067 342 2120 τες,
376 2046 427 2109 καί
454 2044 508 2128 τήν
535 2044 626 2112 αύτοῦ
654 2049 826 2130 θεοσέβειαν
854 2045 1069 2130 διαδεξάμενοι,
1103 2043 1264 2132 περιτομήν
1289 2044 1345 2126 μέν
1370 2047 1422 2107 τοῦ

279 2143 417 2230 Ἀβρααμ
437 2149 552 2230 ἔχουσιν
558 2199 567 2228 ,
595 2147 727 2232 ήνιιατοί
750 2147 907 2236 ιιρύςταξιν
927 2156 1002 2215 θεοῦ
1023 2151 1140 2231 είληφεν
1164 2144 1355 2230 έντνηιιοστύν
1378 2147 1421 2210 έν·

281 2273 370 2313 νατον
397 2250 461 2324 έτος
488 2249 639 2336 ιιατύγιου,
667 2247 705 2318 δι’
727 2252 823 2316 αἰτίαν
848 2251 887 2334 ἣν
913 2249 975 2316 ύνοι
1001 2258 1160 2334 προεῖπον,
1188 2245 1287 2324 είςτδ
1315 2245 1424 2312 τούτου

280 2351 394 2434 σπέρμα
407 2347 552 2434 ττύροιτιον
566 2351 722 2436 γενόμενον
737 2355 770 2420 έν
784 2361 821 2443 τῇ
836 2350 969 2441 ύλλοτρίγ
984 2350 1024 2436 μή
1041 2349 1266 2436 οίτιοστραφήναι
1279 2347 1314 2414 τδ
1331 2347 1425 2429 ὄνομα

280 2458 334 2516 τοῦ
348 2458 438 2531 θεοῦ,
469 2454 517 2516 έιτί
536 2452 669 2536 σώματος
688 2455 720 2522 δί
743 2459 911 2540 ισφροιγίδα
923 2457 1040 2539 φέρειν,
1068 2451 1261 2536 ύτιομνήσειυς
1274 2449 1360 2534 χάριν
1376 2449 1427 2515 ιιαί

281 2555 412 2638 έλέγγου,
441 2557 483 2630 είς
502 2553 535 2620 τδ
551 2557 681 2639 έμμένειν
696 2563 733 2646 τῇ
747 2563 801 2623 τοῦ
816 2555 926 2642 αατρδς
943 2553 1041 2622 αύτῦν
1054 2558 1217 2642 θεοσεβείᾳ.
1256 2550 1290 2617 ‘0
1307 2554 1341 2618 δέ
1357 2559 1428 2624 τεαῖς

280 2654 389 2722 τούτου
402 2652 504 2722 Ἰσαοίιι
518 2654 698 2744 ὀκταήμερος
710 2660 919 2742 περιτέμνεται,
939 2655 980 2735 οἱς
992 2655 1026 2723 τύ
1040 2663 1094 2722 τοῦ
1106 2663 1184 2722 θεοῦ
1197 2652 1254 2738 είγε
1267 2657 1426 2734 θέσιτισμα.

282 2757 344 2820 Καί
360 2754 543 2844 ύμολύγηται
557 2760 611 2841 μίν
626 2758 672 2826 δτι
687 2763 721 2826 έιι
736 2758 956 2844 τιροςτύγματος
968 2766 1045 2826 θεοῦ
1061 2754 1236 2842 ήιιεριτομή
1251 2755 1316 2822 τότε
1329 2753 1428 2838 ύπήρ-

282 2883 321 2942 γι.
369 2857 460 2949 Τύτιρτ
481 2863 513 2927 δί
534 2853 571 2944 ἦν
588 2861 662 2942 αῦτη
678 2863 885 2945 διατεταγμίυη
899 2860 979 2942 τότε,
1009 2859 1050 2938 εύς
1063 2858 1139 2928 ιιατοί
1155 2855 1339 2925 ύιιολουθίαν
1355 2885 1428 2942 τερο-

283 2964 432 3044 βαίνοντες
448 2961 570 3047 ὕστερον
586 2965 654 3046 περί
669 2961 776 3029 τούτου
789 2967 926 3045 δείξομεν.
968 2961 1136 3047 Διήρτιεσαν
1148 2966 1247 3027 τοίνυν
1258 2957 1431 3044 περιτεμνό-

283 3087 364 3144 μενοι
382 3064 434 3128 ιεαί
452 3068 606 3152 θεοσεβείᾳ
620 3066 843 3150 ιιροςανέγοντες
862 3067 894 3130 οί
911 3062 996 3130 αύτολ
1011 3072 1065 3132 τοῦ
1081 3060 1219 3149 Ἀβραὰμ
1236 3061 1312 3129 ιιστδ
1326 3066 1432 3129 διαδο-

282 3161 337 3247 χήν
351 3169 467 3245 παῖδες,
489 3163 540 3231 τίετ’
556 3163 665 3246 αύτοῦ,
686 3168 780 3248 φημί,
801 3168 853 3232 ιιαί
868 3170 1013 3249 ταθεξής,
1040 3163 1159 3244 Ἰσαιίτι,
1183 3161 1310 3248 Ἰατισδβ,
1331 3167 1386 3230 τιαί
1404 3165 1436 3230 οί

282 3265 389 3332 τούτου
403 3271 522 3346 τιαῑδες,
544 3269 577 3332 έν
594 3292 624 3333 τε
636 3275 672 3358 τή
691 3271 863 3334 Χανανίτιδι
877 3275 931 3357 γή,
951 3265 1085 3356 Ἰουδαίᾳ
1099 3269 1152 3332 αιιί
1168 3270 1333 3354 Φιλιστιαίρ
1348 3265 1434 3332 οῦτοι

282 3371 424 3454 κληθείσῃ
445 3367 525 3450 τότε,
553 3368 589 3435 τιί
607 3377 663 3436 νῦν
683 3369 716 3435 δέ
734 3373 912 3460 Παλαιστίνη
926 3371 1107 3460 καλουμένη,
1133 3366 1203 3434 ύλλδ
1219 3369 1271 3433 ταί
1286 3370 1320 3433 ίν
1334 3366 1436 3454 Αίγύ·

282 3495 356 3558 τττρτ.
398 3468 509 3553 Ἰαιιοδβ
526 3469 581 3559 γύρ
598 3469 616 3538 δ
630 3473 682 3537 ιιαί
696 3469 814 3555 Ἰσραήλ
829 3470 958 3537 τιοίτεισιν
976 3469 1039 3554 ἅμα
1054 3479 1118 3546 τοῖς
1133 3472 1236 3535 ένδετια
1252 3466 1349 3536 αύτυῦ
1363 3495 1436 3536 παι·

283 3575 330 3638 σίν
344 3573 386 3647 είς
399 3575 570 3657 Αίγυιττον,
591 3575 656 3649 έτος
670 3572 807 3658 ιιατύγοτυ
820 3571 974 3640 έτιατοστδν
986 3571 1158 3656 τριακοστὸν
1170 3579 1223 3655 τῆς
1236 3568 1331 3637 αύιοῦ
1345 3579 1438 3654 ξαοῆς.

282 3672 396 3758 Ἰωσήφ
411 3674 442 3741 δί
456 3671 476 3740 εί
487 3676 584 3759 ίτερος
599 3672 692 3741 αύιοῦ
707 3673 773 3750 υίδς
790 3671 849 3758 ήδη
863 3677 897 3740 έν
911 3673 1055 3764 Αίγύτιτςο
1069 3680 1240 3760 τιροῦιτῆρχε
1254 3673 1439 3755 βασιλεύειν,

284 3778 412 3862 ιιραθείς
424 3773 483 3842 ύττδ
496 3783 555 3842 τῶν
570 3774 705 3857 ύδελφῦν
719 3773 812 3841 αύτοῦ
825 3774 875 3842 δαί
890 3774 1018 3858 φθόνον.
1058 3772 1094 3840 Ἠ
1106 3775 1139 3840 δί
1153 3781 1207 3840 τοῦ
1220 3779 1297 3840 θεοῦ
1314 3776 1441 3840 οίτιουο-

284 3883 336 3961 μία
360 3875 398 3946 τιί
421 3876 523 3964 α’γαθοί
545 3885 725 3962 συνεργοῦσα
749 3883 791 3965 τῷ
813 3881 916 3967 διιιαίρι
940 3881 981 3954 είς
1006 3873 1186 3961 θαυμασμδν
1207 3873 1353 3962 μετήγαγε
1381 3875 1444 3960 τήν

286 3980 387 4046 1ιιατιί
402 3987 457 4046 τοῦ
471 3976 585 4061 Ἰωσήφ
602 3977 770 4068 έτιιβουλήν.
814 3978 935 4046 ίίοίτειει
950 3983 1067 4058 τοίνυν,
1096 3975 1307 4068 τίςιιροεῑιιον,
1335 3973 1357 4044 o‘
1376 3975 1445 4044 Ἰα-

284 4077 350 4164 ιιιίβ
363 4083 415 4148 ιιαί
432 4084 463 4147 οί
476 4078 528 4146 τίετ’
545 4078 637 4146 αύτοῦ
650 4083 727 4159 υίοί,
748 4083 799 4147 ιιαί
815 4091 952 4168 γυναίιιες
965 4083 1016 4147 ιιαλ
1031 4083 1161 4166 έιιγονοι,
1181 4081 1214 4144 έν
1228 4077 1447 4165 ἑβδομήκοντα

286 4182 371 4248 πέντε
388 4191 499 4265 φυγαῖς
515 4180 746 4268 ιίριθμηθέντες,
774 4185 817 4260 τίς
834 4187 1003 4270 Αίγυιιτον,
1034 4179 1075 4259 τίς
1091 4183 1214 4267 περιέχει
1228 4177 1249 4263 ή
1265 4177 1377 4266 ιιριύτιρ
1397 4188 1447 4266 βί-

286 4285 357 4368 βλος
382 4290 437 4366 τῆς
456 4281 532 4350 τιατιί
553 4284 689 4349 Μαῦσέα
712 4281 928 4368 Πενιαιεύγου,
957 4291 1062 4366 σαφοῦς
1080 4287 1208 4366 δηλοῦσα
1230 4283 1298 4369 ιιερί
1318 4284 1450 4370 γούτιιν

319 4421 344 4471 Q,
364 4423 436 4484 ίίιλρο
452 4419 611 4488 καλούμενος.

322 4488 381 4538 (λιν.
397 4489 441 4538 ΙΙΙ.
458 4515 491 4528 -
512 4491 532 4540 1.
550 4493 585 4540 lta
602 4505 680 4542 οιιιιιεε
694 4493 762 4551 λίθοι’,
778 4505 825 4542 ιιοιι
842 4493 976 4557 σφραγῖδα.

320 4560 345 4608 2.
362 4558 399 4607 ίίσ
415 4559 511 4607 correxi.
547 4559 620 4622 λὐίφο
636 4551 692 4611 κατ’
708 4551 794 4610 αύτοῦ.
