3018 4994
339 285 999 354 rurrumrure.r.rou.ur.uusa.xxxrr.
1185 286 1246 350 453

172 419 252 486 Nam
272 419 394 486 Aeones
410 443 428 486 a
445 419 576 484 Tetrade
592 419 715 506 protecti
730 429 810 484 sunt.
853 415 887 482 lu
902 439 957 503 qua
973 417 1020 482 isti
1038 417 1245 496 censebantur,
1265 427 1324 496 cop.
1340 427 1373 480 x.

89 523 188 589 llomo
212 535 242 587 et
262 521 412 601 Ecclesia,
444 521 575 586 Verbum
599 533 628 586 et
647 521 729 586 Vita.
775 520 823 584 ab
846 521 882 584 iis
905 521 1083 605 profluentes
1105 523 1246 604 quaedam

89 625 225 692 Virtutes
248 623 343 690 lesum
367 625 445 690 illum
470 635 662 710 procrearunt
684 623 731 708 qui
755 624 783 686 in
806 623 894 686 terris
916 625 1060 708 apparuit.
1106 619 1246 688 Ceterum

88 731 119 793 iu
137 727 227 794 Verbi
250 728 345 791 locum
366 729 500 811 angelum
520 725 705 806 Gabrielem,
737 725 824 790 Vitae
848 747 920 790 vero
944 723 1085 811 Spiritum
1106 724 1246 792 Sanctum

89 853 157 896 esse
182 830 367 894 substitutum
392 840 545 894 asserunte
580 830 656 893 sieut
682 827 816 892 Hominis
843 838 941 914 partes
966 829 1112 892 Altissiuri
1138 829 1243 909 uirtus,

87 933 244 998 Ecclesiae
262 953 333 996 vero
352 930 444 1016 Virgo
461 931 610 996 sustinuit.
656 929 708 997 Sic
725 932 775 995 ille
792 931 927 1016 peculiari
947 932 1129 1013 providentia
1147 932 1242 996 editus

88 1037 124 1098 de
141 1033 237 1098 Maria
255 1045 340 1098 natus
359 1046 404 1097 est
420 1033 533 1112 Homo,
558 1055 642 1118 quem
658 1055 710 1119 per
725 1045 839 1097 uterum
856 1053 1007 1114 egressum
1028 1033 1072 1096 sui
1090 1034 1126 1095 nd
1143 1035 1244 1118 cogui-

88 1139 198 1201 tionem
220 1157 273 1222 per
290 1135 421 1200 Verbum
441 1138 568 1200 omniurn
587 1133 701 1200 Parens
718 1135 819 1218 elegit.
867 1132 999 1218 Cumque
1018 1136 1052 1198 ad
1072 1156 1175 1219 aquam
1195 1136 1245 1198 ab·

87 1239 212 1304 luendus
234 1239 383 1317 uenisset,
417 1239 446 1303 iu
469 1260 534 1302 eunt
554 1239 704 1302 columbae
725 1237 914 1302 descendisse
933 1236 1031 1320 specie
1055 1237 1132 1301 illurn
1153 1238 1245 1322 ipsum

88 1352 228 1420 narrant,
260 1342 308 1426 qui
327 1361 620 1406 sursumrecurreus
640 1341 848 1404 duodenarium
866 1359 1017 1404 numerum
1036 1339 1183 1424 impleuitp
1214 1339 1244 1404 io

86 1426 146 1530 quo
168 1463 268 1508 semen
291 1443 369 1508 inest
391 1465 490 1508 eorum
514 1465 588 1529 qnae
611 1465 676 1508 cum
698 1443 748 1507 illo
768 1453 831 1506 sata
851 1442 961 1525 pariter
982 1453 1012 1504 et
1030 1442 1245 1506 descenderunt

87 1559 118 1612 et
136 1547 345 1610 ascenderunt.
386 1545 481 1631 lpsam
499 1567 571 1608 uero
587 1547 735 1631 delapsam
751 1567 767 1608 e
784 1544 866 1610 coelo
883 1545 1018 1608 virtutem
1034 1565 1133 1607 semen
1147 1541 1244 1608 Patris

90 1649 193 1714 deliuit
212 1669 298 1727 esse,
324 1649 398 1732 quod
418 1650 446 1711 iu
466 1669 499 1712 se
517 1660 627 1732 patrem
647 1670 682 1712 ec
700 1645 825 1725 Filium,
850 1669 971 1731 eantque
989 1644 1076 1728 Siges
1094 1648 1243 1724 virtutem,

87 1774 163 1837 quae
185 1773 237 1836 per
256 1751 320 1814 illos
339 1751 453 1834 cognita
471 1751 587 1814 rtcnriue
609 1761 690 1814 earet
707 1751 802 1829 omui,
827 1771 861 1814 ac
879 1751 1007 1834 reliquos
1025 1750 1146 1813 Aeones
1166 1771 1244 1812 oom-

87 1855 236 1940 plectitur.
283 1853 426 1938 llrrucque
443 1851 585 1938 Spiritum
606 1873 671 1916 esse
690 1851 848 1931 Snumum,
881 1851 929 1937 qui
949 1873 999 1937 per
1018 1848 1112 1916 lesum
1129 1851 1243 1916 locutus

86 1979 153 2019 curn
173 1977 266 2040 euqrte
287 1958 460 2020 eouirruetus
477 1967 534 2019 est.
582 1952 641 2019 luna
661 1976 732 2018 vero
748 1965 888 2032 mortem,
915 1957 1025 2038 inquit,
1049 1951 1187 2020 Salvator
1204 1976 1244 2020 ex

85 2059 138 2123 illa
155 2060 335 2143 providentia
357 2071 442 2124 natus
461 2059 595 2137 sustulit,
627 2054 833 2141 Christumque
852 2067 963 2142 patrem
983 2055 1146 2120 lucruiuibus
1164 2068 1245 2142 pate·

87 2161 171 2224 lecit.
213 2157 310 2224 lesum
326 2163 423 2244 itaque
439 2183 544 2226 rucmen
560 2163 623 2226 eius
637 2181 704 2226 esse
721 2161 866 2246 proprium
882 2158 1006 2223 bominis
1022 2160 1135 2236 statuit,
1159 2181 1243 2244 quem

86 2263 247 2345 singularis
265 2263 312 2325 illa
331 2265 513 2347 prouidentia
530 2263 681 2342 submisit,
715 2264 765 2326 sed
784 2263 818 2324 ed
838 2262 959 2325 alterius
975 2261 1189 2326 similitudinem
1209 2283 1242 2326 ue

86 2365 350 2448 corriguraticuem
367 2366 531 2450 impositum
551 2387 636 2444 csse,
668 2366 715 2450 qui
736 2365 763 2428 iu
784 2365 875 2448 ipsum
894 2375 958 2428 erat
974 2364 1127 2448 nliquaudo
1147 2365 1243 2448 lapsu·

85 2489 152 2532 rus.
199 2463 293 2550 Quem
318 2489 381 2532 cum
402 2469 586 2552 excepisset,
618 2489 675 2532 uua
696 2477 725 2530 ct
744 2465 899 2530 llomiuem
919 2467 1031 2551 ipsum,
1062 2477 1092 2530 et
1112 2464 1242 2530 Verbum

85 2593 123 2634 ac
144 2567 279 2648 Patrem,
312 2579 340 2632 et
359 2571 517 2634 Arrlueturn
541 2591 576 2634 ac
596 2567 704 2656 Sigeo,
738 2567 901 2634 Veritatem
923 2570 992 2632 item
1016 2580 1045 2633 et
1065 2567 1240 2650 Ecclesium,

85 2671 245 2756 Vitamque
268 2673 536 2758 ccunprebeodisse.

174 2874 260 2959 Quae
282 2897 384 2940 omues
407 2877 521 2941 illorum
542 2877 655 2942 labulae
675 2875 815 2939 eiusmodi
832 2885 918 2955 suut,
950 2887 981 2940 ut
1002 2876 1038 2939 iis
1058 2876 1241 2960 deplorandis
1260 2891 1378 2960 capiti.

84 2979 198 3044 nullum
218 2977 300 3042 lleu!
329 2977 410 3043 lleu!
435 2980 482 3043 vel
497 2977 593 3044 Probl
619 2999 713 3062 raeque
730 2979 786 3041 ulla
804 2999 925 3063 prorsus
944 2979 1054 3062 tragica
1071 3001 1131 3042 vox
1150 3001 1184 3044 ae
1201 2980 1242 3044 la-

84 3081 230 3144 mentatio
249 3081 341 3166 possit
358 3081 502 3146 sufficere.
549 3079 624 3163 Qruis
643 3081 719 3144 euim
738 3102 794 3144 nou
815 3081 912 3144 talium
934 3082 1149 3144 urerrdaciorum
1169 3081 1242 3145 iule-

83 3184 174 3248 lieem
192 3185 331 3246 artilicem
351 3186 462 3263 oderit,
495 3206 559 3247 cunr
578 3182 739 3248 Veritatem
758 3185 850 3268 ipsam
868 3184 896 3246 iu
916 3183 1002 3248 inane
1019 3184 1203 3247 simulacrum
1224 3207 1240 3248 a

82 3283 194 3350 Marco
210 3286 397 3348 deformatam
414 3287 511 3350 videat
526 3297 572 3365 et,
597 3288 672 3369 quod
689 3286 808 3369 gravius
824 3296 885 3363 est,
909 3285 1052 3369 nlpltabeti
1069 3287 1160 3350 literis
1179 3299 1242 3351 tuu-

83 3409 174 3472 quam
191 3387 374 3470 stigmatibus
391 3388 534 3466 inustam,
566 3398 597 3452 ut
616 3390 689 3472 quod
711 3409 803 3473 uuper
820 3389 970 3452 admodum
991 3399 1076 3474 utque
1100 3390 1181 3469 beri,
1211 3401 1242 3454 ut

84 3491 188 3567 aiunt,
218 3501 248 3552 et
264 3491 474 3554 nudiustertius
490 3491 610 3567 accidit,
641 3491 794 3574 quasiiam
814 3503 870 3553 tum
889 3491 955 3553 clim
973 3493 1138 3570 extitisset,
1170 3475 1254 3556 retu-¹

84 3592 181 3654 ditare
204 3593 357 3655 studuerit.
404 3590 511 3656 Graeci
533 3595 647 3676 quidem
666 3590 742 3656 xvt
765 3589 911 3658 aCadmc
930 3594 1031 3656 literas
1051 3595 1171 3679 primum
1192 3616 1241 3658 au-

84 3695 203 3777 erpisse
218 3714 252 3755 se
267 3705 438 3770 memorant,
460 3705 518 3758 tum
532 3715 548 3758 a
562 3717 594 3758 se
611 3696 863 3779 progredientibus
880 3697 1058 3780 temporibus
1074 3698 1147 3760 alias
1164 3699 1241 3782 aspi·

85 3807 187 3874 rates,
211 3796 283 3859 elias
301 3796 430 3882 duplices
448 3799 602 3876 inventas,
627 3810 774 3882 postremo
790 3819 807 3862 a
822 3796 977 3863 Palamede
996 3799 1122 3863 maiores
1139 3801 1240 3863 adiuu-

83 4051 199 4120 pientern
214 4049 305 4102 babere
319 4062 344 4102 et
358 4049 437 4116 ipsum
451 4051 584 4104 Hominem
598 4059 650 4106 nell.
682 4053 808 4105 daeiornm
832 4053 909 4104 malus
934 4055 1094 4122 compositor.
1135 4058 1164 4106 le
1183 4062 1240 4120 pule

120 4119 182 4170 Cur.
199 4119 244 4170 xl.
263 4147 296 4158 -
317 4126 336 4170 t.
355 4120 427 4185 ῑησοῦ
444 4123 479 4170 ed.
494 4125 571 4183 princ.
679 4125 798 4174 lrenceurn
815 4128 933 4186 sempstsse
949 4122 1147 4176 xoxocuubdrtue.

117 4190 143 4240 ¹2.
162 4183 210 4252 ‘cris
230 4191 319 4238 eruunt
338 4204 392 4238 cunr
415 4192 530 4240 blossueto
550 4205 593 4252 pre
616 4187 645 4242 ri
713 4190 737 4240 d.
757 4195 853 4240 Vnrr'urn
873 4196 897 4242 r'n
914 4194 1011 4242 modum
1031 4195 1088 4242 bure
1102 4195 1173 4242 uerbo
1190 4196 1240 4244 dis-

83 4259 148 4320 qucd
165 4258 218 4306 tttrt
232 4257 323 4308 babent.
358 4259 404 4306 tet
419 4260 545 4320 interpres:
562 4267 589 4306 et
602 4275 644 4306 nu·
679 4263 803 4310 tinxerunt.
829 4263 853 4309 V.
862 4263 951 4310 lrrncet
962 4265 1094 4322 interpreter
1105 4267 1125 4310 et
1136 4265 1240 4314 editores.

83 4342 131 4392 per
146 4323 284 4374 uniuersum
298 4325 416 4391 tragicam
432 4325 646 4376 exclamationem.
714 4327 738 4380 7.
755 4329 791 4377 lto
806 4329 873 4378 cedri.
890 4330 964 4378 Venet.
986 4332 1066 4389 Vetto,
1084 4335 1105 4378 et
1119 4332 1154 4380 ed.
1169 4332 1239 4380 Pete·

117 4393 143 4444 3.
163 4389 307 4458 duodenum
322 4397 411 4455 ptueur't
429 4395 531 4444 Petcutc.
680 4397 721 4444 ull.
756 4393 831 4460 ueneni
851 4397 918 4447 codd.
934 4397 1031 4459 Rbcdr'p.
1049 4399 1125 4448 Puris.
1135 4433 1144 4460 ,
1166 4403 1186 4448 et
1202 4400 1239 4448 ed.

118 4457 144 4510 4.
163 4459 420 4526 apsetianensium.
437 4463 511 4511 Venet.
677 4467 753 4526 princ.

120 4528 146 4578 5.
167 4529 214 4578 Vct.
226 4532 339 4591 interpres
351 4532 418 4579 uertit
433 4539 559 4580 tentorum
574 4547 647 4582 meu-
