3018 4994
263 301 324 366 370
684 313 803 365 οκαστι
824 313 991 366 mmm!

264 428 385 496 πόντων
401 421 421 518 ᾗ
438 426 629 510 πεφυλακιίς,
657 427 761 512 1θίίεί
775 436 833 496 τῦν
845 437 958 496 λοιπῶν
972 428 1025 504 τοίς
1038 427 1181 516 συζόγονς
1196 429 1336 512 κατέλεγε,
1357 428 1402 490 ταί

263 529 317 616 τὴν
332 537 385 598 τοῦ
400 528 579 616 ’Λνθρόπου
594 529 632 596 ίίν
645 529 805 614 μεμηνόκει
818 530 952 618 σύζυγον,
974 534 1026 596 καί
1039 529 1095 597 οόκ
1111 530 1147 598 ῦν
1163 528 1279 612 όφῆκεν
1292 532 1324 596 ἰκ
1339 555 1402 611 μαν-

263 638 340 710 τείας
360 630 438 716 ἡμᾶς
458 631 616 716 λαμβάνειν
637 632 767 716 τοῦνομα
788 631 887 716 αὐτῆς.
934 632 1054 718 Φανερολ
1070 625 1125 700 οῦν
1142 631 1163 715 τί
1180 640 1232 715 τῆς
1250 631 1404 717 ἐξηγήσεως

263 739 468 822 παραιτοίησις.
503 742 561 800 Τοῦ
577 735 631 821 γολρ
648 733 784 802 Ἰωάννου
801 738 852 801 ἕνα
867 735 941 802 θεόν
956 735 1179 820 παντοκράτορα
1192 737 1241 800 καί
1259 737 1310 800 ίνα
1323 761 1403 817 μονο-

262 845 331 923 γενῆ
352 836 480 923 Χριστόν
496 834 608 920 Ἰησοῦν
624 838 838 922 κηρύσσοντος,
871 836 908 904 δι’
930 832 965 904 οὗ
988 837 1023 904 τοί
1044 837 1141 904 πάντα
1158 839 1304 922 γεγονέναι
1326 838 1403 920 λίγει,

262 946 367 1006 τοῦτον
382 938 450 1006 υἱόν
464 945 555 1018 θεοῦ,
577 946 681 1006 τοῦτον
696 947 856 1025 μονογενῆ,
884 947 988 1006 τοῦτον
1003 939 1121 1006 πόντων
1136 939 1279 1022 ποτητην,
1307 947 1404 1005 τοῦτον

262 1051 327 1124 φιῦς
341 1041 499 1127 οίληθινόν,
521 1047 684 1122 φωτίζοντα
699 1040 796 1106 πάντα
814 1041 993 1128 ἄνθρωπον,
1021 1049 1126 1108 τοῦτον
1143 1040 1258 1124 κόσμου
1274 1039 1404 1124 ποιητήν,
1498 1071 1499 1084 ’

141 1176 191 1222 pag.
204 1163 247 1206 ιον.
262 1152 365 1211 τοῦτον
388 1148 429 1221 εἰς
450 1141 486 1209 τό
508 1147 569 1209 ἰδια
589 1142 768 1225 έληλυθότα,
798 1152 904 1210 τοῦτον
924 1142 1016 1210 αῦτόν
1037 1144 1132 1228 σόρκα
1153 1143 1292 1229 γεγονότα
1318 1145 1404 1209 ιικαί

146 1331 148 1336 Ι
262 1246 448 1329 έσκηυωκότα
470 1248 501 1312 έν
518 1243 604 1328 ἡμῖν,
635 1237 717 1312 οῦτοι
735 1249 969 1332 παρατρέποντος
986 1245 1061 1312 κατοί
1078 1246 1110 1313 τό
1128 1246 1260 1313 πιθανόν
1274 1245 1329 1328 τὴν
1345 1245 1406 1328 ἐξό-

262 1371 360 1435 γησιν,
383 1347 468 1414 ῦλλον
484 1348 535 1430 μὲν
549 1346 601 1414 τόν
618 1355 777 1432 Μονογενῆ
791 1351 931 1416 θέλουσιν
945 1347 1019 1415 εἰναι
1034 1347 1108 1415 κατό
1123 1347 1176 1432 την
1191 1347 1352 1434 προβολὴν,
1372 1347 1408 1414 ἰν

260 1449 299 1534 δὴ
315 1453 366 1516 καί
381 1448 486 1536 ’Λρχην
500 1457 655 1529 καλοῦσιν,
679 1448 765 1518 όλλον
781 1453 813 1516 δέ
829 1450 880 1518 τόν
895 1458 1022 1537 Σωτῆρα
1039 1454 1187 1536 γεγονέναι
1201 1453 1338 1530 θέλουσι,
1357 1454 1407 1516 καί

260 1551 346 1620 ἄλλον
366 1552 417 1620 τόν
438 1551 541 1640 Λόγον
564 1551 631 1618 υἱόν
652 1560 706 1618 τοῦ
725 1561 934 1639 Μονογενοῦς,
965 1556 1017 1619 καλ
1038 1552 1124 1620 ἄλλον
1144 1554 1196 1620 τόν
1218 1551 1346 1640 Χριστόν
1367 1557 1409 1628 εἰς
1499 1593 1500 1646 ι

259 1654 468 1740 ἐπανόρθωσιν
488 1663 542 1722 τοῦ
562 1658 767 1740 Πληροίματος
784 1657 1031 1740 προβεβλημένον.
1076 1659 1136 1722 Καὶ
1154 1661 1190 1722 ἓν
1206 1659 1330 1722 ἕκαστον
1350 1663 1409 1722 τοῖν
1499 1649 1500 1654 ¹

259 1759 419 1844 εἰρημένων
435 1757 557 1842 ῦραντες
575 1755 633 1823 οἰπό
652 1765 704 1840 τῆς
723 1755 877 1840 ιίληθείας,
908 1757 1156 1844 καταχρησόμενοι
1174 1767 1237 1835 τοῖς
1255 1755 1407 1842 όνόγιασιν,

259 1862 301 1936 εἰς
314 1859 367 1943 την
381 1863 458 1926 ἰδίαν
473 1857 621 1926 ῦπόθεσιν
634 1862 828 1946 μετήνεγκαν,
851 1859 922 1936 όίςτε
936 1859 999 1926 κατ’
1013 1858 1126 1936 αῦτοῦς
1135 1864 1167 1927 ἰν
1182 1869 1245 1936 τοῖς
1258 1859 1409 1936 τοσοῦτοις

257 1961 310 2028 τόν
325 1960 463 2045 Ἰωάννην
485 1969 539 2029 τοῦ
558 1967 662 2048 κυρίου
678 1960 775 2044 Ἰησοῦ
793 1969 923 2046 Χριστοῦ
940 1967 1041 2046 μνείαν
1061 1961 1146 2047 ημὴ
1164 1971 1325 2028 ποιεῖσθακ
1369 1965 1411 2028 Εἰ

259 2063 313 2150 γόρ
334 2066 452 2150 Πατέρα
472 2067 584 2148 εἰρηκε,
614 2066 664 2131 καί
683 2065 794 2150 Χόριν,
822 2067 873 2130 καί
891 2073 1066 2151 Μονογενῆ,
1095 2067 1145 2130 καί
1160 2061 1332 2149 Ἀλήθειαν,
1359 2069 1408 2130 καί

258 2165 373 2252 Λόγον,
395 2168 445 2231 καί
464 2163 566 2248 Ζωήν,
589 2165 841 2252 καί”Λνθρωττον,
864 2169 914 2232 καί
927 2165 1109 2250 Ἐκκλησίαν,
1131 2166 1206 2234 κατοί
1221 2165 1275 2250 τὴν
1290 2170 1409 2234 έκείνων
1500 2193 1501 2210 ¹

258 2265 403 2334 ῦπόθεσιν
422 2269 490 2353 περὶ
511 2274 563 2350 τῆς
583 2267 701 2353 πραότης
719 2267 879 2354 Ὀγῦοιίίος
898 2272 1029 2354 εἰρηκει,
1061 2272 1092 2336 ἐν
1110 2261 1131 2358 ᾖ
1148 2267 1266 2336 οῦῦέπω
1282 2267 1407 2352 Ἰησοῦς,

260 2367 376 2436 οῦῦέττω
394 2369 522 2456 Χριστός
534 2367 554 2435 ό
568 2378 621 2436 τοῦ
633 2368 771 2437 Ἰωοὶννου
782 2369 964 2447 διδάσκαλος.
985 2371 1054 2438 Ὅτι
1069 2373 1101 2438 δέ
1114 2368 1151 2437 οό
1166 2373 1233 2456 ττερί
1249 2378 1309 2438 τῶν
1324 2379 1407 2449 συζυ·

257 2479 331 2557 γιοῑν
352 2470 449 2538 οότοίν
469 2469 486 2538 ό
506 2469 667 2547 όπόστολος
685 2475 817 2559 εἴρηκεν,
847 2470 916 2538 οίλλολ
936 2475 1004 2559 περί
1020 2481 1075 2540 τοῦ
1091 2477 1195 2559 κυρίου
1211 2471 1298 2557 τίμιόν
1314 2471 1410 2556 Ἰησοῦ

261 2581 401 2661 Χριστοῦ,
422 2576 457 2640 ἰίν
472 2577 522 2641 καί
538 2573 625 2660 λόγον
639 2571 701 2639 οἰλε
715 2583 768 2640 τοῦ
781 2582 867 2654 θεοῦ,
889 2572 978 2652 αότός
993 2580 1136 2658 πεποίηκε
1151 2574 1290 2660 φανερόν.
1324 2573 1408 2642 Ἀνα-

257 2679 507 2759 κεφαλαιοῦμενος
527 2676 581 2762 γιίρ
602 2679 667 2760 περί
691 2685 743 2742 τοῦ
766 2677 921 2758 εἰρημένου
943 2675 1022 2766 αότηῦ
1048 2677 1153 2744 ηἰίνω
1175 2680 1206 2744 έν
1225 2675 1300 2766 ιίργῇ
1318 2677 1408 2763 λόγον
1501 2741 1502 2752 ,

259 2781 447 2864 έπεξηγεῖται,
471 2780 531 2844 Καὶ
545 2775 563 2844 ό
577 2776 663 2863 λόγος
677 2777 748 2862 σιίρξ
764 2780 886 2864 ἐγένετο,
908 2781 959 2844 καί
974 2779 1139 2862 ἐσκήνωσεν
1153 2783 1185 2845 έν
1199 2777 1279 2862 ἡμῖν.
1324 2778 1408 2844 Ka&

259 2882 291 2947 δέ
310 2880 364 2964 τόν
381 2883 498 2948 έκείνων
514 2877 660 2946 όπόθεσιν
675 2879 727 2962 οόχ
744 2878 762 2946 ό
777 2879 864 2965 λόγος
879 2879 950 2967 σοίρξ
965 2883 1088 2967 ἐγένετο,
1115 2881 1192 2958 μῦς
1206 2905 1237 2968 γε
1252 2879 1322 2948 οόόέ
1335 2873 1408 2964 ἦλθέ

258 3008 328 3049 ποτε
348 2981 432 3058 ἐκτός
450 2981 671 3068 Πληροίματος,
703 2980 773 3047 όλλιί
790 2979 808 3047 ό
830 2989 863 3028 ¹⁶
874 2985 906 3048 ἐκ
923 2990 975 3066 τῆς
992 2987 1162 3066 οἰκονομίας
1175 2985 1407 3069 μεταγενέστερος

257 3092 310 3151 τοῦ
332 3083 437 3170 Λόγου
459 3084 574 3170 Σωτήρ.

343 3185 469 3252 Μόθετε
486 3179 554 3265 οὖν,
577 3183 707 3270 όυόητοι,
730 3185 776 3252 ῦττ
789 3183 904 3269 Ἰησοῦς
920 3184 938 3252 ό
953 3185 1062 3252 παθοίν
1079 3184 1153 3271 όττίρ
1170 3185 1266 3270 ἡμῶν,
1289 3186 1307 3254 ό
1321 3213 1406 3254 κατα·

258 3288 413 3372 σκηνοίσας
430 3291 462 3354 έν
479 3286 563 3370 ἡμῖν,
586 3281 674 3363 οὗτος
691 3285 782 3364 αῦτός
798 3290 875 3354 ἐστιν
893 3285 912 3354 ό
926 3288 1012 3374 λόγος
1027 3297 1081 3354 τοῦ
1093 3297 1179 3356 θεοῦ.
1226 3293 1269 3356 Εἰ
1284 3292 1335 3373 μίν
1351 3287 1405 3375 γιίρ

258 3389 345 3466 ῦλλος
366 3417 410 3467 τις
427 3397 484 3454 ταῖν
502 3389 631 3456 Λίοἰνων
653 3387 727 3475 ῦπέρ
745 3398 798 3472 της
815 3388 900 3473 ἡμῶν
917 3388 1016 3456 αῦτῦν
1033 3395 1177 3475 σωτηρίας
1195 3389 1268 3474 σόρξ
1286 3393 1404 3478 ἐγένετο,

258 3492 337 3569 εἰκός
358 3485 398 3576 ἦν
416 3494 485 3575 περὶ
506 3490 594 3557 ίίλλου
612 3493 758 3576 εἰρηκέναι
777 3491 829 3558 τόν
851 3489 1020 3558 α’ττόστολον.
1065 3495 1107 3556 Εἰ
1127 3493 1160 3558 δέ
1180 3489 1199 3558 ό
1216 3491 1306 3580 λόγος
1322 3491 1340 3560 ό
1355 3497 1405 3556 τοῦ

259 3592 371 3679 πατρός
393 3591 411 3660 ό
426 3593 557 3676 καταβολς
576 3592 666 3669 αῦτός
683 3595 741 3658 ἐστι
758 3595 810 3657 καί
828 3590 846 3659 ό
862 3592 990 3676 όναβοίς,
1022 3591 1041 3659 ό
1056 3600 1109 3660 τοῦ
1124 3593 1217 3675 μόνον
1232 3603 1310 3662 θεοῦ
1323 3617 1404 3679 μονο·

260 3692 345 3782 γενιίς
362 3693 428 3771 οἰός
441 3693 515 3760 κατιί
531 3693 585 3777 τήν
601 3702 654 3760 τοῦ
669 3692 781 3780 πατρός
799 3691 937 3760 εόῦοκίαν
954 3697 1121 3782 σαρκωθτίς
1137 3693 1211 3782 ότιέρ
1228 3695 1403 3781 οἰνθρτόπων,

260 3796 297 3864 οῦ
314 3799 382 3884 περί
402 3796 489 3864 ῦλλου
507 3795 600 3874 τινός,
631 3793 700 3861 οόῦί
717 3799 783 3880 περί
799 3793 974 3882 Ὀγῦοοίίος,
1003 3795 1055 3862 τόν
1072 3795 1161 3882 λόγον
1184 3801 1402 3881 1έμττεκοίητιιι,

259 3896 317 3964 ἀλλ’
330 3898 351 3983 ἢ
366 3903 433 3986 περὶ
448 3907 502 3965 τοῦ
518 3901 624 3978 κυρίου
637 3895 733 3980 Ἰησοῦ
752 3905 892 3982 Χριστοῦ.
926 3895 1004 3964 Οῦίέ
1018 3897 1074 3985 γοίρ
1089 3896 1108 3965 ό
1121 3897 1209 3984 λόγος
1222 3897 1287 3967 κατ’
1301 3893 1403 3969 advo&

260 4004 490 4086 προηγουμένως
507 3999 580 4084 σόρξ
598 4000 704 4084 γέγονε.
749 4001 879 4085 Λέγουσι
895 4001 927 4066 δέ
942 3999 996 4065 τόν
1013 4006 1140 4083 Σωτῆρα
1156 3999 1335 4067 ίνδόσασθιιι
1349 4003 1400 4062 σῦ·

258 4129 298 4186 μα
316 4101 446 4188 ψυχικόν
467 4106 500 4169 ἐκ
517 4109 569 4185 τῆς
585 4103 754 4184 οἰκονομίας
771 4103 1037 4185 κατεσκευασμένον
1054 4099 1171 4193 α’ρρήτηο
1190 4107 1316 4190 προνοίη
1332 4095 1401 4184 τρίς

294 4257 332 4309 10.
350 4250 370 4324 ἦ
389 4258 411 4311 τί
431 4261 561 4308 emendatio
578 4264 610 4308 ιιι
626 4259 692 4308 maii
708 4262 729 4308 ιλ
746 4259 815 4308 Pela·
885 4257 922 4308 12.
941 4255 979 4323 μὴ
991 4262 1141 4321 partiendam,
1156 4274 1218 4322 ηοοτ
1227 4255 1398 4312 desidum

257 4329 300 4388 νλί,
314 4340 385 4388 quum
397 4329 476 4389 μοικαί
488 4329 534 4376 Vel.
546 4329 666 4388 ίολεεμτττ.
691 4327 815 4374 Libatum
848 4327 899 4375 οοιί.
914 4328 1011 4389 amaia.
1031 4333 1052 4376 τί
1065 4327 1089 4377 ίο
1103 4329 1172 4378 edilis
1184 4331 1259 4391 λλθτλε,
1272 4327 1359 4391 reponi
1371 4321 1399 4370 ί*

256 4396 335 4455 scripti
351 4408 423 4456 ραοιο
440 4396 496 4444 editi
512 4395 622 4456 praebent
637 4395 712 4443 τολαοι
730 4391 761 4444 τί.
849 4393 900 4442 σοί.
911 4396 1001 4444 Veneto.
1023 4397 1133 4446 Ρτίσυίιιε
1143 4401 1165 4446 τί
1175 4398 1258 4448 Βλίλίατ
1268 4391 1398 4448 eom

293 4460 331 4511 ll.
354 4459 398 4513 καλ
421 4457 587 4526 έσκηνωκότα
608 4464 680 4510 νοτία
702 4475 746 4510 οτι.
763 4463 816 4512 ταί.
850 4453 879 4514 ου’
895 4461 1029 4515 ποιεῖσθαι.

260 4531 313 4578 νιο.
886 4528 925 4580 13.
943 4521 995 4582 ἄνω
1011 4523 1078 4598 α’μχή
1094 4527 1171 4597 λόγου
1187 4533 1239 4582 κοιλ
1255 4532 1306 4579 Vm.
