3010 5000
328 283 463 338 hausen
479 283 541 338 Lib.
555 285 575 337 1.
593 285 674 339 ΤΟΜ.
687 284 732 338 tlt.
750 285 849 338 thlll.
863 287 921 338 xl..
1139 276 1199 340 535

64 405 189 483 detecto,
219 403 255 468 ad
277 403 363 468 aliam
386 404 537 489 deinceps,
569 427 627 491 qno
649 426 702 470 nos
719 405 844 470 instituti
867 407 964 493 operis
986 407 1079 473 series
1101 418 1198 488 vocat,

63 507 252 584 convertenda
274 527 377 572 rursus
398 497 504 572 oratio.

202 747 537 826 ADVERSUS
583 747 1051 844 aucflouulcos,

328 894 409 966 quae
437 877 488 946 eol
514 871 659 946 haeresis
678 871 754 946 XX.
783 870 835 946 uel
853 869 926 944 XL.

139 1019 277 1085 Proxima
300 1021 368 1086 hoio
390 1033 436 1086 est
459 1023 702 1088 Archonticorum
728 1022 874 1100 haeresis,
906 1041 980 1106 qnae
1002 1033 1098 1084 tamen
1123 1021 1197 1086 hand
1217 1031 1275 1100 cap.
1295 1033 1313 1081 r.

58 1123 199 1208 plerisque
214 1133 298 1187 extra
310 1121 506 1188 Palaestinam
521 1126 549 1188 in
564 1125 635 1189 locis
648 1125 786 1190 cernitur.
820 1121 1000 1207 Quamquam
1016 1124 1098 1187 virus
1113 1145 1198 1188 soum

56 1228 83 1288 in
100 1223 245 1290 Maiorem
267 1225 354 1290 etiam
372 1227 542 1292 Armeniam
566 1228 751 1292 dill'uderunt.
797 1223 859 1290 lmo
883 1238 912 1288 et
930 1225 959 1290 in
978 1223 1119 1288 Armenia
1138 1223 1196 1288 hli-

57 1349 125 1392 nore
143 1327 241 1392 lolium
258 1329 334 1392 istud
353 1339 434 1394 certo
453 1330 489 1393 ab
508 1329 623 1393 homine
641 1329 855 1394 disseminatum
874 1338 935 1406 est,
960 1327 1007 1411 qui
1026 1328 1110 1412 paulo
1127 1339 1195 1392 aute

57 1427 218 1495 Constantii
237 1429 421 1515 imperatoris
439 1431 547 1496 obitum
571 1451 609 1496 ex
629 1430 770 1494 Armenia
789 1431 818 1494 in
836 1426 1029 1494 Palaestinam
1048 1431 1196 1514 proiectus

56 1545 113 1613 cst,
139 1531 279 1598 Entactus
296 1531 430 1614 nomine,
454 1534 518 1598 sive
532 1534 657 1598 Ataotus
675 1531 782 1619 potius,
807 1532 922 1597 hocest
939 1533 1067 1596 moribus
1083 1541 1196 1617 pertur-

55 1637 148 1700 batus.
195 1633 253 1719 Qui
272 1657 337 1699 cum
354 1636 460 1702 inlelix
476 1637 544 1700 illud
562 1637 665 1722 dogma
681 1634 885 1715 combibisset,
908 1635 937 1700 in
955 1633 1075 1720 patriam
1094 1655 1195 1698 reuer-

55 1759 102 1802 sus
121 1738 251 1823 proliteri
273 1739 370 1823 eoepit
390 1740 465 1823 quod
483 1739 633 1802 didicerat.
678 1735 827 1802 Eiusmodi
844 1758 930 1822 porro
946 1737 1027 1802 uelut
1044 1737 1079 1802 ab
1096 1737 1194 1822 aspide

55 1861 196 1904 venenum
215 1861 232 1903 a
249 1861 320 1904 eene
338 1841 461 1925 quodam
480 1841 632 1918 hauserat,
665 1839 781 1904 nomine
799 1836 905 1920 Petro,
935 1842 986 1905 sed
1004 1839 1121 1904 minime
1141 1839 1195 1902 hae

54 1943 243 2028 appellatione
258 1943 364 2027 digno,
388 1943 483 2028 quiin
502 1942 735 2028 Eleutheropolis
754 1954 783 2007 et
802 1941 1072 2028 Hierosolymorum
1091 1941 1194 2005 linibus

54 2046 216 2125 habitabat,
243 2045 329 2110 tertio
346 2045 382 2110 ab
400 2045 540 2110 Hebrone
558 2045 668 2129 lapide,
693 2045 795 2130 oppido
814 2044 888 2129 quod
906 2041 1123 2109 Cabarbaricha
1142 2067 1193 2108 no-

55 2149 173 2212 minant.
219 2145 296 2213 lluic
318 2168 405 2231 porro
426 2150 490 2212 seui
513 2149 637 2212 vestitus
659 2158 721 2212 erat
743 2148 825 2211 initio
843 2146 999 2232 asperitate
1020 2147 1082 2232 ipsa
1100 2147 1194 2210 horri-

54 2250 115 2314 bilis
136 2260 167 2313 et
188 2251 224 2313 ad
245 2250 458 2314 simulationem
480 2251 649 2328 affectatus,
681 2270 715 2313 ac
738 2271 802 2313 cum
825 2249 1009 2314 extrinsecus
1033 2249 1097 2314 ovis
1119 2249 1194 2334 pelle

54 2363 128 2415 esset
148 2352 280 2430 indutus,
314 2353 397 2439 lupus
420 2363 482 2416 erat
504 2354 581 2416 ictus
600 2352 804 2437 rapacissimus
823 2363 853 2416 ct
870 2351 1010 2416 occultus.
1056 2351 1191 2415 Anacho·

53 2466 112 2518 rata
131 2453 235 2540 qnippe
252 2476 320 2520 esse
337 2455 490 2520 videbatur
506 2456 535 2518 in
555 2455 692 2541 speloooa
710 2455 830 2539 degens.
875 2453 934 2537 Qui
952 2454 1066 2538 quidem
1082 2454 1192 2539 pleros·

54 2577 106 2640 que
128 2557 269 2622 abdicatis
294 2559 417 2622 lortunis
438 2557 572 2624 omnibus
596 2559 631 2621 ad
656 2577 722 2620 sese
744 2557 902 2641 pertraxit,
936 2553 1083 2640 Paterqne
1104 2557 1192 2642 vulgo

54 2681 114 2724 cum
137 2661 175 2723 cb
198 2671 339 2742 acutam,
371 2671 431 2725 tum
456 2660 492 2724 ob
516 2659 642 2724 habitum
667 2659 758 2743 ipsum
782 2659 920 2743 appellari
942 2658 1067 2723 solebat.
1112 2656 1192 2722 ldem

53 2763 185 2848 quicquid
201 2763 369 2827 habebatis
386 2783 496 2848 egenos
513 2761 704 2838 distribuere,
728 2781 762 2824 ac
778 2762 904 2845 quotidie
920 2763 1039 2846 stirpem
1056 2782 1191 2847 erogare.

55 2861 111 2928 sel
136 2863 174 2928 ab
196 2865 314 2930 ineunte
338 2877 433 2930 aetate
456 2865 600 2928 veniisse
624 2863 793 2928 haeresibus
817 2863 980 2928 addixerat.
1024 2861 1133 2928 Postea
1156 2865 1192 2928 ad

54 2965 170 3030 hh'tium
188 2967 353 3053 episcopum
377 2967 486 3030 deletus
509 2988 544 3029 ac
560 2964 767 3030 Gnosticorum
791 2965 919 3029 haeresis
938 2965 1088 3030 convictos
1111 2987 1192 3030 asa·

56 3067 185 3132 eardctic
200 3078 390 3132 exsaturatus
404 3078 459 3132 est.
505 3066 586 3130 lllius
601 3067 704 3153 quippe
719 3067 774 3130 loci
788 3078 904 3132 creatus
918 3067 985 3131 olim
1003 3069 1097 3132 luerat
1111 3089 1192 3153 pres·

54 3169 148 3254 hyter.
193 3168 400 3254 Deprehensus
417 3171 514 3254 itaque
530 3181 559 3232 et
575 3169 610 3232 ab
626 3171 714 3234 hauto
731 3170 828 3252 pulsus
844 3169 873 3232 in
890 3170 1045 3234 Cochaben
1064 3170 1192 3236 Arabiae

54 3272 184 3356 oppidum
208 3274 356 3356 proiectos
378 3284 440 3351 est,
473 3272 520 3336 ubi
544 3270 758 3334 Ebiooaeorum
780 3293 815 3336 ac
836 3269 1057 3336 Nazoraeorum
1080 3275 1192 3338 semina

54 3374 191 3457 pullulare
209 3385 382 3460 coeperant,
407 3385 438 3437 ut
454 3373 483 3438 in
503 3374 599 3438 multis
618 3374 776 3438 relutandis
793 3373 962 3438 haeresibus
978 3386 1062 3438 antea
1079 3376 1192 3441 monui-

52 3497 125 3540 mus.
171 3473 340 3556 Postremo,
371 3476 451 3540 velut
469 3473 573 3540 aetatis
590 3475 755 3541 maturitate
772 3477 933 3562 sapientior
952 3479 1061 3559 lactus,
1092 3479 1192 3564 postli-

52 3579 138 3642 minio
153 3578 255 3656 rediit,
280 3578 406 3642 abditum
423 3579 491 3642 illel
509 3579 588 3642 virus
603 3579 632 3642 in
647 3591 765 3664 pectore
783 3581 897 3655 lenens,
922 3591 951 3642 et
967 3581 1083 3664 ignotus
1100 3581 1192 3646 omni·

52 3679 121 3758 bns,
145 3681 240 3744 donec
254 3681 369 3746 tandem
386 3679 532 3746 nonnullis
548 3701 564 3744 e
580 3682 774 3758 sermonibus,
799 3702 872 3765 quos
885 3681 914 3744 in
929 3681 1088 3767 aliquorum
1105 3705 1192 3748 aures

51 3781 266 3860 insusurrabat,
299 3805 351 3868 pro
372 3782 519 3847 haeretico
538 3793 702 3869 compertus
727 3806 744 3847 a
766 3785 851 3847 nobis
871 3785 1141 3851 excommunicatus
1163 3799 1194 3850 et

52 3885 258 3949 mediocritatis
272 3897 388 3950 nostrae
407 3906 496 3971 opera
512 3886 664 3950 convictus
681 3897 737 3950 est.
782 3884 866 3950 Unde
883 3888 912 3952 in
929 3889 1094 3973 speluncam
1111 3889 1191 3953 dein·

52 4007 119 4070 ceps
140 3987 298 4066 abscessit,
330 3990 456 4052 omnium
477 3989 667 4052 execratione
687 3989 852 4067 damnatus,
885 4000 914 4052 et
936 4001 994 4054 tam
1015 4011 1031 4052 a
1056 3991 1192 4056 iratribus

51 4088 204 4154 derelictos
219 4109 304 4174 quam
320 4109 336 4154 a
350 4090 512 4175 plerisque,
537 4111 553 4152 a
569 4090 670 4175 quibus
689 4093 855 4155 necessaria
873 4094 951 4156 vitae
968 4093 1111 4178 praesidia
1124 4115 1192 4180 sup-

53 4190 196 4274 petebant.
241 4191 288 4256 Ad
307 4192 383 4256 hunc
399 4193 496 4276 itaque
513 4213 612 4256 senem
629 4193 694 4271 ille,
719 4213 802 4278 quem
820 4194 892 4273 dixi,
917 4193 1071 4276 Butuntos,
1095 4196 1120 4259 si
1137 4197 1192 4261 hoc

52 4291 167 4356 nomine
185 4293 332 4358 vocandus
349 4305 412 4375 est,
446 4317 510 4360 cum
533 4317 573 4359 ex
591 4296 728 4382 Aegypto
745 4296 893 4375 venisset,
925 4297 961 4362 ab
983 4319 1074 4382 eoque
1096 4298 1191 4386 impiis

51 4445 424 4568 {pappdpipnppptpdrhundtu
438 4452 606 4516 codllhedlp,
671 4449 696 4502 3.
712 4453 777 4503 Libri
793 4451 875 4504 hubent
891 4451 934 4506 τοῦ
951 4469 980 4506 το
995 4449 1079 4509 τόπου,
