3036 4998
328 331 463 386 seusun
483 334 545 386 nra.
561 335 580 384 ι.
597 335 677 386 ron.
692 335 724 386 ιι.
743 337 841 387 naen.
857 337 960 389 xxxa.
1155 327 1217 390 357

68 455 136 540 quia
155 453 193 518 ab
212 453 360 518 universis
377 454 407 517 in
422 453 516 518 lraoem
536 455 708 533 sutellius,
739 465 772 520 ut
789 453 969 534 Salvatoris,
1000 466 1029 520 ct
1047 453 1216 544 Sapientiae

66 556 232 622 Achamoth
253 555 420 642 coniugium
437 557 616 621 instituatur.
661 555 751 643 ldque
769 559 842 622 adeo
859 559 952 622 sacris
967 559 997 624 iu
1016 559 1109 624 literis
1125 580 1213 646 spon·

66 682 131 725 sam
148 681 182 724 ao
196 679 334 745 sponsam
349 657 533 744 signilioare,
557 659 770 744 thalamumque
786 657 921 724 Pleroma
937 661 1030 747 ipsum
1048 681 1125 726 osse.
1170 662 1213 728 Αι

64 763 212 846 spiritales
228 762 372 840 homiues,
396 771 546 846 postquam
563 763 674 827 animas
690 761 838 842 exuerint,
862 772 891 827 et
904 763 941 826 ad
957 763 1109 849 spirituum
1124 785 1210 850 pura·

65 885 188 950 rumque
201 863 340 928 mentium
356 863 550 927 conditionem
567 865 727 943 evaserint,
751 885 785 928 no
800 865 878 928 nullo
894 865 1042 930 detinente
1056 887 1111 930 neu
1127 887 1211 953 aspe-

65 966 188 1030 ctabiles
204 967 234 1030 in
248 963 383 1030 Pleroma
399 966 634 1051 penetraverint,
658 963 822 1032 Salvatoris
838 967 990 1031 comitibus
1008 967 1133 1052 Angelis
1149 970 1210 1033 col·

63 1069 169 1134 looari.
214 1066 300 1152 Quod
317 1068 351 1131 ad
367 1065 555 1133 Conditorem
571 1078 694 1153 spcctot,
716 1090 780 1133 eum
795 1089 908 1154 quoque
924 1065 1092 1155 Sapientiae
1104 1068 1211 1136 Matris

64 1173 203 1236 inlocum
217 1190 433 1248 successurum,
451 1169 631 1255 mediamque
645 1171 793 1256 regionem
809 1181 1013 1257 occupaturum
1026 1172 1208 1238 existimant.

64 1272 237 1358 Eodemque
257 1273 322 1337 laco
341 1272 482 1336 iustorum
501 1273 612 1336 animas
629 1274 689 1337 otio
708 1293 743 1336 uc
758 1274 856 1358 quictc
870 1277 1011 1358 potituros
1027 1295 1111 1355 esse,
1135 1275 1210 1358 quad

63 1377 98 1440 ad
123 1373 260 1440 Pleroma
282 1374 353 1438 nihil
374 1374 499 1438 animale
522 1375 685 1460 perveniat.

148 1475 203 1542 llis
219 1477 343 1562 peractis
359 1476 456 1560 ignem
472 1477 570 1556 illum,
592 1479 687 1562 quiin
706 1478 802 1542 mundi
821 1478 940 1544 latebris
958 1479 1117 1558 delitescit,
1142 1499 1208 1544 ern-
1243 1501 1302 1568 009,

63 1593 180 1669 ptnrum
197 1599 231 1642 ae
249 1578 494 1662 coullagruturum
512 1599 596 1659 esse,
620 1581 713 1644 donec
730 1581 807 1644 omui
824 1593 992 1668 cousumpta
1008 1581 1127 1646 orateria
1143 1601 1207 1646 eum
1224 1571 1319 1624 mv·

63 1685 166 1748 cadem
183 1691 213 1746 et
224 1679 287 1766 ipse
302 1691 491 1766 consumptus
506 1693 592 1766 atque
608 1681 637 1744 iu
653 1683 773 1746 nihilum
789 1684 924 1748 redactus
939 1684 1038 1748 luerit.
1076 1680 1209 1766 Quorum

63 1785 194 1850 omnium
217 1783 286 1847 nibil
309 1793 376 1846 ante
396 1780 559 1849 Salvatoris
581 1785 736 1848 adveutum
760 1782 912 1850 Conditori
936 1785 1026 1849 luisse
1050 1787 1206 1871 cognitam.

61 1887 130 1953 Neo
151 1888 257 1951 desunt
275 1885 377 1970 quibus
394 1885 508 1970 placcat
524 1885 609 1949 ctiam
626 1887 662 1949 ab
679 1887 728 1951 illo
746 1887 920 1973 peculiarem
941 1889 1029 1952 lilium
1045 1884 1206 1968 Christum,

62 1994 114 2056 sed
132 1988 304 2068 animalem,
329 1989 511 2074 productum,
535 1988 570 2050 de
586 2009 643 2072 qno
659 2009 712 2074 per
728 1989 882 2074 prophetas
897 1990 1011 2054 locutos
1027 1990 1076 2053 sit.
1122 1988 1208 2054 llune

62 2095 143 2159 illum
161 2112 229 2156 esse
244 2091 292 2176 qai
308 2091 351 2154 sie
366 2102 499 2174 tanquam
516 2109 589 2174 aqua
606 2111 659 2175 per
674 2091 794 2169 fistulas,
818 2092 858 2154 ita
876 2111 928 2176 par
941 2087 1065 2156 Mariam
1083 2092 1207 2156 transie-

62 2198 118 2276 rit3
151 2195 183 2259 in
204 2213 328 2277 eumque
349 2201 449 2279 postea
476 2213 539 2256 oum
562 2192 759 2277 baptizaretur
775 2193 829 2258 sab
848 2194 998 2258 columbae
1019 2194 1206 2260 descendisse

63 2298 164 2385 specie
177 2297 301 2361 alteram
314 2295 394 2360 illum
409 2296 445 2358 de
459 2293 625 2360 Pleromate
640 2291 823 2360 Salvataacm
838 2315 878 2359 ex
892 2295 1025 2360 omnibus
1039 2297 1206 2376 conflatum,

63 2402 121 2466 imo
136 2399 225 2464 etiam
241 2408 271 2462 et
282 2399 377 2461 eidem
394 2396 583 2461 Achamothis
597 2396 726 2482 spiritale
739 2418 838 2462 semen
854 2398 972 2463 insitum
987 2400 1089 2464 luisse.
1122 2397 1207 2464 Unde

63 2513 191 2589 quatuor
206 2521 245 2566 ex
258 2501 316 2564 illis
334 2499 530 2584 compositum
542 2519 609 2562 esse
625 2500 769 2563 dominum
788 2513 975 2580 asseverant,
1008 2511 1040 2564 ut
1051 2499 1208 2586 'primariae

63 2606 142 2670 illius
161 2625 195 2668 eo
214 2603 402 2689 primigeniae
421 2600 560 2665 Tetradis
577 2601 790 2665 similitudinem
810 2603 1005 2689 exprimeret,
1036 2603 1170 2667 nimirum
1191 2623 1208 2667 e

66 2706 209 2794 spirituli,
242 2706 317 2790 quod
337 2704 373 2770 ab
390 2703 573 2768 Achamothe
591 2703 751 2768 derivatum
772 2714 835 2784 est,
867 2727 906 2769 ex
925 2705 1069 2783 Animali,
1100 2705 1211 2789 quoda

66 2807 246 2887 Conditore,
270 2827 310 2872 ex
328 2803 548 2884 incarnatione,
575 2806 650 2890 quad
670 2805 864 2893 inexplicabili
883 2810 1004 2894 quodam
1024 2819 1070 2872 est
1086 2807 1209 2872 artibcio

63 2922 255 2990 contextum,
278 2930 312 2974 ac
328 2911 442 2973 demum
460 2905 649 2974 eSalratore
664 2909 718 2972 hac
735 2919 780 2971 est
794 2909 926 2975 columba
943 2910 992 2974 illa
1008 2911 1044 2974 de
1060 2908 1143 2973 coelo
1160 2909 1210 2972 dc·

63 3016 157 3101 lapsa.
204 3013 302 3096 Atque
319 3012 395 3075 hunc
411 3011 524 3096 quidem
543 3009 688 3096 patibilem
706 3033 850 3096 nunquam
868 3013 975 3090 luisse,
999 3013 1133 3097 quonium
1151 3012 1209 3097 pati

64 3118 185 3182 omniuo
203 3125 344 3199 nequeat,
368 3115 443 3198 quad
462 3133 556 3197 neque
572 3113 715 3176 contineri
735 3134 828 3198 neque
847 3116 937 3179 oculis
955 3113 1088 3201 usurpari
1106 3113 1207 3200 possit.

63 3219 251 3303 Proindeqae
265 3237 330 3281 oum
348 3217 384 3280 ad
399 3214 523 3280 Pilatum
538 3216 693 3300 perductus
711 3226 773 3295 est,
798 3217 953 3281 demissum
970 3219 1000 3281 iu
1016 3237 1081 3282 eum
1099 3213 1209 3282 Christi

66 3321 209 3409 Spiritum
225 3319 371 3382 evolasse.
413 3314 472 3382 Sed
490 3337 584 3402 neque
599 3327 758 3381 maternam
772 3319 841 3384 illud
858 3339 958 3384 semea
975 3321 1125 3405 quicquam
1144 3339 1211 3382 esse

64 3443 253 3512 perpessump
277 3421 351 3506 quod
371 3419 460 3484 nihilo
478 3421 569 3504 magis
588 3419 704 3506 patibile
722 3420 778 3499 sit,
802 3432 900 3507 utpute
920 3422 1067 3508 spiritale,
1092 3441 1146 3486 nee
1163 3422 1211 3487 vel

64 3528 116 3612 ipsi
136 3521 292 3591 Conditori
310 3523 424 3608 quidem
440 3523 627 3608 aspectabile.
672 3520 778 3586 Restat
793 3523 882 3609 igitur
899 3525 1058 3588 utiliorum
1075 3524 1212 3609 opinione

64 3627 211 3693 Animalia
227 3625 276 3689 illc
294 3621 431 3689 Christus
449 3623 488 3688 sit
503 3645 624 3709 possus,
648 3623 803 3710 itidemque
819 3637 849 3690 et
863 3627 938 3690 alter
953 3626 1000 3713 qui
1017 3647 1055 3691 ex
1071 3624 1212 3691 lucama-

66 3733 143 3794 tioac
159 3727 303 3792 conflatus
316 3738 373 3790 eet.
410 3723 494 3809 Quod
510 3747 567 3792 nuo
582 3727 645 3789 aine
661 3727 800 3812 mysterio
814 3730 972 3814 perlectum
987 3741 1043 3808 est,
1064 3739 1095 3793 ut
1109 3728 1212 3792 summi

64 3833 140 3897 illins
160 3825 273 3895 Christi
290 3849 344 3914 per
362 3849 427 3892 eum
443 3825 544 3894 Mater
561 3827 714 3913 imaginem
735 3829 904 3912 exhiberet,
936 3831 1030 3917 quiin
1051 3827 1148 3895 Crnee
1170 3831 1213 3894 di·

64 3945 180 3998 stentus
199 3931 409 3996 Achamothem
430 3931 607 3996 substantiae
625 3931 830 3996 informatione
850 3934 1019 4020 perpolirit3
1043 3934 1115 3997 haec
1135 3933 1211 3998 cuim

65 4037 161 4100 amnia
189 4033 371 4120 superiorum
398 4033 512 4098 illarum
536 4033 656 4118 figuram
683 4034 845 4100 continere.
890 4034 976 4121 Quae
1000 4057 1073 4100 vcro
1099 4036 1212 4101 animae

64 4135 258 4203 Achamothis
277 4137 389 4200 semiue
408 4135 467 4201 siut
484 4155 641 4222 aspersae,
669 4155 721 4200 aas
738 4139 844 4202 ceteris
864 4159 929 4202 esse
948 4138 1103 4218 meliores,
1126 4150 1212 4224 atque

65 4241 225 4327 impensius
241 4259 259 4304 a
274 4235 435 4304 Conditore
453 4237 550 4322 diligi3
574 4238 621 4324 qui
637 4237 701 4302 eius
716 4250 810 4304 tameo
828 4241 872 4304 rei
886 4261 1020 4305 caussam
1034 4261 1091 4304 nan
1106 4239 1212 4306 intelli·

97 4377 122 4430 t.
139 4377 183 4430 loa
199 4377 250 4427 cod.
269 4379 323 4426 Vsa.
691 4374 716 4430 9.
733 4371 765 4431 δι’
783 4373 859 4431 αὐτοῦ
878 4379 999 4429 emendant
1015 4379 1133 4438 Petuntur,
1150 4379 1213 4430 blm-

95 4445 120 4497 b.
138 4441 258 4514 cometen
276 4445 313 4494 erl.
326 4446 410 4508 patna,
425 4443 487 4508 quod
500 4446 582 4494 uttam
597 4457 626 4494 ea
658 4451 735 4498 metus
750 4449 843 4510 otiique,
860 4447 985 4498 meandum
1000 4448 1046 4496 ιἰι.
1061 4447 1214 4510 lnterpretem.

62 4517 112 4564 cod.
131 4517 242 4566 Votioont
258 4515 394 4564 auctoritate
407 4528 423 4563 u
438 4515 534 4564 Patauio
548 4513 627 4562 subto·
696 4515 734 4565 tu.
751 4511 942 4574 incarnabitur<
957 4515 1009 4564 eod.
1027 4517 1080 4564 ιἰιι.

63 4588 112 4633 mar
128 4587 171 4634 eat.
698 4581 736 4634 tl.
752 4583 842 4634 λοιιιῶι
859 4578 913 4637 bio.
939 4579 983 4636 και
999 4583 1051 4634 cod.
1067 4583 1122 4634 ιἰιι.
