3008 4996
360 315 495 369 PdNlel
512 315 575 368 Llll.
588 317 608 370 l.
625 315 705 370 ΤΟΜ.
716 317 749 368 ll.
768 317 866 368 naun.
882 317 973 370 XXX.
1181 307 1242 370 253

98 435 280 520 patriarchae
295 457 401 502 nomen
416 446 496 514 crat,
520 455 615 518 ncqoe
632 445 728 498 tamen
746 445 826 498 tanto
840 434 995 500 intervallo
1011 431 1100 522 probc
1115 457 1242 502 coname-

97 536 198 618 nini)=
224 538 253 601 bi
270 539 350 603 vario
369 538 448 602 illnm
466 538 500 601 ad
519 537 703 622 corruptelae
717 536 947 621 flagitiorumque
964 557 1073 620 genera
1094 540 1243 624 pertrahe·

96 638 176 715 bant,
201 640 354 704 mulierum
371 651 483 724 stupra,
506 637 646 703 notandas
661 637 807 716 libidines,
832 639 960 722 magicas
975 640 1159 724 praestigias,
1179 641 1242 724 qui·

97 739 148 803 bus
163 741 200 803 ad
218 741 390 826 cupiditates
405 740 565 826 explendas
578 739 657 803 illum
672 740 858 819 adiuvabant,
876 750 907 803 et
920 741 1069 804 amatoriis
1084 742 1240 820 illecebris,

96 851 183 926 atquc
203 845 381 908 carminibus
401 844 437 908 ad
459 842 523 906 eins
543 841 725 927 complexum
745 851 892 906 matronas
908 841 1051 924 ingenuas
1070 842 1099 908 vi
1120 843 1240 927 quadam

96 943 262 1028 adigebant.
307 946 347 1009 At
366 944 507 1028 losepbus
524 953 555 1008 et
569 943 644 1007 alter
659 941 757 1028 pnpilli
775 954 894 1006 curator
908 963 1003 1007 senex
1022 965 1141 1029 puerum
1157 944 1241 1028 sequi

97 1045 190 1108 coacti
213 1067 284 1110 sane
306 1047 333 1112 id
353 1047 528 1132 permoleste
547 1046 643 1124 lcrrc,
679 1056 710 1108 et
730 1043 885 1126 obiurgare
903 1065 1107 1129 nonnunquam
1128 1046 1238 1120 verbis,

97 1158 124 1210 et
140 1147 264 1211 bortari.
309 1145 362 1212 lllc
379 1147 548 1233 aequalibus
564 1148 626 1210 sois
643 1146 841 1228 multomagis
858 1145 991 1229 obsequi,
1015 1145 1122 1231 flagitia
1137 1148 1239 1232 partim

96 1247 320 1327 dissimulando,
344 1249 447 1334 partim
465 1249 618 1312 inficiando
636 1259 748 1331 tegere.
792 1245 898 1331 Neque
918 1247 994 1310 enim
1013 1257 1126 1312 tutores
1143 1249 1240 1313 crimi-

95 1351 158 1412 nari
180 1369 217 1412 ac
234 1352 354 1434 vulgare
372 1350 483 1415 scelera
503 1351 595 1436 palam
614 1350 775 1427 audebant,
806 1350 857 1412 scd
879 1348 959 1433 quasi
979 1349 1128 1413 erudiendi
1145 1349 1239 1432 gratio

97 1461 257 1536 opportuna
279 1451 387 1516 monita
408 1451 616 1536 suggerebant.
660 1447 752 1514 Forte
774 1448 891 1516 Gadara
914 1452 947 1514 ad
974 1452 1100 1516 thermas
1124 1450 1239 1534 profici·

96 1564 229 1617 scuntnr.
280 1551 431 1638 Frequens
456 1553 514 1617 illic
538 1563 681 1616 mercatus
704 1553 860 1637 quotannis
882 1553 1064 1630 celebratur,
1096 1553 1237 1636 adquam

96 1656 221 1740 undique
236 1656 351 1719 lavandi
367 1675 470 1719 caussa
485 1653 547 1718 dies
561 1655 670 1738 aliquot
684 1655 843 1732 confluunt,
861 1655 1010 1719 variorum
1022 1655 1057 1720 ad
1073 1654 1238 1717 morborum

96 1757 266 1835 remedium,
287 1757 373 1841 idque
387 1755 574 1822 callidissimo
589 1757 739 1822 daemonis
754 1757 876 1820 consilio
888 1757 1012 1840 geritur.
1056 1754 1133 1819 Nam
1149 1775 1238 1839 quae·

96 1877 218 1942 cumqnc
237 1858 300 1922 loca
318 1859 424 1924 divinis
442 1869 510 1922 aunt
526 1858 671 1922 celebrata
689 1857 845 1944 prodigiis,
876 1858 957 1922 iniis
975 1879 1014 1922 ex
1031 1859 1157 1922 adverso
1174 1858 1238 1920 exi·

95 1959 187 2024 tiosos
206 1981 274 2024 suas
291 1960 389 2045 plagas
405 1961 525 2024 tcndcre
543 1971 665 2024 conatus
681 1969 738 2023 est.
782 1961 881 2042 Atque
902 1959 960 2022 illic
982 1959 1036 2024 viri
1054 1980 1119 2022 cum
1137 1956 1238 2022 mulie-

94 2059 175 2124 ribus
190 2063 353 2147 promiscne
370 2063 469 2126 lavare
483 2060 591 2125 solent.
636 2062 682 2124 Ac
696 2072 754 2125 tum
772 2064 847 2124 torte
862 2071 926 2124 erat
939 2061 967 2122 in
986 2060 1096 2124 balneis
1110 2061 1236 2143 ingenua

94 2162 199 2227 mulicr
212 2163 322 2227 caimia
338 2164 469 2249 corporis
485 2172 638 2226 venustate
653 2183 688 2226 ac
702 2164 812 2247 specie,
835 2183 920 2248 qnam
937 2161 1108 2226 adolescens
1124 2161 1236 2225 invete-

94 2277 174 2328 ratae
198 2265 324 2329 libidinis
347 2266 449 2328 acoleo
474 2264 600 2350 percitus
623 2263 784 2342 adamavit,
815 2283 850 2326 ac
873 2283 925 2349 per
940 2261 1108 2326 balnearum
1131 2262 1235 2325 solium

94 2365 244 2431 ambulans
259 2367 335 2432 latus
350 2388 433 2429 suum
450 2366 484 2430 ad
501 2365 630 2429 mulieris
644 2365 720 2428 latus
735 2364 871 2428 affricuit.
907 2361 957 2427 llla
972 2365 1000 2428 in
1016 2364 1133 2427 nomine
1148 2359 1235 2427 Cbri·

93 2470 130 2531 sti
148 2477 243 2532 semet
261 2468 412 2552 obsigna13
443 2488 508 2530 nam
527 2463 696 2530 Christiana
715 2476 795 2544 erat,
826 2487 883 2550 quo
903 2465 996 2528 minus
1014 2485 1134 2550 peccare
1155 2487 1232 2543 eam,

92 2579 144 2633 ant
159 2569 259 2634 lavare
278 2591 342 2632 com
358 2569 430 2634 viris
444 2569 595 2632 attinebat.
640 2565 699 2632 Seu
717 2567 787 2631 boec
803 2565 887 2652 plane
902 2565 1043 2651 imperitis
1058 2578 1144 2650 atquc
1161 2564 1234 2629 idio·

94 2669 131 2732 tis
149 2669 186 2734 ob
200 2670 345 2754 ignaviam
363 2671 514 2733 doctorum
531 2671 663 2734 accidere
677 2669 783 2746 solent,
807 2671 854 2752 qui
869 2667 1009 2731 eiusmodi
1026 2667 1158 2731 homines
1170 2669 1235 2731 nul·

93 2768 128 2834 lis
150 2771 331 2836 documentis
355 2771 569 2856 praemuniunt.
614 2768 725 2834 Verona
748 2780 780 2833 ut
797 2791 850 2834 sua
869 2771 940 2833 dcus
959 2768 1097 2834 miracula
1114 2769 1234 2832 demon·

92 2881 217 2951 straret‚
247 2872 381 2936 omnibus
401 2873 462 2936 snio
483 2871 633 2936 conatibus
657 2870 819 2956 patriarcba
844 2871 893 2934 ille
917 2871 1088 2934 adolescens
1110 2869 1232 2948 excidit,

91 2993 158 3036 cnm
173 2985 204 3038 ct
217 2974 253 3038 ad
269 2994 332 3036 eam
349 2974 487 3053 misisset,
511 2983 541 3036 ct
554 2975 721 3037 muneribus
735 2973 932 3051 sollicitasset,
953 2971 1000 3034 illa
1014 2991 1086 3036 vero
1099 2981 1129 3035 et
1142 2971 1232 3034 inter·

91 3075 210 3138 nundus
226 3073 436 3140 contumeliose
453 3094 470 3138 a
488 3093 520 3138 se
538 3073 712 3154 dimisisset,
741 3095 795 3136 nec
811 3072 947 3158 impudici
965 3073 1103 3138 amatoris
1120 3073 1231 3138 ortibus

90 3175 241 3239 cessisset.

174 3275 269 3361 lgitnr
282 3277 356 3342 socii
371 3288 519 3362 comperto
532 3277 646 3342 inrcnis
663 3298 812 3356 moerore,
837 3297 920 3362 quem
937 3299 976 3342 cx
989 3277 1153 3342 vehementi
1165 3301 1228 3343 mn·
1246 3298 1381 3367 eapvltt.

88 3377 171 3445 lieris
188 3401 288 3444 amore
308 3391 439 3466 ceperat,
471 3381 648 3464 potentiores
666 3380 803 3464 quasdam
822 3380 993 3465 praestigias
1010 3380 1168 3459 adornant,
1199 3393 1232 3445 nt

88 3483 159 3546 mibi
175 3483 238 3567 ipsc
254 3479 395 3568 losepbns
412 3480 626 3544 accuratissime
644 3481 791 3545 narrabat.
835 3480 912 3545 Nam
931 3493 997 3567 post
1008 3482 1080 3545 solis
1094 3503 1229 3547 occasum

88 3583 203 3648 ricinos
223 3583 259 3646 ad
280 3585 405 3648 tumulos
425 3583 570 3646 inleliccm
591 3603 710 3668 puerum
733 3584 889 3646 adducunt.
934 3581 977 3647 lbi
999 3584 1076 3648 cuim
1090 3585 1229 3670 ‘sepulcra

88 3696 175 3764 sont,
199 3705 273 3770 quae
290 3687 459 3772 polyandria
476 3696 635 3763 vocantur,
658 3705 802 3749 cauernae
821 3685 1089 3771 nimirnmrnpibus
1106 3687 1227 3750 incisae.

88 3783 240 3869 Quocum
258 3786 336 3850 illum
354 3789 560 3865 adduxissent,
593 3785 705 3870 magica
721 3786 860 3869 quaedam
876 3787 1004 3851 carmina
1019 3799 1048 3852 et
1065 3788 1230 3852 execratio·

88 3909 142 3953 ncs
165 3899 253 3973 atque
272 3887 427 3974 impictatis
448 3889 629 3973 plenissimas
652 3897 729 3951 artes
747 3888 941 3954 adolescentis
962 3909 1066 3954 caussa
1087 3899 1228 3974 concepto

87 3989 178 4053 etiam
202 3989 319 4053 nomine
341 3991 470 4053 molieris
494 3991 663 4074 expediunt.
709 3987 828 4054 lntcrim
849 3987 947 4054 divino
966 4002 1037 4054 nutu
1056 3992 1161 4054 lactum
1183 4001 1229 4054 cst

86 4103 118 4155 nt
137 4091 211 4156 baec
232 4091 296 4155 seni
315 4093 399 4155 alteri
419 4091 466 4177 qni
487 4112 551 4154 cum
569 4089 695 4177 losepbo
714 4101 778 4155 erat
792 4092 821 4154 iu
838 4093 964 4158 animum
977 4091 1124 4158 venerint.
1169 4091 1229 4177 Qui

118 4307 145 4364 4.
174 4314 209 4375 cl.
226 4315 382 4364 armanno
396 4313 443 4380 (ct
458 4313 603 4379 Salmasius)
618 4316 642 4362 r'n
711 4310 770 4360 Gur.
787 4313 851 4365 thl.
869 4341 902 4354 --
927 4313 947 4365 l.
966 4317 1071 4366 Fortasse
1089 4311 1134 4366 acl
1153 4331 1228 4367 κατε·

86 4383 208 4444 Coafrrtot.
242 4383 381 4433 lntmoduu.
399 4387 449 4432 lot.
466 4383 642 4442 cercnctttpcp.
677 4378 835 4445 mennonium
849 4383 1011 4443 reponendum
1044 4383 1123 4432 Etlom
1140 4384 1228 4433 Corno-

83 4447 186 4569 blom'lll
211 4451 251 4500 ubi
274 4452 374 4512 occiput
394 4451 484 4500 Patcctt
506 4452 641 4510 interpretu-
673 4451 847 4568 qttpchqqperttt
862 4449 886 4499 in
903 4449 981 4518 petria
998 4448 1102 4500 effossae
1118 4467 1148 4501 nc
1164 4465 1227 4500 con-
