3036 4998
366 303 502 355 ranann
520 305 582 356 uta.
597 306 615 356 t.
632 305 714 356 ron.
728 305 760 356 tt.
778 303 875 356 utun.
891 305 980 356 xxx.
1184 293 1245 356 277

98 423 261 486 transferre
279 441 337 484 uun
363 421 551 486 embescum.
596 419 777 506 Quamquam
797 421 930 486 dominus
950 422 1065 486 illorum
1088 423 1244 508 nequitiam

97 523 253 588 manifeste
273 523 439 607 redarguit,
470 543 535 586 cum
558 523 593 587 ad
608 521 692 588 Petri
708 524 853 588 lavandus
877 525 966 609 pedes
982 526 1126 590 accedens
1143 547 1179 590 eo
1201 526 1245 588 di-

97 635 201 704 ceutc,
223 628 289 688 Noa
307 627 415 688 amau
430 628 502 686 mebi
514 628 600 704 pedes
617 630 646 688 a'u
668 637 829 700 ueternum,
853 625 978 690 subiecit
993 626 1091 705 illico,
1121 631 1189 690 Nisi
1201 630 1393 700 lau-romanae

95 747 162 788 aero
176 730 261 807 pedes
279 738 357 800 taor,
380 749 437 790 aaa
451 727 565 788 tamid
579 738 688 807 purtem
705 747 820 788 mecum.
867 726 914 790 Ad
930 747 1003 811 quae
1016 725 1106 792 Petro
1122 749 1245 814 respon·

98 826 204 905 dente,
226 831 292 890 Non
305 832 395 890 saltem
406 831 504 909 pedem
527 832 578 890 sed
588 839 617 891 et
632 839 727 907 capnt,
751 827 884 891 domiuus
900 828 1023 908 adiecit,
1047 833 1189 908 (irridetur
1202 843 1246 895 ert

97 931 199 1004 semel,
223 951 280 992 aaa
295 951 364 1010 opus
380 940 440 1002 ert,
471 940 503 992 at
527 940 613 1010 capnt
631 931 720 1004 lauet,
750 933 802 992 sed
817 933 903 1009 pedes
918 934 1077 1006 ductuum,-
1107 944 1152 994 est
1171 938 1244 996 enain
1300 949 1303 960 '

94 1034 215 1092 mundus
238 1041 322 1092 torua
370 1027 484 1112 Quibus
509 1029 608 1094 verbis
631 1029 791 1094 declaravit
819 1029 1014 1096 lavationibus
1041 1031 1183 1099 eiusmodi
1207 1054 1243 1100 aa

94 1131 324 1213 supervacaneis
345 1131 467 1209 ritibus,
498 1131 702 1215 bominumque
724 1131 867 1196 mandatis
887 1152 921 1195 ac
942 1133 1083 1198 doctrinis
1107 1134 1150 1198 uti
1171 1135 1243 1200 nibil

95 1233 235 1296 attiucrc.
281 1227 337 1298 Cui
357 1232 473 1315 quidem
498 1242 697 1296 consentanea
721 1243 790 1296 sunt
815 1253 890 1316 quae
914 1235 1076 1318 aquodam
1101 1237 1242 1321 prophete

95 1334 248 1397 dicuutur:
283 1337 404 1414 Papulas
423 1340 477 1396 iste
499 1335 582 1396 labri&
605 1355 647 1397 me
662 1338 798 1409 donarat,
829 1357 879 1397 aar
899 1347 991 1398 autem
1014 1341 1136 1416 aprorum
1158 1341 1349 1444 appropera
1363 1353 1393 1396 m.
1511 1363 1514 1376 ·

94 1447 140 1496 ert
154 1457 173 1496 u
188 1457 249 1508 arcp
271 1438 390 1517 fraudu
406 1457 470 1498 uero
484 1440 653 1510 uoluntate,
677 1439 806 1498 docenter
817 1441 978 1510 doctrinae,
1003 1443 1134 1500 mundata
1154 1442 1242 1502 bomi-
1277 1403 1353 1509 152⁸&

93 1559 173 1598 aum.
219 1533 296 1618 Quid
312 1549 358 1601 eat
376 1538 453 1602 euim
467 1538 542 1620 quod
558 1535 736 1602 Pharisaeos
759 1557 794 1601 aa
815 1539 928 1602 scribas
943 1538 1084 1622 arguebat
1099 1541 1174 1623 quod
1190 1542 1241 1606 ba·

92 1637 217 1722 ptismos
242 1636 412 1702 adhiberent
432 1657 588 1702 urceorum
614 1647 645 1700 et
667 1638 807 1717 calicum,
838 1659 871 1702 ac
898 1649 1063 1704 ceterorum
1085 1640 1113 1704 id
1135 1662 1241 1724 genus,

94 1751 127 1802 et
143 1738 251 1802 crebro
266 1757 367 1802 manus
388 1739 560 1803 abluerent?
589 1761 653 1803 cum
669 1737 710 1802 ita
725 1740 838 1803 demum
856 1741 1040 1824 pronuntiat,
1070 1743 1164 1806 lttoo's
1184 1765 1242 1808 ma·

92 1843 178 1903 uidua
197 1845 367 1904 munducare
390 1863 445 1903 non
464 1845 613 1922 apotome
628 1843 773 1904 domabant.
821 1837 922 1922 Quare
946 1863 1004 1906 nou
1031 1863 1131 1908 aarum
1155 1846 1241 1910 triade

90 1943 221 2006 lotiones
239 1942 398 2021 damnavit,
414 1943 466 2005 aed
483 1953 512 2006 et
528 1962 630 2006 manus
646 1941 766 2005 abluere
784 1962 1035 2027 supervacaneum
1050 1963 1117 2010 esse
1129 1946 1238 2025 docuit,

89 2065 189 2128 oeque
212 2044 305 2108 fraudi
327 2043 459 2128 cuiquam
481 2063 566 2122 esse,
591 2044 666 2129 quod
688 2063 791 2108 manus
813 2044 886 2109 uotit
908 2045 1018 2110 eluere.

177 2228 241 2296 lam
258 2231 334 2315 quod
349 2231 384 2295 ad
399 2252 483 2294 usum
501 2230 631 2295 earnium
647 2242 772 2318 spectat,
795 2254 892 2297 noune
909 2254 1011 2298 eorum
1027 2234 1124 2298 statim
1140 2255 1239 2300 aman·
1281 2251 1341 2316 cap.

89 2333 132 2396 tia
149 2333 355 2398 convincitur?
384 2329 513 2396 Primum
535 2335 610 2416 quod
626 2333 759 2398 domiuus
777 2331 950 2398 ludaeorum
976 2335 1083 2420 pascba
1105 2339 1240 2402 comede·
1270 2319 1357 2368 ΧΧΗ·

88 2435 142 2498 rit.
189 2431 354 2500 Constabat
377 2445 473 2498 antem
498 2435 603 2520 pascba
625 2433 799 2500 Indaeorum
824 2457 918 2520 agno,
952 2457 986 2500 ac
1009 2435 1074 2500 siue
1096 2439 1239 2502 fermento

89 2535 223 2600 subactis
240 2534 375 2620 panibus.
419 2537 499 2620 Agni
516 2559 603 2622 porro
619 2537 754 2602 carnibus
772 2538 853 2601 vesci
876 2559 939 2602 mos
957 2548 1021 2601 erat
1037 2538 1144 2602 assatis
1164 2538 1238 2622 igni,

90 2639 169 2722 qnod
185 2649 216 2702 et
233 2637 356 2722 apostoli
373 2637 429 2722 ipsi
446 2649 601 2702 testantur.
636 2642 691 2701 dibi
704 2644 756 2712 cri,
781 2639 926 2722 inquiunt,
946 2661 1081 2720 paremus
1098 2642 1152 2702 tibi
1165 2663 1239 2702 cam-
1265 2653 1351 2698 mirra.

89 2745 173 2802 erm
190 2741 321 2820 poema
355 2735 469 2821 Quaem
486 2741 619 2804 comanus
634 2741 801 2827 respondit,
830 2745 875 2802 m
891 2745 920 2802 a
935 2746 1092 2816 sornam,
1116 2754 1146 2803 n
1165 2746 1240 2804 aaa
1272 2707 1307 2758 '⁸’
1323 2707 1353 2748 ¹¹·

89 2847 175 2904 arbim
190 2843 327 2902 hommem
343 2844 504 2921 amphoram
522 2863 611 2923 aqum
624 2854 801 2922 portantem:
831 2847 1053 2922 requainirn'eum
1070 2865 1241 2924 quocumque

89 2947 174 3016 ierit,
198 2953 228 3005 et
245 2946 330 3004 dicite
341 2945 555 3024 patrefamilias,
584 2945 639 3005 Udi
650 2955 695 3005 est
708 2948 909 3017 dromonum,
935 2946 1097 3026 adipaecbu
1115 2967 1177 3006 curn
1196 2948 1239 3005 di·

89 3047 211 3125 aeipuiir
227 3047 433 3126 memsucr'am?
473 3047 513 3106 Et
533 3049 661 3108 ostendet
684 3047 959 3106 moderamentum
982 3057 1120 3120 sautum,
1151 3056 1179 3107 et
1200 3048 1242 3107 idi
1370 3057 1383 3088 ⁸

87 3158 203 3226 parate.
250 3143 417 3228 iterumque
443 3146 595 3225 domiuus,
622 3150 784 3221 Marderrb,
808 3146 869 3223 ait,
891 3150 1049 3209 dmaderam
1067 3149 1121 3208 Inoo
1133 3150 1240 3226 parada

88 3251 263 3308 raumara
279 3249 428 3308 mnarum.
452 3245 559 3330 Neque
576 3247 683 3332 pascba
697 3247 868 3331 simpliciter
880 3247 966 3324 dixit,
984 3248 1036 3311 sed
1052 3250 1104 3310 doc
1112 3251 1237 3328 puram

90 3367 130 3412 ue
148 3347 214 3431 quis
231 3346 339 3410 dietum
357 3347 425 3412 iilud
445 3347 565 3412 subdote
583 3350 618 3412 ad
634 3348 801 3433 opinionem
816 3369 898 3412 suam
916 3351 1160 3414 accommodaret.
1193 3351 1239 3412 Aa

89 3449 200 3532 pascba
218 3448 287 3512 iliud
304 3469 408 3512 carnes
427 3459 530 3529 eraut,
553 3450 594 3512 uti
611 3449 756 3528 diximus,
778 3449 839 3534 igni
856 3459 970 3529 tostae,
1000 3472 1067 3514 eum
1088 3449 1153 3514 aliis
1175 3449 1238 3534 qui·

88 3549 226 3614 busdam.
270 3549 314 3613 At
333 3549 374 3612 iili
392 3549 526 3615 veritatis
543 3551 622 3615 serie
640 3573 680 3614 ex
697 3552 816 3634 ingenio
833 3551 945 3615 sublata
967 3553 1055 3616 verba
1077 3553 1125 3615 itta
1147 3563 1240 3616 muta·

88 3663 178 3730 ruut,
211 3651 288 3734 quud
315 3663 362 3716 est
390 3672 430 3716 ex
459 3653 622 3716 coniunctis
652 3651 828 3716 dictionibus
857 3653 1013 3736 unicuique
1044 3654 1237 3738 perspicuum.

89 3751 195 3836 Quare
211 3751 369 3837 discipulos
384 3754 424 3816 ita
440 3753 593 3838 loquentes
611 3753 735 3817 iaciunt:
764 3756 819 3816 Udi
831 3759 872 3816 uir
885 3777 1018 3836 paremus
1034 3757 1088 3816 ridi
1100 3759 1241 3816 comedere

81 3857 221 3934 pared&
258 3850 407 3918 Cbristum
426 3875 499 3918 vero
517 3856 552 3918 ad
567 3875 601 3918 ea
617 3856 859 3939 respondentem
881 3859 1025 3938 Numquid
1040 3859 1176 3918 desr'dervb
1193 3859 1242 3916 de-
1317 3884 1320 3898 =

85 3959 218 4016 nidernm'
228 3959 371 4017 comedere
384 3977 496 4018 curnem
511 3959 564 4020 buc
579 3960 687 4038 parada
704 3959 865 4019 cubricum?
908 3956 998 4042 Atqui
1015 3956 1099 4021 facile
1117 3969 1163 4020 est
1176 3976 1241 4020 sce·

86 4056 216 4120 leratam
240 4055 315 4120 banc
337 4056 453 4120 iliorum
483 4059 613 4122 fraudem
637 4059 795 4142 detegere,
827 4079 892 4122 aum
914 4079 951 4122 ea
976 4078 1051 4141 quac
1080 4069 1243 4142 sequuntur

86 4169 196 4244 aperte
220 4157 387 4238 clamitent,
420 4159 504 4222 ambo
530 4179 597 4223 esse
619 4159 763 4224 elementa
791 4179 942 4244 perperam
963 4159 1077 4238 addita,
1108 4161 1245 4224 videlicet

85 4266 109 4338 pi
128 4267 163 4322 et
180 4265 213 4338 ἦ.
258 4255 335 4322 Nam
353 4279 406 4342 pro
425 4280 461 4323 eo
482 4259 557 4344 quod
576 4269 640 4338 est,
672 4265 817 4323 benammi>
835 4265 1006 4338 desiderum}
1031 4260 1098 4339 isti,
1127 4255 1185 4342 μὴ,
1214 4259 1242 4323 id

86 4372 157 4440 est,
178 4383 263 4435 num,
288 4361 455 4424 adverbium
471 4361 679 4426 adiunxerant.
725 4358 861 4427 Christus
879 4385 967 4448 porro
983 4363 1138 4427 verissime
1156 4362 1242 4442 dixit,

85 4498 134 4550 τοῦ
154 4497 192 4546 αὶ.
207 4497 289 4548 Petuu.
324 4489 399 4548 au'ru
420 4497 470 4548 cad.
486 4497 584 4561 aarum
718 4495 743 4548 3.
760 4496 979 4563 xpdacmdi'atic.
993 4503 1014 4552 et
1029 4503 1155 4552 ed.Petuv.
1183 4496 1246 4566 apia

121 4563 150 4616 2.
170 4561 304 4629 ἐπιθυμίαν
320 4565 371 4614 cod.
390 4565 486 4626 Rbedr'q.
685 4568 736 4616 cod.
754 4567 848 4628 itbedr'p.
862 4572 884 4616 et
900 4569 935 4617 ed.
949 4572 1025 4630 princ.
