3008 4996
277 283 338 344 204
703 293 823 348 sANch
841 293 1010 346 ΕΡΙΡΠΔΝΠ

205 485 208 500 Ι
277 408 419 485 Ινάσεας
441 407 519 490 ἐφύη
540 411 666 496 αἵρεσις,
694 408 759 490 ῆτις
778 407 965 484 Γναστικυύς
985 406 1058 483 τούς
1080 405 1172 490 αότῆς
1195 406 1354 492 όνόμασεν,
1376 408 1427 489 ἀφ’

158 579 161 586 ,
277 503 315 592 ἧς
347 513 379 574 οἱ
407 512 571 576 Γνωστιιιολ
601 507 661 592 ἤδη
693 536 745 591 μοι
773 509 966 593 δεδήλωνται,
1002 511 1235 596 καταγνωστικοδ
1266 508 1348 586 όντες
1377 511 1428 576 τόν

275 610 394 696 τρόπον.

141 733 208 798 Κεφ,
228 730 260 802 ρ’,
367 706 464 788 Οότος
479 712 510 777 δὲ
525 712 614 776 πάλιν
628 711 690 778 ἀνω
704 714 757 795 μὲν
772 718 842 795 μίαν
855 711 960 798 Ἀρχῆν
974 715 1048 797 λέγει
1063 715 1113 778 καὶ
1130 715 1250 799 Πατέρα
1265 720 1325 779 τόν
1339 711 1427 792 ὅλοιν,

275 815 327 879 καὶ
341 812 490 899 άγνωστον
506 816 557 880 καὶ
570 811 820 897 ἀκατονόμαστον,
842 818 891 879 λσα
907 823 970 891 τοῖς
985 813 1081 890 ἀλλοις
1096 813 1218 900 εἰςάγειν
1235 813 1426 897 βουλόμενος,

273 913 327 980 τόν
346 917 378 980 δὲ
401 914 513 998 κόσμον
534 918 586 980 καὶ
609 913 645 979 τά
668 918 700 980 έν
721 923 762 1004 τῷ
783 915 886 1004 κόσμῳ
907 913 966 982 ύπό
985 913 1128 1001 Ἀγγέλων
1152 923 1341 1001 γεγενῆσθαι,
1369 923 1428 980 τοῖν

274 1015 351 1082 πολύ
368 1043 395 1082 τι
411 1014 470 1082 όπό
487 1023 541 1082 τοῦ
560 1015 681 1099 Πατρός
696 1023 750 1082 τοῦ
767 1014 921 1102 ἀγνάστον
937 1014 1177 1100 ἀποβεβηκότων.
1226 1015 1357 1092 Τούτους
1369 1015 1426 1103 γάρ

273 1119 347 1201 λέγει
372 1115 558 1194 ἀποστάντας
581 1114 640 1182 ἀπό
659 1125 713 1200 τῆς
736 1115 796 1183 άνοι
820 1117 974 1200 δυνάμεως
995 1117 1074 1184 οῦτω
1094 1117 1147 1184 τόν
1167 1116 1282 1200 κόσμον
1304 1143 1427 1200 πεποιη·

275 1221 365 1283 κέναι.
405 1217 520 1301 Ἰησοῦν
542 1221 574 1285 δὲ
597 1218 649 1284 τόν
673 1219 780 1305 κύριον
800 1217 886 1302 ἡμῶν
910 1218 969 1285 ἀπό
993 1217 1103 1303 Ἰωσῆφ
1125 1221 1200 1304 λέγει
1222 1227 1426 1306 γεγεννῆσθαι,

275 1319 413 1405 καθάπερ
439 1322 490 1384 καὶ
515 1320 622 1396 πάντες
646 1319 802 1402 ἀνθρωττοι
824 1325 857 1387 ἐκ
881 1324 1047 1404 σπέρματος
1073 1319 1182 1406 ἀνδρός
1208 1323 1259 1385 καλ
1285 1319 1426 1406 γυναικός

277 1421 492 1506 ἐγεννήθησαν·
515 1419 590 1487 εἶναι
606 1424 638 1487 δέ
656 1421 747 1488 αύτόν
765 1421 871 1505 ὅμοιον
892 1432 955 1499 τοῖς
976 1430 1065 1502 πᾶσι,
1085 1427 1141 1510 βίῳ
1164 1423 1196 1488 δὲ
1218 1423 1425 1505 διενηνοχέναι,

276 1521 456 1612 σωφροσύνη
480 1526 581 1588 τεκαὶ
601 1523 689 1614 ἀρετῆ
711 1525 762 1590 καὶ
786 1529 842 1613 βίῳ
866 1522 1065 1606 δικαιοσύνης.
1105 1520 1224 1606 Ἐπειδὴ
1246 1525 1294 1600 δέ,
1321 1525 1424 1606 φησλν,

150 1623 399 1704 μς,1σε.εύτονον
422 1627 485 1707 έσχε
505 1623 606 1708 φυγὴν
630 1624 712 1710 παρά
732 1624 802 1701 τούς
826 1625 932 1701 ἀλλους
955 1624 1151 1712 ἀνθρώπους,
1174 1627 1225 1690 καλ
1245 1625 1426 1708 έμνιγμόνευε

274 1725 310 1791 τά
332 1723 481 1811 ὁραθέντα
500 1723 551 1790 ἀπ’
572 1725 663 1808 αύτῐγς
685 1726 762 1805 ἀνω,
790 1726 839 1793 ύτε
859 1721 898 1809 ῆν
918 1731 950 1792 έν
969 1735 1004 1817 τῆ
1028 1733 1177 1814 περιφορᾷ
1199 1733 1253 1790 τοῦ
1272 1723 1426 1810 ἀγνώστου

277 1828 412 1912 Πατρός,
434 1825 618 1892 ἀπεστάλθαι
637 1826 697 1893 ύπό
720 1835 773 1894 τοῦ
793 1827 887 1894 αύτού
908 1827 1042 1912 Πατρός,
1064 1830 1172 1910 φησλν,
1195 1831 1237 1904 εἰς
1256 1825 1309 1909 τόν
1331 1824 1426 1891 αύτού

274 1928 377 2012 ψυχὴν
392 1927 547 2010 δυνάμεις,
571 1928 654 2004 ὅπως
667 1927 704 1995 τά
719 1929 867 2014 ὁραθέντα
885 1927 958 2019 αύτῆ
974 1929 1257 2013 άναμνημονεόσαοα
1272 1930 1323 1994 παλ
1341 1931 1425 1994 ένδυ-

274 2040 447 2112 ναμωθεῐσα
464 2029 546 2118 φύγη
567 2029 636 2106 τούς
652 2030 852 2112 κοσμοποιούς
866 2027 1031 2116 Ἅγγὲλους,
1055 2034 1086 2096 έν
1106 2039 1146 2120 τῷ
1161 2031 1211 2098 διά
1228 2028 1349 2095 πάντων
1369 2057 1425 2112 χω-

275 2139 364 2218 ρῆσαι
379 2138 435 2196 τόν
450 2134 481 2196 έν
495 2137 536 2219 τῷ
551 2131 652 2220 κόσμῳ
668 2132 847 2217 πραγμάτων
864 2134 914 2196 καὶ
930 2131 1067 2218 πράξεων
1083 2139 1141 2198 τῶν
1157 2131 1217 2198 ύπό
1233 2139 1291 2198 τῶν
1304 2128 1423 2216 ἀνθρά-

274 2259 341 2298 πων
358 2234 523 2317 γινομένων
541 2234 593 2297 παλ
610 2235 642 2298 έν
656 2233 835 2323 παραβύστῳ
855 2231 975 2299 ἀτόπων
997 2237 1092 2318 ἔργων
1114 2237 1164 2298 καὶ
1184 2231 1349 2317 ἀθεμίτων,
1371 2235 1425 2298 καλ

275 2332 358 2410 ὅπως
381 2332 431 2398 διά
454 2341 559 2398 πασοῦν
581 2342 642 2400 τοῖν
666 2335 799 2420 πράξεων
823 2339 1058 2420 έλευθερωθεῑσα
1078 2333 1099 2416 ἡ
1118 2333 1193 2418 αύτῆ
1216 2332 1316 2417 ψυχῆ,
1339 2338 1425 2416 φησὶ,

276 2443 328 2501 τοῦ
344 2433 440 2518 Ἰησοῦ
457 2434 568 2525 ἀνέλθη
591 2435 667 2522 πρός
688 2436 740 2501 τόν
757 2435 848 2503 αότόν
866 2440 984 2522 Πατέρα
1007 2435 1058 2504 τόν
1073 2437 1239 2523 άγνωστον,
1260 2435 1313 2502 τόν
1335 2435 1424 2500 δυνά-

277 2560 341 2618 μεις
356 2533 431 2626 αύτῆ
447 2535 654 2602 ἀποστείλαντα
669 2536 788 2604 ἀνωθεν
802 2542 851 2602 ἵνα
865 2537 915 2603 διά
930 2547 1033 2604 πασῶν
1047 2547 1106 2604 τόν
1118 2538 1253 2624 πράξεων
1266 2535 1424 2618 γωρῆσασιι

274 2639 326 2702 καλ
342 2640 575 2722 ἒλευθερωθεῖσα
590 2641 704 2705 διέλθοι
721 2639 797 2724 πρός
812 2638 905 2705 αῦτόν
920 2638 995 2706 ἀνα·
1018 2639 1054 2706 ού
1070 2639 1129 2722 μὴν
1145 2641 1194 2718 δέ,
1217 2636 1287 2705 ἀλλά
1304 2641 1354 2704 καλ
1371 2637 1425 2713 τός

276 2735 381 2821 όμολας
402 2738 477 2829 αῦτῆ
500 2740 614 2822 φυγάς,
642 2740 677 2804 τά
701 2745 749 2805 λ’σα
772 2738 846 2830 αύτῆ
870 2739 1095 2824 άσπασαμένας,
1122 2740 1174 2806 τόν
1198 2738 1289 2806 αύτόν
1308 2739 1425 2825 τρόπον

275 2843 524 2925 έλενθερωθελσας
544 2841 606 2907 άνω
628 2849 736 2924 πτῆται
757 2841 832 2925 πρός
851 2841 902 2908 τόν
924 2841 1073 2929 άγνυστον
1091 2844 1227 2927 Πατέρα,
1255 2844 1287 2906 έν
1305 2848 1348 2929 τῷ
1371 2839 1426 2915 τάς

274 2940 373 3018 πάσας
397 2941 516 3026 πράξεις
543 2943 695 3026 πραξάσας
720 2941 830 3027 όμολως
852 2953 912 3010 τόν
937 2944 1056 3010 πάντων
1081 2942 1290 3029 άπαλλαγελσας
1315 2941 1426 3008 λοιπόν

273 3046 522 3128 έλενθερωθῆναι.
571 3043 631 3127 Τῆν
645 3047 677 3110 δὲ
692 3045 792 3129 ψνγήν
804 3053 858 3111 τοῦ
874 3044 970 3130 Ἰησοῦ
990 3049 1022 3112 έν
1039 3055 1100 3122 τοῖς
1115 3053 1175 3110 τῶν
1185 3042 1337 3111 Ἰουδαίων
1354 3047 1425 3108 έθε·

275 3165 323 3210 σιν
340 3142 556 3229 ἀνατραφεῖσαν
570 3155 791 3232 καταφρονῆσαι
806 3145 919 3226 αότοῦν,
940 3150 991 3212 καλ
1008 3146 1059 3212 διδ
1076 3155 1164 3212 τοῦτο
1186 3145 1326 3230 δυνάμεις
1347 3149 1426 3228 εἰλη-

276 3247 364 3327 φέναι
378 3245 415 3312 δι’
429 3240 470 3313 όν
485 3247 521 3312 τά
537 3250 586 3313 έπλ
599 3247 734 3314 κολάσεσι
750 3247 837 3332 πάθη
850 3248 998 3334 προςόντα
1011 3257 1075 3325 τοῖς
1090 3247 1265 3333 ἀνθρώποις
1281 3249 1428 3330 δυνηθεὶς

274 3353 384 3435 πρᾶξαι
398 3345 562 3434 ύπερβῆναι
576 3349 647 3426 τούς
662 3348 863 3432 κοσμοποιούς
878 3354 1002 3433 ἴσχυσεν.
1047 3348 1094 3414 Οό
1108 3349 1202 3433 μόνον
1216 3351 1249 3415 δέ
1263 3347 1357 3432 αύτῆν
1371 3347 1429 3431 τῆν

274 3449 376 3534 ψυχὴν
392 3459 446 3517 τοῦ
461 3449 558 3534 Ἰησοῦ
571 3458 658 3518 τοῦτο
678 3454 870 3534 δεδυνῆσθαι,
891 3448 962 3516 ἀλλά
980 3453 1032 3516 καλ
1046 3451 1100 3534 τῆν
1117 3453 1284 3535 δυναμένην
1298 3449 1349 3516 διά
1365 3457 1430 3515 τῶν

275 3551 409 3638 πράξεων
431 3551 606 3638 γωρήσασαν
630 3550 795 3638 ύπερβῆναι
818 3551 888 3629 τοῦς
907 3552 1110 3634 κοσμοποιούς
1134 3551 1242 3630 αύτούς
1259 3550 1428 3638 Ἀγγέλους,

274 3656 327 3720 καλ
345 3652 422 3737 αύτόγ
439 3654 491 3720 έόν
511 3652 587 3744 λάβῃ
605 3653 759 3736 δυνάμεις,
780 3658 831 3719 καὶ
850 3653 887 3719 τό
906 3651 994 3736 όμοια
1010 3653 1123 3744 πράξῃ,
1145 3653 1281 3741 καθάπερ
1299 3663 1354 3720 τοῦ
1371 3651 1430 3736 Ἰη-

277 3759 349 3834 σοῦ,
372 3754 412 3833 οἱς
428 3766 581 3841 προεῖπον.
615 3754 713 3819 Ὅθεν
735 3757 777 3831 εἰς
797 3755 893 3836 τάφον
909 3748 991 3821 οῦτοι
1010 3753 1179 3841 ἐληλακότες
1201 3759 1291 3840 μέγαν
1315 3758 1347 3820 ολ
1363 3751 1430 3820 ύπδ

273 3864 328 3922 τοῦ
343 3855 515 3933 ἀπατεῶνος
529 3856 636 3924 τούτου
652 3855 852 3938 άπατηθέντες
869 3855 995 3933 ἑαυτούς
1008 3859 1201 3942 προκριτέονς
1217 3854 1356 3942 ἡγοῦνται
1374 3857 1430 3922 καλ

275 3956 367 4024 αύτοῦ
383 3968 437 4026 τοῦ
452 3957 556 4042 Ἰησοῦ.
592 3957 692 4022 ’Ἀλλοι
707 3958 738 4023 δὲ
754 3960 784 4036 ἐξ
801 3956 898 4024 αότιῦν
914 3955 971 4024 ούιι
984 3956 1080 4038 Ἰησοῦ
1094 3981 1196 4040 φασιν,
1217 3955 1287 4023 ἀλλά
1305 3958 1432 4042 Πέτρον

275 4061 326 4126 καὶ
345 4058 484 4145 Ἀνδρέον
506 4061 557 4126 καλ
574 4058 700 4125 Παύλου
721 4060 772 4124 καλ
788 4067 848 4124 τῶν
870 4066 982 4126 λοιπῶν
999 4057 1170 4127 ἀποστόλων
1190 4057 1314 4134 ἑαυτούς
1332 4054 1432 4141 άπερ·

274 4164 468 4248 φερεστέρους
486 4159 559 4227 εἶναι
582 4159 631 4226 διά
647 4158 702 4243 τῆν
718 4159 885 4244 ύπερβολῆν
907 4168 960 4243 τῆς
976 4160 1119 4237 Γνούσεως
1140 4163 1191 4225 καλ
1207 4159 1240 4227 τό
1260 4157 1432 4243 περισσότε-

276 4287 330 4345 ρον
341 4269 396 4344 τῆς
411 4261 595 4348 διαπράξεως
608 4261 762 4349 διαφόρων
776 4262 925 4341 διεξόδων.
954 4261 1053 4328 Ἀλλοι
1066 4264 1099 4329 δὲ
1114 4265 1144 4340 έξ
1159 4260 1258 4328 αότῦν
1272 4259 1434 4343 φάσκουσι

275 4363 368 4445 μηδὲν
384 4367 581 4448 διενηνοχέναι
599 4371 653 4430 τοῦ
674 4369 781 4449 κυρέου
801 4363 886 4448 ῆμοῦν
899 4361 996 4448 Ἰησοῦ
1016 4371 1155 4450 Χριστοῦ.
1200 4367 1243 4428 Αἱ
1257 4362 1311 4450 γάρ
1327 4366 1435 4446 ψυχαὶ
