3008 4996
330 312 463 366 rabban
480 313 541 367 ΗΒ.
554 315 575 367 l.
591 313 673 368 uolt.
683 315 715 366 u.
731 313 828 366 HAER.
840 315 936 367 XXVl.
1146 301 1204 360 177

85 432 185 518 pudebit
200 432 315 518 eloqui,
345 433 440 517 utqui
458 432 624 498 foedissima
638 432 750 498 illorum
768 433 876 519 flagitia
892 431 1051 512 audierint,
1082 433 1204 499 horrore

85 537 190 618 qnomm
211 534 383 600 affiniaotur.
431 533 548 600 Etenim
577 545 693 618 peraeto
720 545 821 622 stupro
844 535 964 601 subinde
988 533 1205 600 contumeliosis

85 638 181 701 eoelum
201 637 323 701 vocibus
338 647 524 724 appetentes,
552 636 666 722 utrique
682 637 771 702 maris
788 637 957 722 profluvium
976 638 1057 702 ravis
1074 636 1206 702 manibus

87 739 237 824 arripiunt,
261 760 297 804 ae
312 738 431 803 sublatis
446 760 562 804 rursum
578 737 669 802 oeulis
681 739 796 804 foedum
809 738 877 802 illud
894 749 923 802 et
938 737 1131 804 abominabile
1145 757 1205 802 ma·

87 839 156 903 uibus
172 842 373 924 praeferentes
389 841 567 920 eonsistunt,
590 860 625 904 ae
643 861 745 925 preses
763 839 939 926 eoneipiunt.
982 837 1128 903 Militares
1144 840 1206 924 qoi-

88 939 140 1004 len
154 952 184 1004 et
197 939 333 1008 Gnostici
349 943 384 1006 ad
402 931 621 1022 universorum,
653 951 684 1006 ut
698 942 794 1020 aiunt,
824 953 991 1026 parentem,
1022 941 1068 1004 eui
1086 951 1115 1004 et
1132 943 1205 1024 quod

88 1043 203 1107 manibus
219 1053 337 1128 gestant
349 1045 486 1124 oberunt,
510 1065 574 1108 eum
592 1043 647 1108 boe
662 1043 775 1108 solenni
791 1045 934 1108 earminer
956 1047 1016 1106 Hoc
1030 1046 1084 1106 tr'br'
1095 1065 1203 1117 manua,

88 1148 199 1206 nubum
216 1149 327 1208 Chresti
339 1167 456 1226 eomes,
479 1149 633 1232 offeramur.
678 1143 776 1230 Atque
793 1145 833 1209 ita
851 1157 908 1210 tum
928 1165 963 1210 eo
981 1155 1160 1226 vescuntur,
1179 1155 1209 1208 et

89 1243 281 1330 inpurissimae
300 1267 369 1311 aues
388 1247 491 1312 sordes
507 1249 677 1331 degustant,
706 1248 805 1332 itaque
823 1247 937 1311 dieunts
969 1251 1030 1310 Hor
1046 1259 1090 1308 est
1107 1269 1207 1327 eorpus

90 1351 194 1422 Clea'rtr',
217 1361 248 1411 et
261 1353 315 1410 loe
329 1360 372 1410 est
388 1352 510 1412 Praeda:
534 1353 638 1410 siloam
656 1371 774 1430 corporo
788 1361 884 1412 nmtru
896 1354 1044 1430 mbbntur
1057 1361 1086 1410 et
1104 1353 1211 1410 Christi

87 1454 206 1530 sappum
225 1453 358 1532 confitear·
371 1463 520 1531 eoguntur.
565 1448 677 1514 Eodem
695 1451 780 1514 modo
795 1449 907 1535 quoties
925 1450 1028 1514 mulier
1043 1459 1208 1514 menstruos

9 1589 10 1592 =
88 1549 168 1615 luxus
189 1553 313 1638 patitur,
343 1550 540 1616 foedissimum
563 1551 642 1615 illum
666 1551 836 1636 sangninem
858 1551 1009 1616 eolleetunr
1033 1571 1090 1615 una
1108 1570 1208 1614 omnes

9 1649 10 1652 ’
88 1651 240 1718 absorbent.
283 1654 381 1738 Atque
405 1654 451 1718 bie
474 1665 535 1735 est,
558 1653 708 1738 inquiunt,
731 1652 850 1738 sanguis
873 1647 994 1717 Christi.

155 1957 316 2046 Propterea
332 1961 362 2025 io
378 1958 561 2048 Apoerypbis
577 1959 693 2046 legente
725 1965 791 2024 Vrdr'
803 1961 929 2022 arborem
944 1961 1085 2022 moderin
1091 1961 1209 2044 staretur
1229 1963 1287 2033 usp.
1305 1963 1334 2019 V·

86 2068 219 2140 pssumis
225 2065 383 2146 serentem,
407 2075 437 2126 et
452 2069 528 2125 dreit
539 2067 621 2138 mr'hr',
645 2067 705 2126 Hoe
724 2075 769 2125 est
781 2066 888 2143 lebnam
903 2067 986 2124 mtoe.
1031 2058 1158 2147 idipsum
1174 2063 1210 2126 de

87 2164 228 2228 menstruis
249 2163 398 2228 mulierum
418 2163 568 2250 profluviis
586 2165 826 2251 interpretantur.
870 2160 1027 2229 Caeterum
1048 2185 1112 2228 eum
1134 2163 1211 2228 inter

86 2283 142 2328 sese
157 2265 303 2330 Venerem
320 2276 497 2345 exerceant,
530 2266 637 2330 liberos
657 2277 751 2331 tamen
767 2265 916 2350 suseipere
933 2264 1096 2350 probibent.
1139 2263 1209 2330 Non

87 2367 152 2428 enim
166 2367 254 2452 prolis
274 2367 387 2448 studio,
410 2368 461 2431 sed
482 2379 512 2432 ut
526 2367 635 2432 libidini
652 2389 723 2432 suae
741 2368 888 2446 serviant,
911 2367 940 2430 ei
958 2366 1140 2452 eorruptelae
1158 2388 1210 2431 va·

85 2478 152 2530 eant.
194 2465 238 2534 lta
255 2467 370 2533 miseris
390 2467 552 2534 bominibus
572 2467 701 2532 diabolus
719 2468 827 2548 illudit,
858 2481 978 2554 etopus
998 2467 1044 2532 dei
1064 2467 1210 2532 fraudibus

84 2567 138 2632 suis
152 2569 324 2654 implicatum
343 2590 396 2654 per
414 2570 565 2636 ludibrium
584 2570 719 2635 traducit.
763 2567 890 2635 Proinde
907 2568 951 2634 aie
968 2568 1078 2633 libidini
1096 2568 1211 2634 satisla-

85 2670 155 2734 eiunt
169 2693 255 2750 snae,
279 2681 312 2734 ot
324 2671 549 2757 impurissimum
564 2691 665 2736 semen
678 2671 709 2736 in
725 2672 838 2758 seipsos
853 2672 1010 2758 recipiant,
1034 2691 1126 2755 neque
1141 2671 1211 2736 illud

83 2771 115 2832 ad
129 2773 335 2858 propagandam
349 2772 479 2836 sobolem
494 2773 636 2853 emittant,
653 2773 704 2838 sed
719 2795 772 2838 sua
785 2774 841 2859 ipsi
856 2773 1031 2858 turpitudine
1043 2784 1208 2858 pascantur.

83 2869 161 2954 Quod
185 2876 209 2938 si
238 2875 315 2938 torte
335 2874 476 2960 quispiam
500 2875 613 2940 excreti
635 2875 755 2940 seminis
777 2873 984 2940 immissionem
1007 2875 1208 2951 anteverterit,

83 2981 108 3034 et
121 2995 159 3038 ex
172 2995 207 3038 eo
219 2975 339 3062 gravida
354 2977 430 3041 laeta
444 2976 483 3040 sit
496 2977 611 3056 mulier,
635 2976 700 3040 audi
713 2975 780 3061 quid
795 2977 908 3040 demum
922 2974 1091 3059 flagitiosius
1106 2995 1211 3059 aggre-

85 3073 201 3141 diantur.
251 3075 330 3142 Nam
350 3077 504 3142 intormem
528 3077 620 3143 adhue
648 3079 736 3142 leturn
760 3097 801 3142 ex
824 3088 908 3140 utero
931 3078 1107 3155 intrantem,
1140 3097 1210 3160 quor

85 3197 196 3262 eumque
212 3177 249 3242 iis
269 3189 398 3265 tempore
416 3178 511 3244 visum
527 3189 589 3258 eat,
620 3179 777 3259 infantem,
806 3177 941 3262 inquam,
972 3177 1123 3242 abortione
1145 3198 1211 3263 prn-

83 3275 177 3344 ieetnm
200 3281 230 3343 in
256 3281 394 3344 mortario
410 3281 517 3366 pistillo
535 3280 668 3345 tondunt.
713 3275 770 3345 Cui
787 3281 824 3344 ad
840 3278 986 3342 vitandam
1001 3298 1138 3343 nauseam
1155 3278 1211 3342 mel

84 3397 112 3440 ae
133 3382 211 3466 piper
233 3403 299 3444 oum
321 3381 387 3446 aliis
413 3383 590 3448 momedbus
618 3393 649 3447 et
671 3382 827 3466 unguentis
849 3379 1023 3445 admiscent.
1076 3379 1154 3444 'l'um
1179 3379 1210 3442 in

84 3499 162 3545 onom
183 3483 305 3548 eolleeto
328 3505 481 3571 porrorum
504 3505 538 3548 ae
560 3505 664 3550 oenum
685 3483 819 3548 sodalitio
838 3481 1037 3568 uuusquisque
1057 3501 1074 3546 e
1093 3481 1211 3544 sommi-

84 3591 146 3646 outo
161 3583 292 3648 infantuli
311 3585 482 3670 eorpuseulo
500 3586 589 3671 digito
606 3585 723 3650 delibat.
768 3582 820 3650 Sio
836 3583 968 3649 humanis
985 3583 1120 3648 earbibos
1138 3581 1216 3668 pasti

83 3681 116 3744 ad
129 3686 269 3750 orandum
282 3687 367 3750 lenm
386 3707 453 3752 sese
470 3698 659 3766 convertunt,
683 3699 730 3766 et,
754 3691 937 3768 Cupz'dr'totr's,
962 3685 1111 3770 inquiunt,
1128 3688 1211 3764 preb·

83 3802 139 3862 depr
154 3808 323 3869 nequequam
340 3791 419 3851 aobt's
436 3790 542 3864 illusi&
563 3791 614 3850 aed
629 3793 703 3870 quod
715 3792 860 3852 ermilerot
867 3789 966 3872 stubi
981 3798 1076 3850 nmtro
1096 3785 1210 3864 collegi·

83 3905 146 3947 aaa.
188 3888 285 3973 Atque
302 3889 331 3953 id
347 3885 508 3975 perlectum
526 3909 592 3954 esse
609 3889 716 3975 pasebu
732 3889 847 3954 demum
864 3887 1045 3954 existimant.
1090 3881 1213 3948 Praeter

84 3981 149 4050 baer
163 3989 219 4053 alia
233 3989 352 4076 iosrper
366 3992 428 4056 dira
441 4001 528 4077 atque
545 3992 710 4056 exerrauda
725 3989 919 4056 committunt.
965 3984 1039 4053 Cum
1055 3987 1132 4050 enim
1146 4005 1211 4049 rur-

83 4105 129 4150 sus
146 4089 222 4156 inse
238 4103 337 4156 mutuo
353 4092 488 4158 beerbari
507 4115 542 4158 ao
560 4096 658 4158 lurore
675 4091 841 4176 eoeperint,
871 4089 1015 4178 respersis
1032 4085 1211 4173 spurcissimi

84 4183 203 4257 humone
220 4193 387 4279 prolusione
403 4194 534 4260 manibus
550 4204 744 4280 consurgunt,
768 4204 854 4278 atque
872 4193 914 4257 itu
930 4190 1059 4256 loedetaa
1075 4201 1213 4274 gerentes

82 4339 127 4418 ῖῇς
141 4349 228 4397 notata
241 4350 336 4398 mult
371 4349 439 4410 Quod
453 4351 524 4399 dona
538 4351 626 4400 coron
659 4349 687 4397 ttt
701 4345 754 4408 „aio
771 4345 914 4413 eongragatl
929 4359 1015 4395 omnes
1029 4357 1162 4412 porrorum
1182 4355 1214 4394 ae

82 4416 295 4478 mmm!
303 4421 399 4480 ouum
410 4419 509 4480 uidetur,
522 4419 562 4482 put
574 4429 626 4467 uer·
662 4431 748 4466 uuum
764 4413 852 4466 horum
869 4411 986 4464 aarum·
1003 4415 1053 4464 ortt.

132 4490 399 4552 maumam.
509 4509 512 4516 -
973 4501 1012 4564 12
