<?xml version="1.0" encoding="UTF-8"?>
<!DOCTYPE html PUBLIC "-//W3C//DTD XHTML 1.0 Transitional//EN"
    "http://www.w3.org/TR/xhtml1/DTD/xhtml1-transitional.dtd">
<html xmlns="http://www.w3.org/1999/xhtml" xml:lang="en" lang="en">
 <head>
  <title>
</title>
<meta http-equiv="Content-Type" content="text/html;charset=utf-8" />
  <meta name='ocr-system' content='tesseract 3.04.00' />
  <meta name='ocr-capabilities' content='ocr_page ocr_carea ocr_par ocr_line ocrx_word'/>
</head>
<body>
  <div class='ocr_page' id='page_1' title='image "./corporishaerese03oehlgoog_0532.png"; bbox 0 0 3010 5000; ppageno 0'>
   <div class='ocr_carea' id='block_1_1' title="bbox 291 343 1204 406">
    <p class='ocr_par' dir='ltr' id='par_1_1' title="bbox 291 343 1204 406">
     <span class='ocr_line' id='line_1_1' title="bbox 291 343 1204 406; baseline -0.001 -1"><span class='ocrx_word' id='word_1_1' title='bbox 291 353 427 405; x_wconf 75' lang='lat' dir='ltr'>Paucum</span> <span class='ocrx_word' id='word_1_2' title='bbox 445 353 507 404; x_wconf 75' lang='lat' dir='ltr'>Lis.</span> <span class='ocrx_word' id='word_1_3' title='bbox 520 355 540 404; x_wconf 83' lang='lat' dir='ltr'>t.</span> <span class='ocrx_word' id='word_1_4' title='bbox 556 353 638 406; x_wconf 84' lang='lat' dir='ltr'>TOM.</span> <span class='ocrx_word' id='word_1_5' title='bbox 651 355 694 405; x_wconf 84' lang='grc' dir='ltr'>ΙΙΙ.</span> <span class='ocrx_word' id='word_1_6' title='bbox 712 353 809 404; x_wconf 79' lang='lat' dir='ltr'><strong>HAER.</strong></span> <span class='ocrx_word' id='word_1_7' title='bbox 821 355 969 406; x_wconf 77' lang='lat' dir='ltr'>xxxvia.</span> <span class='ocrx_word' id='word_1_8' title='bbox 1144 343 1204 404; x_wconf 81' lang='grc'>515</span> 
     </span>
    </p>
   </div>
   <div class='ocr_carea' id='block_1_2' title="bbox 57 475 1373 4027">
    <p class='ocr_par' dir='ltr' id='par_1_2' title="bbox 57 475 1212 1579">
     <span class='ocr_line' id='line_1_2' title="bbox 58 475 1208 556; baseline -0.001 -21"><span class='ocrx_word' id='word_1_9' title='bbox 58 478 114 536; x_wconf 90' lang='lat' dir='ltr'>lum</span> <span class='ocrx_word' id='word_1_10' title='bbox 131 475 246 548; x_wconf 83' lang='lat' dir='ltr'>bouum,</span> <span class='ocrx_word' id='word_1_11' title='bbox 271 478 323 556; x_wconf 86' lang='lat' dir='ltr'>qui</span> <span class='ocrx_word' id='word_1_12' title='bbox 333 485 446 554; x_wconf 70' lang='lat' dir='ltr'>poam</span> <span class='ocrx_word' id='word_1_13' title='bbox 461 475 589 536; x_wconf 76' lang='lat' dir='ltr'>tenebras</span> <span class='ocrx_word' id='word_1_14' title='bbox 603 477 706 547; x_wconf 86' lang='lat' dir='ltr'>lucem,</span> <span class='ocrx_word' id='word_1_15' title='bbox 731 486 762 536; x_wconf 87' lang='lat' dir='ltr'>et</span> <span class='ocrx_word' id='word_1_16' title='bbox 773 476 860 535; x_wconf 85' lang='lat' dir='ltr'>iucem</span> <span class='ocrx_word' id='word_1_17' title='bbox 878 475 1022 548; x_wconf 77' lang='lat' dir='ltr'><em>tenebras,</em></span> <span class='ocrx_word' id='word_1_18' title='bbox 1047 477 1099 555; x_wconf 90' lang='lat' dir='ltr'>qui</span> <span class='ocrx_word' id='word_1_19' title='bbox 1110 477 1208 536; x_wconf 78' lang='lat' dir='ltr'>dicum</span> 
     </span>
     <span class='ocr_line' id='line_1_3' title="bbox 57 574 1208 651; baseline 0 -13"><span class='ocrx_word' id='word_1_20' title='bbox 57 580 140 638; x_wconf 85' lang='lat' dir='ltr'>dulce</span> <span class='ocrx_word' id='word_1_21' title='bbox 156 597 298 651; x_wconf 84' lang='lat' dir='ltr'>umorum,</span> <span class='ocrx_word' id='word_1_22' title='bbox 322 587 491 638; x_wconf 76' lang='lat' dir='ltr'>atomorum</span> <span class='ocrx_word' id='word_1_23' title='bbox 507 580 598 638; x_wconf 80' lang='lat' dir='ltr'><em>dulce.</em></span> <span class='ocrx_word' id='word_1_24' title='bbox 645 574 722 639; x_wconf 87' lang='lat' dir='ltr'>Nam</span> <span class='ocrx_word' id='word_1_25' title='bbox 738 575 768 639; x_wconf 93' lang='lat' dir='ltr'>in</span> <span class='ocrx_word' id='word_1_26' title='bbox 787 576 880 639; x_wconf 84' lang='lat' dir='ltr'>veteri</span> <span class='ocrx_word' id='word_1_27' title='bbox 897 586 927 639; x_wconf 90' lang='lat' dir='ltr'>ct</span> <span class='ocrx_word' id='word_1_28' title='bbox 941 597 1018 640; x_wconf 89' lang='lat' dir='ltr'>novo</span> <span class='ocrx_word' id='word_1_29' title='bbox 1034 585 1208 640; x_wconf 87' lang='lat' dir='ltr'>testamento</span> 
     </span>
     <span class='ocr_line' id='line_1_4' title="bbox 58 675 1209 764; baseline -0.003 -21"><span class='ocrx_word' id='word_1_30' title='bbox 58 675 143 743; x_wconf 86' lang='lat' dir='ltr'>Caini</span> <span class='ocrx_word' id='word_1_31' title='bbox 158 677 291 763; x_wconf 79' lang='lat' dir='ltr'>impietas</span> <span class='ocrx_word' id='word_1_32' title='bbox 308 688 408 764; x_wconf 84' lang='lat' dir='ltr'>aperta</span> <span class='ocrx_word' id='word_1_33' title='bbox 426 699 461 740; x_wconf 91' lang='lat' dir='ltr'>ae</span> <span class='ocrx_word' id='word_1_34' title='bbox 477 677 556 742; x_wconf 87' lang='lat' dir='ltr'>clara</span> <span class='ocrx_word' id='word_1_35' title='bbox 573 699 645 743; x_wconf 89' lang='lat' dir='ltr'>voce</span> <span class='ocrx_word' id='word_1_36' title='bbox 662 679 856 763; x_wconf 84' lang='lat' dir='ltr'>praedicetur.</span> <span class='ocrx_word' id='word_1_37' title='bbox 896 675 940 742; x_wconf 80' lang='lat' dir='ltr'>ttti</span> <span class='ocrx_word' id='word_1_38' title='bbox 959 688 1055 742; x_wconf 87' lang='lat' dir='ltr'>autem</span> <span class='ocrx_word' id='word_1_39' title='bbox 1073 678 1209 741; x_wconf 82' lang='lat' dir='ltr'>tenebra·</span> 
     </span>
     <span class='ocr_line' id='line_1_5' title="bbox 58 776 1209 860; baseline -0.002 -16"><span class='ocrx_word' id='word_1_40' title='bbox 58 803 123 844; x_wconf 91' lang='lat' dir='ltr'>rom</span> <span class='ocrx_word' id='word_1_41' title='bbox 138 791 283 844; x_wconf 85' lang='lat' dir='ltr'>amatores</span> <span class='ocrx_word' id='word_1_42' title='bbox 299 801 334 844; x_wconf 89' lang='lat' dir='ltr'>ao</span> <span class='ocrx_word' id='word_1_43' title='bbox 349 780 545 844; x_wconf 83' lang='lat' dir='ltr'>maleficorum</span> <span class='ocrx_word' id='word_1_44' title='bbox 560 779 723 844; x_wconf 81' lang='lat' dir='ltr'>imitatores</span> <span class='ocrx_word' id='word_1_45' title='bbox 738 780 862 844; x_wconf 81' lang='lat' dir='ltr'>Abelum</span> <span class='ocrx_word' id='word_1_46' title='bbox 878 780 1013 860; x_wconf 87' lang='lat' dir='ltr'>oderunt,</span> <span class='ocrx_word' id='word_1_47' title='bbox 1038 791 1067 844; x_wconf 89' lang='lat' dir='ltr'>et</span> <span class='ocrx_word' id='word_1_48' title='bbox 1083 776 1209 844; x_wconf 84' lang='lat' dir='ltr'>Caicum</span> 
     </span>
     <span class='ocr_line' id='line_1_6' title="bbox 58 878 1210 967; baseline 0 -21"><span class='ocrx_word' id='word_1_49' title='bbox 58 893 175 961; x_wconf 89' lang='lat' dir='ltr'>amant,</span> <span class='ocrx_word' id='word_1_50' title='bbox 207 894 238 947; x_wconf 87' lang='lat' dir='ltr'>et</span> <span class='ocrx_word' id='word_1_51' title='bbox 255 878 356 945; x_wconf 87' lang='lat' dir='ltr'>ludam</span> <span class='ocrx_word' id='word_1_52' title='bbox 376 881 533 967; x_wconf 86' lang='lat' dir='ltr'>pcaeoooio</span> <span class='ocrx_word' id='word_1_53' title='bbox 555 904 609 946; x_wconf 88' lang='lat' dir='ltr'>sno</span> <span class='ocrx_word' id='word_1_54' title='bbox 629 883 789 947; x_wconf 85' lang='lat' dir='ltr'>celebrant.</span> <span class='ocrx_word' id='word_1_55' title='bbox 835 881 895 946; x_wconf 86' lang='lat' dir='ltr'>Sed</span> <span class='ocrx_word' id='word_1_56' title='bbox 916 891 945 944; x_wconf 93' lang='lat' dir='ltr'>et</span> <span class='ocrx_word' id='word_1_57' title='bbox 963 881 1210 966; x_wconf 86' lang='lat' dir='ltr'>perniciosissime</span> 
     </span>
     <span class='ocr_line' id='line_1_7' title="bbox 59 982 1210 1069; baseline -0.001 -20"><span class='ocrx_word' id='word_1_58' title='bbox 59 985 209 1063; x_wconf 90' lang='lat' dir='ltr'>sentiunt,</span> <span class='ocrx_word' id='word_1_59' title='bbox 234 985 299 1048; x_wconf 92' lang='lat' dir='ltr'>dum</span> <span class='ocrx_word' id='word_1_60' title='bbox 321 982 468 1048; x_wconf 83' lang='lat' dir='ltr'>Virtutem</span> <span class='ocrx_word' id='word_1_61' title='bbox 487 985 628 1069; x_wconf 77' lang='lat' dir='ltr'>duplicem</span> <span class='ocrx_word' id='word_1_62' title='bbox 644 986 840 1062; x_wconf 84' lang='lat' dir='ltr'>constituunt,</span> <span class='ocrx_word' id='word_1_63' title='bbox 871 984 1043 1048; x_wconf 81' lang='lat' dir='ltr'><strong>imbecillam</strong></span> <span class='ocrx_word' id='word_1_64' title='bbox 1060 996 1090 1047; x_wconf 88' lang='lat' dir='ltr'>ct</span> <span class='ocrx_word' id='word_1_65' title='bbox 1104 983 1210 1048; x_wconf 86' lang='lat' dir='ltr'>tirmio-</span> 
     </span>
     <span class='ocr_line' id='line_1_8' title="bbox 60 1085 1212 1172; baseline -0.003 -21"><span class='ocrx_word' id='word_1_66' title='bbox 60 1108 141 1167; x_wconf 87' lang='lat' dir='ltr'>rem,</span> <span class='ocrx_word' id='word_1_67' title='bbox 169 1107 242 1172; x_wconf 86' lang='lat' dir='ltr'>quae</span> <span class='ocrx_word' id='word_1_68' title='bbox 260 1107 358 1150; x_wconf 86' lang='lat' dir='ltr'>seeum</span> <span class='ocrx_word' id='word_1_69' title='bbox 376 1085 501 1149; x_wconf 85' lang='lat' dir='ltr'>invicem</span> <span class='ocrx_word' id='word_1_70' title='bbox 520 1087 697 1165; x_wconf 84' lang='lat' dir='ltr'>dissideant,</span> <span class='ocrx_word' id='word_1_71' title='bbox 728 1107 763 1150; x_wconf 86' lang='lat' dir='ltr'>ae</span> <span class='ocrx_word' id='word_1_72' title='bbox 781 1107 837 1150; x_wconf 89' lang='lat' dir='ltr'>ooo</span> <span class='ocrx_word' id='word_1_73' title='bbox 857 1085 1038 1150; x_wconf 87' lang='lat' dir='ltr'>voluntatum</span> <span class='ocrx_word' id='word_1_74' title='bbox 1057 1086 1086 1149; x_wconf 89' lang='lat' dir='ltr'>io</span> <span class='ocrx_word' id='word_1_75' title='bbox 1105 1086 1212 1149; x_wconf 86' lang='lat' dir='ltr'>muodo</span> 
     </span>
     <span class='ocr_line' id='line_1_9' title="bbox 60 1188 1209 1274; baseline -0.002 -21"><span class='ocrx_word' id='word_1_76' title='bbox 60 1189 232 1253; x_wconf 80' lang='lat' dir='ltr'>uarietatem</span> <span class='ocrx_word' id='word_1_77' title='bbox 250 1189 395 1268; x_wconf 84' lang='lat' dir='ltr'>inierant,</span> <span class='ocrx_word' id='word_1_78' title='bbox 429 1190 480 1252; x_wconf 88' lang='lat' dir='ltr'>sed</span> <span class='ocrx_word' id='word_1_79' title='bbox 498 1189 566 1253; x_wconf 83' lang='lat' dir='ltr'>illud</span> <span class='ocrx_word' id='word_1_80' title='bbox 584 1190 752 1274; x_wconf 83' lang='lat' dir='ltr'>perficiant,</span> <span class='ocrx_word' id='word_1_81' title='bbox 782 1199 816 1252; x_wconf 89' lang='lat' dir='ltr'>ut</span> <span class='ocrx_word' id='word_1_82' title='bbox 832 1188 879 1272; x_wconf 90' lang='lat' dir='ltr'>qui</span> <span class='ocrx_word' id='word_1_83' title='bbox 899 1188 928 1250; x_wconf 91' lang='lat' dir='ltr'>io</span> <span class='ocrx_word' id='word_1_84' title='bbox 945 1188 1038 1251; x_wconf 88' lang='lat' dir='ltr'>locem</span> <span class='ocrx_word' id='word_1_85' title='bbox 1055 1190 1209 1273; x_wconf 88' lang='lat' dir='ltr'>prodeunt,</span> 
     </span>
     <span class='ocr_line' id='line_1_10' title="bbox 57 1290 1210 1376; baseline -0.002 -22"><span class='ocrx_word' id='word_1_86' title='bbox 57 1291 109 1355; x_wconf 87' lang='lat' dir='ltr'>alii</span> <span class='ocrx_word' id='word_1_87' title='bbox 124 1290 244 1376; x_wconf 87' lang='lat' dir='ltr'>primam</span> <span class='ocrx_word' id='word_1_88' title='bbox 261 1313 276 1353; x_wconf 90' lang='lat' dir='ltr'>a</span> <span class='ocrx_word' id='word_1_89' title='bbox 293 1291 368 1354; x_wconf 85' lang='lat' dir='ltr'>malo</span> <span class='ocrx_word' id='word_1_90' title='bbox 384 1300 506 1354; x_wconf 88' lang='lat' dir='ltr'>naturae</span> <span class='ocrx_word' id='word_1_91' title='bbox 521 1291 674 1374; x_wconf 80' lang='lat' dir='ltr'>originem,</span> <span class='ocrx_word' id='word_1_92' title='bbox 696 1292 744 1356; x_wconf 86' lang='lat' dir='ltr'>alii</span> <span class='ocrx_word' id='word_1_93' title='bbox 758 1313 775 1354; x_wconf 90' lang='lat' dir='ltr'>a</span> <span class='ocrx_word' id='word_1_94' title='bbox 790 1291 865 1354; x_wconf 91' lang='lat' dir='ltr'>bono</span> <span class='ocrx_word' id='word_1_95' title='bbox 882 1291 1039 1355; x_wconf 74' lang='lat' dir='ltr'>derivatam</span> <span class='ocrx_word' id='word_1_96' title='bbox 1055 1291 1210 1376; x_wconf 83' lang='lat' dir='ltr'>accipiant.</span> 
     </span>
     <span class='ocr_line' id='line_1_11' title="bbox 58 1391 1211 1472; baseline -0.002 -15"><span class='ocrx_word' id='word_1_97' title='bbox 58 1391 217 1458; x_wconf 88' lang='lat' dir='ltr'>Neminem</span> <span class='ocrx_word' id='word_1_98' title='bbox 241 1392 316 1457; x_wconf 90' lang='lat' dir='ltr'>enim</span> <span class='ocrx_word' id='word_1_99' title='bbox 339 1391 379 1456; x_wconf 83' lang='lat' dir='ltr'>iiii</span> <span class='ocrx_word' id='word_1_100' title='bbox 403 1414 443 1456; x_wconf 83' lang='lat' dir='ltr'>ex</span> <span class='ocrx_word' id='word_1_101' title='bbox 466 1393 553 1456; x_wconf 84' lang='lat' dir='ltr'>animi</span> <span class='ocrx_word' id='word_1_102' title='bbox 575 1393 786 1457; x_wconf 65' lang='lat' dir='ltr'>deliberatione</span> <span class='ocrx_word' id='word_1_103' title='bbox 808 1393 914 1458; x_wconf 85' lang='lat' dir='ltr'>bonum</span> <span class='ocrx_word' id='word_1_104' title='bbox 937 1413 1004 1456; x_wconf 86' lang='lat' dir='ltr'>esso</span> <span class='ocrx_word' id='word_1_105' title='bbox 1026 1394 1073 1458; x_wconf 83' lang='lat' dir='ltr'>vel</span> <span class='ocrx_word' id='word_1_106' title='bbox 1093 1393 1211 1472; x_wconf 82' lang='lat' dir='ltr'>malum,</span> 
     </span>
     <span class='ocr_line' id='line_1_12' title="bbox 57 1494 498 1579; baseline -0.005 -19"><span class='ocrx_word' id='word_1_107' title='bbox 57 1498 112 1560; x_wconf 87' lang='lat' dir='ltr'>sed</span> <span class='ocrx_word' id='word_1_108' title='bbox 136 1506 240 1560; x_wconf 86' lang='lat' dir='ltr'>natura</span> <span class='ocrx_word' id='word_1_109' title='bbox 262 1495 325 1579; x_wconf 89' lang='lat' dir='ltr'>ipsa</span> <span class='ocrx_word' id='word_1_110' title='bbox 348 1494 498 1558; x_wconf 85' lang='lat' dir='ltr'>definiunt.</span> 
     </span>
    </p>

    <p class='ocr_par' dir='ltr' id='par_1_3' title="bbox 59 1595 1352 2091">
     <span class='ocr_line' id='line_1_13' title="bbox 147 1595 1348 1683; baseline -0.002 -21"><span class='ocrx_word' id='word_1_111' title='bbox 147 1595 206 1662; x_wconf 90' lang='lat' dir='ltr'>Sed</span> <span class='ocrx_word' id='word_1_112' title='bbox 224 1597 259 1661; x_wconf 91' lang='lat' dir='ltr'>dc</span> <span class='ocrx_word' id='word_1_113' title='bbox 276 1595 371 1662; x_wconf 82' lang='lat' dir='ltr'>Caino</span> <span class='ocrx_word' id='word_1_114' title='bbox 386 1599 508 1680; x_wconf 89' lang='lat' dir='ltr'>primum</span> <span class='ocrx_word' id='word_1_115' title='bbox 525 1599 590 1683; x_wconf 93' lang='lat' dir='ltr'>quid</span> <span class='ocrx_word' id='word_1_116' title='bbox 608 1609 709 1662; x_wconf 86' lang='lat' dir='ltr'>vetere</span> <span class='ocrx_word' id='word_1_117' title='bbox 724 1598 754 1661; x_wconf 90' lang='lat' dir='ltr'>io</span> <span class='ocrx_word' id='word_1_118' title='bbox 771 1608 945 1660; x_wconf 87' lang='lat' dir='ltr'>testamento</span> <span class='ocrx_word' id='word_1_119' title='bbox 960 1597 1098 1682; x_wconf 88' lang='lat' dir='ltr'>scriptum</span> <span class='ocrx_word' id='word_1_120' title='bbox 1115 1597 1154 1660; x_wconf 89' lang='lat' dir='ltr'>sit</span> <span class='ocrx_word' id='word_1_121' title='bbox 1169 1596 1214 1658; x_wconf 93' lang='lat' dir='ltr'>in·</span> <span class='ocrx_word' id='word_1_122' title='bbox 1232 1607 1291 1677; x_wconf 69' lang='lat' dir='ltr'>cip.</span> <span class='ocrx_word' id='word_1_123' title='bbox 1307 1610 1348 1660; x_wconf 86' lang='lat' dir='ltr'>tv.</span> 
     </span>
     <span class='ocr_line' id='line_1_14' title="bbox 59 1700 1352 1787; baseline -0.002 -22"><span class='ocrx_word' id='word_1_124' title='bbox 59 1701 231 1787; x_wconf 77' lang='lat' dir='ltr'>spiciamus.</span> <span class='ocrx_word' id='word_1_125' title='bbox 276 1703 463 1776; x_wconf 75' lang='lat' dir='ltr'>Maledictus,</span> <span class='ocrx_word' id='word_1_126' title='bbox 496 1700 605 1785; x_wconf 91' lang='lat' dir='ltr'>inquit,</span> <span class='ocrx_word' id='word_1_127' title='bbox 637 1705 727 1762; x_wconf 80' lang='lat' dir='ltr'>eru&#39;sn</span> <span class='ocrx_word' id='word_1_128' title='bbox 747 1712 841 1774; x_wconf 80' lang='lat' dir='ltr'>deren,</span> <span class='ocrx_word' id='word_1_129' title='bbox 873 1721 944 1781; x_wconf 86' lang='lat' dir='ltr'>quae</span> <span class='ocrx_word' id='word_1_130' title='bbox 958 1703 1070 1780; x_wconf 85' lang='lat' dir='ltr'>aperuit</span> <span class='ocrx_word' id='word_1_131' title='bbox 1085 1721 1117 1761; x_wconf 87' lang='lat' dir='ltr'>os</span> <span class='ocrx_word' id='word_1_132' title='bbox 1132 1720 1212 1760; x_wconf 79' lang='lat' dir='ltr'>surum</span> <span class='ocrx_word' id='word_1_133' title='bbox 1226 1717 1352 1772; x_wconf 77' lang='lat' dir='ltr'>oen.t,11.</span> 
     </span>
     <span class='ocr_line' id='line_1_15' title="bbox 59 1806 1216 1886; baseline -0.003 -20"><span class='ocrx_word' id='word_1_134' title='bbox 59 1816 89 1866; x_wconf 90' lang='lat' dir='ltr'>et</span> <span class='ocrx_word' id='word_1_135' title='bbox 107 1809 232 1884; x_wconf 74' lang='lat' dir='ltr'>suscepit</span> <span class='ocrx_word' id='word_1_136' title='bbox 246 1809 412 1884; x_wconf 78' lang='lat' dir='ltr'>sanguninem</span> <span class='ocrx_word' id='word_1_137' title='bbox 420 1806 531 1886; x_wconf 77' lang='lat' dir='ltr'>scotris</span> <span class='ocrx_word' id='word_1_138' title='bbox 547 1808 592 1864; x_wconf 88' lang='lat' dir='ltr'>tui</span> <span class='ocrx_word' id='word_1_139' title='bbox 610 1806 644 1863; x_wconf 88' lang='lat' dir='ltr'>de</span> <span class='ocrx_word' id='word_1_140' title='bbox 660 1823 744 1864; x_wconf 78' lang='lat' dir='ltr'>annau</span> <span class='ocrx_word' id='word_1_141' title='bbox 763 1814 827 1876; x_wconf 86' lang='lat' dir='ltr'>tue,</span> <span class='ocrx_word' id='word_1_142' title='bbox 858 1807 969 1883; x_wconf 78' lang='lat' dir='ltr'>erisque</span> <span class='ocrx_word' id='word_1_143' title='bbox 982 1823 1096 1882; x_wconf 79' lang='lat' dir='ltr'>gemeus</span> <span class='ocrx_word' id='word_1_144' title='bbox 1114 1813 1145 1863; x_wconf 83' lang='lat' dir='ltr'>et</span> <span class='ocrx_word' id='word_1_145' title='bbox 1160 1813 1216 1862; x_wconf 87' lang='lat' dir='ltr'>tre·</span> 
     </span>
     <span class='ocr_line' id='line_1_16' title="bbox 60 1901 1216 1988; baseline -0.001 -20"><span class='ocrx_word' id='word_1_146' title='bbox 60 1927 140 1968; x_wconf 85' lang='lat' dir='ltr'>mens</span> <span class='ocrx_word' id='word_1_147' title='bbox 153 1927 239 1986; x_wconf 83' lang='lat' dir='ltr'>super</span> <span class='ocrx_word' id='word_1_148' title='bbox 255 1917 370 1967; x_wconf 86' lang='lat' dir='ltr'>terrum.</span> <span class='ocrx_word' id='word_1_149' title='bbox 418 1901 532 1986; x_wconf 84' lang='lat' dir='ltr'>Quibus</span> <span class='ocrx_word' id='word_1_150' title='bbox 550 1925 582 1966; x_wconf 90' lang='lat' dir='ltr'>ea</span> <span class='ocrx_word' id='word_1_151' title='bbox 601 1905 800 1983; x_wconf 82' lang='lat' dir='ltr'>consentiunt,</span> <span class='ocrx_word' id='word_1_152' title='bbox 824 1925 898 1988; x_wconf 89' lang='lat' dir='ltr'>quae</span> <span class='ocrx_word' id='word_1_153' title='bbox 913 1905 949 1967; x_wconf 88' lang='lat' dir='ltr'>de</span> <span class='ocrx_word' id='word_1_154' title='bbox 964 1904 1066 1967; x_wconf 89' lang='lat' dir='ltr'>eodem</span> <span class='ocrx_word' id='word_1_155' title='bbox 1084 1904 1216 1967; x_wconf 89' lang='lat' dir='ltr'>dominus</span> 
     </span>
     <span class='ocr_line' id='line_1_17' title="bbox 60 2004 1213 2091; baseline -0.004 -20"><span class='ocrx_word' id='word_1_156' title='bbox 60 2009 91 2071; x_wconf 89' lang='lat' dir='ltr'>in</span> <span class='ocrx_word' id='word_1_157' title='bbox 112 2007 427 2091; x_wconf 82' lang='lat' dir='ltr'>evangeiioioquitur,</span> <span class='ocrx_word' id='word_1_158' title='bbox 458 2027 522 2070; x_wconf 91' lang='lat' dir='ltr'>cum</span> <span class='ocrx_word' id='word_1_159' title='bbox 542 2004 641 2070; x_wconf 86' lang='lat' dir='ltr'>ludaei</span> <span class='ocrx_word' id='word_1_160' title='bbox 657 2005 817 2084; x_wconf 73' lang='lat' dir='ltr'>dixissent,</span> <span class='ocrx_word' id='word_1_161' title='bbox 850 2011 960 2067; x_wconf 84' lang='lat' dir='ltr'>Putrem</span> <span class='ocrx_word' id='word_1_162' title='bbox 975 2007 1213 2068; x_wconf 79' lang='lat' dir='ltr'>habemusdeum.</span> 
     </span>
    </p>

    <p class='ocr_par' dir='ltr' id='par_1_4' title="bbox 57 2107 1337 2499">
     <span class='ocr_line' id='line_1_18' title="bbox 62 2107 1337 2190; baseline -0.003 -17"><span class='ocrx_word' id='word_1_163' title='bbox 62 2107 117 2174; x_wconf 91' lang='lat' dir='ltr'>Sic</span> <span class='ocrx_word' id='word_1_164' title='bbox 136 2109 211 2172; x_wconf 83' lang='lat' dir='ltr'>enim</span> <span class='ocrx_word' id='word_1_165' title='bbox 227 2108 361 2172; x_wconf 86' lang='lat' dir='ltr'>dominos</span> <span class='ocrx_word' id='word_1_166' title='bbox 379 2109 525 2172; x_wconf 82' lang='lat' dir='ltr'>occurrit:</span> <span class='ocrx_word' id='word_1_167' title='bbox 559 2111 688 2190; x_wconf 84' lang='lat' dir='ltr'>Vosfiiii</span> <span class='ocrx_word' id='word_1_168' title='bbox 700 2113 875 2190; x_wconf 66' lang='lat' dir='ltr'>conspueris</span> <span class='ocrx_word' id='word_1_169' title='bbox 891 2110 1113 2182; x_wconf 83' lang='lat' dir='ltr'>uestridiudoii,</span> <span class='ocrx_word' id='word_1_170' title='bbox 1146 2126 1337 2189; x_wconf 75' lang='lat' dir='ltr'>quo-lemna,</span> 
     </span>
     <span class='ocr_line' id='line_1_19' title="bbox 60 2179 1325 2292; baseline -0.002 -18"><span class='ocrx_word' id='word_1_171' title='bbox 60 2219 141 2274; x_wconf 73' lang='lat' dir='ltr'>nuum</span> <span class='ocrx_word' id='word_1_172' title='bbox 157 2215 277 2273; x_wconf 78' lang='lat' dir='ltr'>mendas:</span> <span class='ocrx_word' id='word_1_173' title='bbox 294 2223 354 2284; x_wconf 88' lang='lat' dir='ltr'>est,</span> <span class='ocrx_word' id='word_1_174' title='bbox 387 2215 516 2291; x_wconf 75' lang='lat' dir='ltr'>quomam</span> <span class='ocrx_word' id='word_1_175' title='bbox 531 2223 616 2292; x_wconf 88' lang='lat' dir='ltr'>pater</span> <span class='ocrx_word' id='word_1_176' title='bbox 633 2215 694 2274; x_wconf 84' lang='lat' dir='ltr'>eius</span> <span class='ocrx_word' id='word_1_177' title='bbox 711 2215 830 2273; x_wconf 66' lang='lat' dir='ltr'>meatim</span> <span class='ocrx_word' id='word_1_178' title='bbox 851 2223 911 2272; x_wconf 81' lang='lat' dir='ltr'>est.-</span> <span class='ocrx_word' id='word_1_179' title='bbox 943 2213 992 2272; x_wconf 77' lang='lat' dir='ltr'>itte</span> <span class='ocrx_word' id='word_1_180' title='bbox 1006 2213 1144 2272; x_wconf 75' lang='lat' dir='ltr'>homicida</span> <span class='ocrx_word' id='word_1_181' title='bbox 1153 2213 1218 2292; x_wconf 87' lang='lat' dir='ltr'>suit</span> <span class='ocrx_word' id='word_1_182' title='bbox 1246 2181 1280 2235; x_wconf 54' lang='grc' dir='ltr'>Μ’</span> <span class='ocrx_word' id='word_1_183' title='bbox 1293 2179 1325 2224; x_wconf 58' lang='grc'>“</span> 
     </span>
     <span class='ocr_line' id='line_1_20' title="bbox 60 2316 1321 2394; baseline -0.002 -18"><span class='ocrx_word' id='word_1_184' title='bbox 60 2316 100 2376; x_wconf 81' lang='lat' dir='ltr'>ei</span> <span class='ocrx_word' id='word_1_185' title='bbox 115 2318 213 2388; x_wconf 66' lang='lat' dir='ltr'>amno,</span> <span class='ocrx_word' id='word_1_186' title='bbox 238 2325 266 2375; x_wconf 85' lang='lat' dir='ltr'>et</span> <span class='ocrx_word' id='word_1_187' title='bbox 284 2317 313 2375; x_wconf 85' lang='lat' dir='ltr'>in</span> <span class='ocrx_word' id='word_1_188' title='bbox 328 2317 514 2376; x_wconf 85' lang='lat' dir='ltr'>oere&#39;tutenoa</span> <span class='ocrx_word' id='word_1_189' title='bbox 528 2318 616 2374; x_wconf 85' lang='lat' dir='ltr'>stetit.</span> <span class='ocrx_word' id='word_1_190' title='bbox 663 2319 731 2376; x_wconf 85' lang='lat' dir='ltr'>Cum</span> <span class='ocrx_word' id='word_1_191' title='bbox 749 2316 889 2394; x_wconf 86' lang='lat' dir='ltr'>quru&#39;tur,</span> <span class='ocrx_word' id='word_1_192' title='bbox 914 2317 1085 2376; x_wconf 83' lang='lat' dir='ltr'>menducium</span> <span class='ocrx_word' id='word_1_193' title='bbox 1101 2335 1138 2373; x_wconf 81' lang='lat' dir='ltr'>ee</span> <span class='ocrx_word' id='word_1_194' title='bbox 1148 2333 1218 2392; x_wconf 81' lang='lat' dir='ltr'>pro-</span> <span class='ocrx_word' id='word_1_195' title='bbox 1319 2323 1321 2326; x_wconf 86' lang='grc'><strong>’</strong></span> 
     </span>
     <span class='ocr_line' id='line_1_21' title="bbox 57 2414 1218 2499; baseline -0.001 -21"><span class='ocrx_word' id='word_1_196' title='bbox 57 2423 128 2499; x_wconf 87' lang='lat' dir='ltr'>prio</span> <span class='ocrx_word' id='word_1_197' title='bbox 146 2419 286 2497; x_wconf 82' lang='lat' dir='ltr'>quuitur,</span> <span class='ocrx_word' id='word_1_198' title='bbox 319 2419 448 2498; x_wconf 73' lang='lat' dir='ltr'>quoniam</span> <span class='ocrx_word' id='word_1_199' title='bbox 462 2428 491 2476; x_wconf 86' lang='lat' dir='ltr'>et</span> <span class='ocrx_word' id='word_1_200' title='bbox 500 2428 586 2496; x_wconf 88' lang='lat' dir='ltr'>poter</span> <span class='ocrx_word' id='word_1_201' title='bbox 598 2420 659 2478; x_wconf 81' lang='lat' dir='ltr'>ea&#39;ers</span> <span class='ocrx_word' id='word_1_202' title='bbox 673 2419 794 2478; x_wconf 79' lang='lat' dir='ltr'>menduc</span> <span class='ocrx_word' id='word_1_203' title='bbox 807 2428 879 2478; x_wconf 87' lang='lat' dir='ltr'>erut.</span> <span class='ocrx_word' id='word_1_204' title='bbox 927 2414 977 2478; x_wconf 75' lang='lat' dir='ltr'>En</span> <span class='ocrx_word' id='word_1_205' title='bbox 993 2437 1050 2499; x_wconf 91' lang='lat' dir='ltr'>qno</span> <span class='ocrx_word' id='word_1_206' title='bbox 1068 2425 1098 2478; x_wconf 86' lang='lat' dir='ltr'>et</span> <span class='ocrx_word' id='word_1_207' title='bbox 1115 2414 1218 2478; x_wconf 87' lang='lat' dir='ltr'>hacre-</span> 
     </span>
    </p>

    <p class='ocr_par' dir='ltr' id='par_1_5' title="bbox 61 2515 1219 2602">
     <span class='ocr_line' id='line_1_22' title="bbox 61 2515 1219 2602; baseline -0.003 -18"><span class='ocrx_word' id='word_1_208' title='bbox 61 2539 115 2584; x_wconf 83' lang='lat' dir='ltr'>ses</span> <span class='ocrx_word' id='word_1_209' title='bbox 132 2517 207 2582; x_wconf 87' lang='lat' dir='ltr'>aliae</span> <span class='ocrx_word' id='word_1_210' title='bbox 225 2539 289 2581; x_wconf 88' lang='lat' dir='ltr'>oum</span> <span class='ocrx_word' id='word_1_211' title='bbox 305 2515 379 2580; x_wconf 81' lang='lat' dir='ltr'>hano</span> <span class='ocrx_word' id='word_1_212' title='bbox 395 2537 497 2579; x_wconf 88' lang='lat' dir='ltr'>vocem</span> <span class='ocrx_word' id='word_1_213' title='bbox 513 2517 648 2596; x_wconf 86' lang='lat' dir='ltr'>audiunt,</span> <span class='ocrx_word' id='word_1_214' title='bbox 672 2515 846 2582; x_wconf 87' lang='lat' dir='ltr'>ludaeorum</span> <span class='ocrx_word' id='word_1_215' title='bbox 863 2530 972 2602; x_wconf 87' lang='lat' dir='ltr'>patrem</span> <span class='ocrx_word' id='word_1_216' title='bbox 991 2516 1134 2580; x_wconf 82' lang='lat' dir='ltr'>diabolum</span> <span class='ocrx_word' id='word_1_217' title='bbox 1152 2535 1219 2580; x_wconf 84' lang='lat' dir='ltr'>esse</span> 
     </span>
    </p>

    <p class='ocr_par' dir='ltr' id='par_1_6' title="bbox 62 2615 1220 2704">
     <span class='ocr_line' id='line_1_23' title="bbox 62 2615 1220 2704; baseline -0.003 -20"><span class='ocrx_word' id='word_1_218' title='bbox 62 2621 184 2697; x_wconf 89' lang='lat' dir='ltr'>dieunt,</span> <span class='ocrx_word' id='word_1_219' title='bbox 214 2619 262 2682; x_wconf 90' lang='lat' dir='ltr'>coi</span> <span class='ocrx_word' id='word_1_220' title='bbox 278 2630 308 2682; x_wconf 90' lang='lat' dir='ltr'>ot</span> <span class='ocrx_word' id='word_1_221' title='bbox 323 2617 396 2682; x_wconf 86' lang='lat' dir='ltr'>alios</span> <span class='ocrx_word' id='word_1_222' title='bbox 413 2619 452 2682; x_wconf 88' lang='lat' dir='ltr'>sit</span> <span class='ocrx_word' id='word_1_223' title='bbox 467 2629 566 2704; x_wconf 90' lang='lat' dir='ltr'>poter,</span> <span class='ocrx_word' id='word_1_224' title='bbox 597 2620 720 2704; x_wconf 82' lang='lat' dir='ltr'>huicque</span> <span class='ocrx_word' id='word_1_225' title='bbox 736 2620 834 2683; x_wconf 89' lang='lat' dir='ltr'>itidem</span> <span class='ocrx_word' id='word_1_226' title='bbox 851 2621 936 2684; x_wconf 86' lang='lat' dir='ltr'>alios.</span> <span class='ocrx_word' id='word_1_227' title='bbox 983 2615 1042 2684; x_wconf 85' lang='lat' dir='ltr'>Sed</span> <span class='ocrx_word' id='word_1_228' title='bbox 1060 2629 1220 2682; x_wconf 83' lang='lat' dir='ltr'>excaecata</span> 
     </span>
    </p>

    <p class='ocr_par' dir='ltr' id='par_1_7' title="bbox 62 2720 1220 2908">
     <span class='ocr_line' id='line_1_24' title="bbox 62 2720 1220 2806; baseline -0.002 -20"><span class='ocrx_word' id='word_1_229' title='bbox 62 2732 166 2786; x_wconf 78' lang='lat' dir='ltr'>menate</span> <span class='ocrx_word' id='word_1_230' title='bbox 189 2721 386 2805; x_wconf 83' lang='lat' dir='ltr'>effrenataque</span> <span class='ocrx_word' id='word_1_231' title='bbox 409 2720 506 2806; x_wconf 81' lang='lat' dir='ltr'>lingua</span> <span class='ocrx_word' id='word_1_232' title='bbox 528 2721 585 2784; x_wconf 92' lang='lat' dir='ltr'>ista</span> <span class='ocrx_word' id='word_1_233' title='bbox 605 2721 750 2785; x_wconf 86' lang='lat' dir='ltr'>iactitant.</span> <span class='ocrx_word' id='word_1_234' title='bbox 795 2721 944 2805; x_wconf 87' lang='lat' dir='ltr'>Siquidem</span> <span class='ocrx_word' id='word_1_235' title='bbox 962 2721 998 2784; x_wconf 89' lang='lat' dir='ltr'>ad</span> <span class='ocrx_word' id='word_1_236' title='bbox 1015 2720 1220 2786; x_wconf 87' lang='lat' dir='ltr'>universorum</span> 
     </span>
     <span class='ocr_line' id='line_1_25' title="bbox 62 2819 1219 2908; baseline -0.002 -20"><span class='ocrx_word' id='word_1_237' title='bbox 62 2823 215 2888; x_wconf 89' lang='lat' dir='ltr'>domiuum</span> <span class='ocrx_word' id='word_1_238' title='bbox 238 2844 274 2886; x_wconf 92' lang='lat' dir='ltr'>ae</span> <span class='ocrx_word' id='word_1_239' title='bbox 297 2819 470 2886; x_wconf 84' lang='lat' dir='ltr'>ludaeorum</span> <span class='ocrx_word' id='word_1_240' title='bbox 494 2834 523 2886; x_wconf 92' lang='lat' dir='ltr'>et</span> <span class='ocrx_word' id='word_1_241' title='bbox 544 2819 797 2903; x_wconf 84' lang='lat' dir='ltr'>Christianorum,</span> <span class='ocrx_word' id='word_1_242' title='bbox 831 2825 960 2908; x_wconf 85' lang='lat' dir='ltr'>adeoque</span> <span class='ocrx_word' id='word_1_243' title='bbox 984 2823 1111 2888; x_wconf 70' lang='lat' dir='ltr'>omnnium</span> <span class='ocrx_word' id='word_1_244' title='bbox 1136 2826 1219 2888; x_wconf 89' lang='lat' dir='ltr'>deum</span> 
     </span>
    </p>

    <p class='ocr_par' dir='ltr' id='par_1_8' title="bbox 63 2925 1221 3011">
     <span class='ocr_line' id='line_1_26' title="bbox 63 2925 1221 3011; baseline -0.002 -21"><span class='ocrx_word' id='word_1_245' title='bbox 63 2927 146 2991; x_wconf 86' lang='lat' dir='ltr'>illius</span> <span class='ocrx_word' id='word_1_246' title='bbox 167 2925 370 3009; x_wconf 83' lang='lat' dir='ltr'>cognationem</span> <span class='ocrx_word' id='word_1_247' title='bbox 391 2925 540 3003; x_wconf 79' lang='lat' dir='ltr'>referunt,</span> <span class='ocrx_word' id='word_1_248' title='bbox 573 2945 695 3010; x_wconf 88' lang='lat' dir='ltr'>cumque</span> <span class='ocrx_word' id='word_1_249' title='bbox 717 2937 825 3011; x_wconf 88' lang='lat' dir='ltr'>patrem</span> <span class='ocrx_word' id='word_1_250' title='bbox 845 2947 912 2990; x_wconf 85' lang='lat' dir='ltr'>esse</span> <span class='ocrx_word' id='word_1_251' title='bbox 929 2925 1057 3010; x_wconf 87' lang='lat' dir='ltr'>parentis</span> <span class='ocrx_word' id='word_1_252' title='bbox 1074 2925 1151 2989; x_wconf 84' lang='lat' dir='ltr'>iilius</span> <span class='ocrx_word' id='word_1_253' title='bbox 1169 2946 1221 3011; x_wconf 88' lang='lat' dir='ltr'>pn·</span> 
     </span>
    </p>

    <p class='ocr_par' dir='ltr' id='par_1_9' title="bbox 64 3023 1222 3115">
     <span class='ocr_line' id='line_1_27' title="bbox 64 3023 1222 3115; baseline -0.003 -22"><span class='ocrx_word' id='word_1_254' title='bbox 64 3039 131 3093; x_wconf 85' lang='lat' dir='ltr'>tant</span> <span class='ocrx_word' id='word_1_255' title='bbox 154 3029 201 3112; x_wconf 90' lang='lat' dir='ltr'>qui</span> <span class='ocrx_word' id='word_1_256' title='bbox 220 3023 321 3112; x_wconf 83' lang='lat' dir='ltr'>Moysi</span> <span class='ocrx_word' id='word_1_257' title='bbox 342 3027 436 3111; x_wconf 84' lang='lat' dir='ltr'>legem</span> <span class='ocrx_word' id='word_1_258' title='bbox 460 3027 700 3112; x_wconf 85' lang='lat' dir='ltr'>praescripserit,</span> <span class='ocrx_word' id='word_1_259' title='bbox 731 3050 765 3092; x_wconf 89' lang='lat' dir='ltr'>ao</span> <span class='ocrx_word' id='word_1_260' title='bbox 788 3038 844 3091; x_wconf 89' lang='lat' dir='ltr'>tam</span> <span class='ocrx_word' id='word_1_261' title='bbox 867 3029 957 3092; x_wconf 68' lang='lat' dir='ltr'>oculta</span> <span class='ocrx_word' id='word_1_262' title='bbox 980 3028 1109 3115; x_wconf 82' lang='lat' dir='ltr'>prodigia</span> <span class='ocrx_word' id='word_1_263' title='bbox 1126 3038 1222 3112; x_wconf 88' lang='lat' dir='ltr'>potra-</span> 
     </span>
    </p>

    <p class='ocr_par' dir='ltr' id='par_1_10' title="bbox 64 3125 1223 3418">
     <span class='ocr_line' id='line_1_28' title="bbox 64 3125 1223 3213; baseline -0.003 -18"><span class='ocrx_word' id='word_1_264' title='bbox 64 3129 158 3196; x_wconf 83' lang='lat' dir='ltr'>verit.</span> <span class='ocrx_word' id='word_1_265' title='bbox 204 3125 265 3193; x_wconf 89' lang='lat' dir='ltr'>Sed</span> <span class='ocrx_word' id='word_1_266' title='bbox 287 3129 374 3213; x_wconf 85' lang='lat' dir='ltr'>longe</span> <span class='ocrx_word' id='word_1_267' title='bbox 396 3149 429 3192; x_wconf 85' lang='lat' dir='ltr'>se</span> <span class='ocrx_word' id='word_1_268' title='bbox 452 3128 723 3209; x_wconf 76' lang='lat' dir='ltr'>resatioertmbeu,</span> <span class='ocrx_word' id='word_1_269' title='bbox 755 3131 959 3194; x_wconf 85' lang='lat' dir='ltr'>ocarissimci</span> <span class='ocrx_word' id='word_1_270' title='bbox 1005 3130 1082 3196; x_wconf 88' lang='lat' dir='ltr'>Nam</span> <span class='ocrx_word' id='word_1_271' title='bbox 1099 3129 1223 3194; x_wconf 86' lang='lat' dir='ltr'>subinde</span> 
     </span>
     <span class='ocr_line' id='line_1_29' title="bbox 65 3230 1222 3316; baseline -0.003 -19"><span class='ocrx_word' id='word_1_272' title='bbox 65 3233 205 3297; x_wconf 89' lang='lat' dir='ltr'>dominus</span> <span class='ocrx_word' id='word_1_273' title='bbox 225 3230 318 3294; x_wconf 83' lang='lat' dir='ltr'>nostri</span> <span class='ocrx_word' id='word_1_274' title='bbox 340 3232 369 3294; x_wconf 93' lang='lat' dir='ltr'>in</span> <span class='ocrx_word' id='word_1_275' title='bbox 393 3230 526 3293; x_wconf 90' lang='lat' dir='ltr'>omnibus</span> <span class='ocrx_word' id='word_1_276' title='bbox 544 3253 643 3294; x_wconf 89' lang='lat' dir='ltr'>curam</span> <span class='ocrx_word' id='word_1_277' title='bbox 662 3251 787 3316; x_wconf 84' lang='lat' dir='ltr'>gorens,</span> <span class='ocrx_word' id='word_1_278' title='bbox 822 3253 858 3296; x_wconf 91' lang='lat' dir='ltr'>ne</span> <span class='ocrx_word' id='word_1_279' title='bbox 879 3254 930 3316; x_wconf 88' lang='lat' dir='ltr'>pro</span> <span class='ocrx_word' id='word_1_280' title='bbox 947 3232 1011 3296; x_wconf 88' lang='lat' dir='ltr'>aliis</span> <span class='ocrx_word' id='word_1_281' title='bbox 1027 3233 1085 3296; x_wconf 85' lang='lat' dir='ltr'>alia</span> <span class='ocrx_word' id='word_1_282' title='bbox 1101 3232 1222 3295; x_wconf 89' lang='lat' dir='ltr'>subdole</span> 
     </span>
     <span class='ocr_line' id='line_1_30' title="bbox 65 3332 1220 3418; baseline -0.003 -20"><span class='ocrx_word' id='word_1_283' title='bbox 65 3337 265 3418; x_wconf 70' lang='lat' dir='ltr'>desperemus,</span> <span class='ocrx_word' id='word_1_284' title='bbox 289 3345 338 3395; x_wconf 86' lang='lat' dir='ltr'>aut</span> <span class='ocrx_word' id='word_1_285' title='bbox 352 3333 465 3396; x_wconf 85' lang='lat' dir='ltr'>illorum</span> <span class='ocrx_word' id='word_1_286' title='bbox 481 3343 592 3417; x_wconf 86' lang='lat' dir='ltr'>patrem</span> <span class='ocrx_word' id='word_1_287' title='bbox 608 3354 713 3397; x_wconf 86' lang='lat' dir='ltr'>revera</span> <span class='ocrx_word' id='word_1_288' title='bbox 728 3334 963 3397; x_wconf 82' lang='lat' dir='ltr'>existimaremus</span> <span class='ocrx_word' id='word_1_289' title='bbox 980 3355 1047 3398; x_wconf 87' lang='lat' dir='ltr'>esse</span> <span class='ocrx_word' id='word_1_290' title='bbox 1063 3332 1220 3410; x_wconf 82' lang='lat' dir='ltr'>diabolum,</span> 
     </span>
    </p>

    <p class='ocr_par' dir='ltr' id='par_1_11' title="bbox 64 3434 1373 3622">
     <span class='ocr_line' id='line_1_31' title="bbox 64 3434 1373 3518; baseline -0.004 -16"><span class='ocrx_word' id='word_1_291' title='bbox 64 3439 109 3502; x_wconf 87' lang='lat' dir='ltr'>ita</span> <span class='ocrx_word' id='word_1_292' title='bbox 127 3435 286 3518; x_wconf 85' lang='lat' dir='ltr'>discipulos</span> <span class='ocrx_word' id='word_1_293' title='bbox 303 3454 373 3498; x_wconf 82' lang='lat' dir='ltr'>suos</span> <span class='ocrx_word' id='word_1_294' title='bbox 391 3434 563 3518; x_wconf 74' lang='lat' dir='ltr'>alloquitur:</span> <span class='ocrx_word' id='word_1_295' title='bbox 595 3439 696 3498; x_wconf 85' lang='lat' dir='ltr'>Nonne</span> <span class='ocrx_word' id='word_1_296' title='bbox 713 3440 854 3498; x_wconf 82' lang='lat' dir='ltr'>duodecim</span> <span class='ocrx_word' id='word_1_297' title='bbox 873 3458 921 3497; x_wconf 85' lang='lat' dir='ltr'>uos</span> <span class='ocrx_word' id='word_1_298' title='bbox 938 3439 1026 3516; x_wconf 81' lang='lat' dir='ltr'>clegi,</span> <span class='ocrx_word' id='word_1_299' title='bbox 1051 3448 1079 3497; x_wconf 90' lang='lat' dir='ltr'>et</span> <span class='ocrx_word' id='word_1_300' title='bbox 1096 3457 1169 3497; x_wconf 84' lang='lat' dir='ltr'>uuus</span> <span class='ocrx_word' id='word_1_301' title='bbox 1183 3457 1221 3496; x_wconf 80' lang='lat' dir='ltr'>ee</span> <span class='ocrx_word' id='word_1_302' title='bbox 1234 3456 1373 3512; x_wconf 55' lang='lat' dir='ltr'>teneasne.</span> 
     </span>
     <span class='ocr_line' id='line_1_32' title="bbox 65 3537 1223 3622; baseline -0.002 -20"><span class='ocrx_word' id='word_1_303' title='bbox 65 3541 148 3602; x_wconf 67' lang='lat' dir='ltr'>endu</span> <span class='ocrx_word' id='word_1_304' title='bbox 164 3537 292 3598; x_wconf 75' lang='lat' dir='ltr'>diodolus</span> <span class='ocrx_word' id='word_1_305' title='bbox 308 3543 372 3598; x_wconf 83' lang='lat' dir='ltr'>est?</span> <span class='ocrx_word' id='word_1_306' title='bbox 401 3556 459 3599; x_wconf 90' lang='lat' dir='ltr'>oon</span> <span class='ocrx_word' id='word_1_307' title='bbox 478 3557 542 3600; x_wconf 90' lang='lat' dir='ltr'>eum</span> <span class='ocrx_word' id='word_1_308' title='bbox 561 3548 684 3617; x_wconf 77' lang='lat' dir='ltr'>statura,</span> <span class='ocrx_word' id='word_1_309' title='bbox 708 3538 759 3601; x_wconf 85' lang='lat' dir='ltr'>sed</span> <span class='ocrx_word' id='word_1_310' title='bbox 778 3539 873 3601; x_wconf 86' lang='lat' dir='ltr'>animo</span> <span class='ocrx_word' id='word_1_311' title='bbox 891 3537 1035 3600; x_wconf 82' lang='lat' dir='ltr'>diabolum</span> <span class='ocrx_word' id='word_1_312' title='bbox 1051 3558 1119 3601; x_wconf 85' lang='lat' dir='ltr'>esse</span> <span class='ocrx_word' id='word_1_313' title='bbox 1132 3537 1223 3622; x_wconf 86' lang='lat' dir='ltr'>signi·</span> 
     </span>
    </p>

    <p class='ocr_par' dir='ltr' id='par_1_12' title="bbox 66 3635 1320 4027">
     <span class='ocr_line' id='line_1_33' title="bbox 66 3635 1312 3714; baseline 0 -9"><span class='ocrx_word' id='word_1_314' title='bbox 66 3644 173 3705; x_wconf 78' lang='lat' dir='ltr'>ficetis.</span> <span class='ocrx_word' id='word_1_315' title='bbox 220 3635 329 3701; x_wconf 85' lang='lat' dir='ltr'>iterum</span> <span class='ocrx_word' id='word_1_316' title='bbox 347 3637 405 3700; x_wconf 88' lang='lat' dir='ltr'>alio</span> <span class='ocrx_word' id='word_1_317' title='bbox 421 3637 450 3699; x_wconf 91' lang='lat' dir='ltr'>in</span> <span class='ocrx_word' id='word_1_318' title='bbox 469 3637 550 3700; x_wconf 84' lang='lat' dir='ltr'>ioco:</span> <span class='ocrx_word' id='word_1_319' title='bbox 581 3643 666 3701; x_wconf 88' lang='lat' dir='ltr'>Pater</span> <span class='ocrx_word' id='word_1_320' title='bbox 681 3644 789 3702; x_wconf 77' lang='lat' dir='ltr'>domitu</span> <span class='ocrx_word' id='word_1_321' title='bbox 803 3643 923 3701; x_wconf 87' lang='lat' dir='ltr'>coeliae</span> <span class='ocrx_word' id='word_1_322' title='bbox 940 3651 1048 3714; x_wconf 86' lang='lat' dir='ltr'>terrae,</span> <span class='ocrx_word' id='word_1_323' title='bbox 1079 3662 1161 3701; x_wconf 84' lang='lat' dir='ltr'>serua</span> <span class='ocrx_word' id='word_1_324' title='bbox 1176 3661 1312 3705; x_wconf 76' lang='lat' dir='ltr'>eosnoaoe</span> 
     </span>
     <span class='ocr_line' id='line_1_34' title="bbox 66 3713 1316 3826; baseline 0 -22"><span class='ocrx_word' id='word_1_325' title='bbox 66 3764 141 3826; x_wconf 86' lang='lat' dir='ltr'>quos</span> <span class='ocrx_word' id='word_1_326' title='bbox 164 3743 268 3802; x_wconf 68' lang='lat' dir='ltr'>deducti</span> <span class='ocrx_word' id='word_1_327' title='bbox 286 3743 363 3801; x_wconf 70' lang='lat' dir='ltr'>mutet.</span> <span class='ocrx_word' id='word_1_328' title='bbox 412 3743 479 3800; x_wconf 83' lang='lat' dir='ltr'>Cum</span> <span class='ocrx_word' id='word_1_329' title='bbox 496 3763 572 3802; x_wconf 89' lang='lat' dir='ltr'>erum</span> <span class='ocrx_word' id='word_1_330' title='bbox 590 3763 652 3802; x_wconf 88' lang='lat' dir='ltr'>eum</span> <span class='ocrx_word' id='word_1_331' title='bbox 669 3747 752 3822; x_wconf 77' lang='lat' dir='ltr'>epse&#39;s,</span> <span class='ocrx_word' id='word_1_332' title='bbox 784 3743 927 3804; x_wconf 83' lang='lat' dir='ltr'>seruabam</span> <span class='ocrx_word' id='word_1_333' title='bbox 949 3765 1011 3816; x_wconf 91' lang='lat' dir='ltr'>eos,</span> <span class='ocrx_word' id='word_1_334' title='bbox 1045 3754 1073 3804; x_wconf 90' lang='lat' dir='ltr'>et</span> <span class='ocrx_word' id='word_1_335' title='bbox 1088 3765 1167 3804; x_wconf 86' lang='lat' dir='ltr'>nemo</span> <span class='ocrx_word' id='word_1_336' title='bbox 1187 3765 1224 3804; x_wconf 76' lang='lat' dir='ltr'>esc</span> <span class='ocrx_word' id='word_1_337' title='bbox 1237 3713 1270 3768; x_wconf 56' lang='grc' dir='ltr'>η’</span> <span class='ocrx_word' id='word_1_338' title='bbox 1284 3714 1316 3756; x_wconf 74' lang='lat'>¹¹&#39;</span> 
     </span>
     <span class='ocr_line' id='line_1_35' title="bbox 66 3842 1320 3924; baseline 0 -16"><span class='ocrx_word' id='word_1_339' title='bbox 66 3849 131 3908; x_wconf 81' lang='lat' dir='ltr'>iilis</span> <span class='ocrx_word' id='word_1_340' title='bbox 143 3847 248 3924; x_wconf 81' lang='lat' dir='ltr'>periit,</span> <span class='ocrx_word' id='word_1_341' title='bbox 270 3843 420 3922; x_wconf 78' lang='lat' dir='ltr'>nisifilius</span> <span class='ocrx_word' id='word_1_342' title='bbox 430 3846 608 3921; x_wconf 68' lang='lat' dir='ltr'>perditionis.</span> <span class='ocrx_word' id='word_1_343' title='bbox 656 3845 740 3906; x_wconf 76' lang='lat' dir='ltr'>Atius</span> <span class='ocrx_word' id='word_1_344' title='bbox 757 3842 843 3906; x_wconf 87' lang='lat' dir='ltr'>item:</span> <span class='ocrx_word' id='word_1_345' title='bbox 868 3849 984 3923; x_wconf 87' lang='lat' dir='ltr'>Oportet</span> <span class='ocrx_word' id='word_1_346' title='bbox 989 3846 1088 3923; x_wconf 80' lang='lat' dir='ltr'>filium</span> <span class='ocrx_word' id='word_1_347' title='bbox 1104 3848 1223 3906; x_wconf 72' lang='lat' dir='ltr'>tomeun</span> <span class='ocrx_word' id='word_1_348' title='bbox 1236 3859 1320 3910; x_wconf 69' lang='lat' dir='ltr'>Mutat.</span> 
     </span>
     <span class='ocr_line' id='line_1_36' title="bbox 67 3917 1320 4027; baseline -0.002 -18"><span class='ocrx_word' id='word_1_349' title='bbox 67 3950 160 4020; x_wconf 81' lang='lat' dir='ltr'>trudi,</span> <span class='ocrx_word' id='word_1_350' title='bbox 178 3949 254 4006; x_wconf 77' lang='lat' dir='ltr'>sieut</span> <span class='ocrx_word' id='word_1_351' title='bbox 265 3947 399 4024; x_wconf 75' lang='lat' dir='ltr'>seriptum</span> <span class='ocrx_word' id='word_1_352' title='bbox 414 3955 458 4004; x_wconf 83' lang='lat' dir='ltr'>est</span> <span class='ocrx_word' id='word_1_353' title='bbox 470 3947 505 4004; x_wconf 88' lang='lat' dir='ltr'>de</span> <span class='ocrx_word' id='word_1_354' title='bbox 517 3967 565 4006; x_wconf 86' lang='lat' dir='ltr'>eo:</span> <span class='ocrx_word' id='word_1_355' title='bbox 587 3950 643 4006; x_wconf 88' lang='lat' dir='ltr'>Vne</span> <span class='ocrx_word' id='word_1_356' title='bbox 656 3957 746 4006; x_wconf 87' lang='lat' dir='ltr'>eutem</span> <span class='ocrx_word' id='word_1_357' title='bbox 761 3958 850 4026; x_wconf 85' lang='lat' dir='ltr'>etper</span> <span class='ocrx_word' id='word_1_358' title='bbox 864 3969 943 4027; x_wconf 81' lang='lat' dir='ltr'>parem</span> <span class='ocrx_word' id='word_1_359' title='bbox 958 3951 1103 4020; x_wconf 82' lang='lat' dir='ltr'>trudetur,-</span> <span class='ocrx_word' id='word_1_360' title='bbox 1123 3948 1222 4007; x_wconf 83' lang='lat' dir='ltr'>donum</span> <span class='ocrx_word' id='word_1_361' title='bbox 1240 3919 1274 3973; x_wconf 52' lang='grc' dir='ltr'>π’</span> <span class='ocrx_word' id='word_1_362' title='bbox 1286 3917 1320 3960; x_wconf 61' lang='lat'>²⁸⁸</span> 
     </span>
    </p>
   </div>
   <div class='ocr_carea' id='block_1_3' title="bbox 66 4047 1226 4334">
    <p class='ocr_par' dir='ltr' id='par_1_13' title="bbox 66 4047 1226 4334">
     <span class='ocr_line' id='line_1_37' title="bbox 66 4047 1225 4131; baseline 0 -19"><span class='ocrx_word' id='word_1_363' title='bbox 66 4053 144 4112; x_wconf 75' lang='lat' dir='ltr'>enam</span> <span class='ocrx_word' id='word_1_364' title='bbox 161 4057 226 4108; x_wconf 87' lang='lat' dir='ltr'>erut</span> <span class='ocrx_word' id='word_1_365' title='bbox 239 4049 281 4117; x_wconf 85' lang='lat' dir='ltr'>ei,</span> <span class='ocrx_word' id='word_1_366' title='bbox 311 4051 341 4106; x_wconf 86' lang='lat' dir='ltr'>si</span> <span class='ocrx_word' id='word_1_367' title='bbox 351 4057 436 4107; x_wconf 85' lang='lat' dir='ltr'>nutus</span> <span class='ocrx_word' id='word_1_368' title='bbox 449 4067 503 4106; x_wconf 85' lang='lat' dir='ltr'>nora</span> <span class='ocrx_word' id='word_1_369' title='bbox 509 4049 619 4128; x_wconf 64' lang='lat' dir='ltr'>suisset</span> <span class='ocrx_word' id='word_1_370' title='bbox 631 4050 711 4108; x_wconf 85' lang='lat' dir='ltr'>domo</span> <span class='ocrx_word' id='word_1_371' title='bbox 723 4050 772 4109; x_wconf 86' lang='lat' dir='ltr'>ille</span> <span class='ocrx_word' id='word_1_372' title='bbox 787 4059 840 4108; x_wconf 85' lang='lat' dir='ltr'>ete.</span> <span class='ocrx_word' id='word_1_373' title='bbox 890 4047 954 4110; x_wconf 84' lang='lat' dir='ltr'>Hoc</span> <span class='ocrx_word' id='word_1_374' title='bbox 968 4049 1057 4131; x_wconf 82' lang='lat' dir='ltr'>igitur</span> <span class='ocrx_word' id='word_1_375' title='bbox 1072 4049 1225 4112; x_wconf 79' lang='lat' dir='ltr'>manifeste</span> 
     </span>
     <span class='ocr_line' id='line_1_38' title="bbox 103 4191 997 4266; baseline 0 -15"><span class='ocrx_word' id='word_1_376' title='bbox 103 4203 130 4251; x_wconf 85' lang='lat' dir='ltr'>‘t.</span> <span class='ocrx_word' id='word_1_377' title='bbox 148 4193 275 4264; x_wconf 70' lang='grc' dir='ltr'><strong>ἀγαπητοί</strong></span> <span class='ocrx_word' id='word_1_378' title='bbox 292 4200 343 4248; x_wconf 87' lang='lat' dir='ltr'>eod.</span> <span class='ocrx_word' id='word_1_379' title='bbox 361 4201 432 4249; x_wconf 83' lang='lat' dir='ltr'>Vetto.</span> <span class='ocrx_word' id='word_1_380' title='bbox 464 4191 580 4266; x_wconf 77' lang='grc' dir='ltr'><strong>οἶγαπητέ</strong></span> <span class='ocrx_word' id='word_1_381' title='bbox 596 4215 632 4251; x_wconf 83' lang='lat' dir='ltr'>re·</span> <span class='ocrx_word' id='word_1_382' title='bbox 700 4197 724 4249; x_wconf 68' lang='lat'>4.</span> <span class='ocrx_word' id='word_1_383' title='bbox 742 4197 837 4251; x_wconf 75' lang='grc' dir='ltr'>ἑαυτῶν</span> <span class='ocrx_word' id='word_1_384' title='bbox 855 4203 908 4250; x_wconf 81' lang='lat' dir='ltr'>edit.</span> <span class='ocrx_word' id='word_1_385' title='bbox 922 4204 997 4262; x_wconf 78' lang='lat' dir='ltr'>princ.</span> 
     </span>
     <span class='ocr_line' id='line_1_39' title="bbox 67 4260 1226 4334; baseline 0.003 -15"><span class='ocrx_word' id='word_1_386' title='bbox 67 4275 131 4334; x_wconf 80' lang='lat' dir='ltr'>tiqui</span> <span class='ocrx_word' id='word_1_387' title='bbox 148 4270 210 4317; x_wconf 82' lang='lat' dir='ltr'>litari.</span> <span class='ocrx_word' id='word_1_388' title='bbox 701 4267 724 4317; x_wconf 79' lang='lat' dir='ltr'>is.</span> <span class='ocrx_word' id='word_1_389' title='bbox 744 4269 817 4318; x_wconf 79' lang='lat' dir='ltr'>Verte</span> <span class='ocrx_word' id='word_1_390' title='bbox 830 4261 938 4330; x_wconf 76' lang='grc' dir='ltr'>Ἰούδαν,</span> <span class='ocrx_word' id='word_1_391' title='bbox 952 4260 980 4320; x_wconf 76' lang='grc' dir='ltr'>ὃν</span> <span class='ocrx_word' id='word_1_392' title='bbox 995 4266 1038 4322; x_wconf 75' lang='grc' dir='ltr'>καὶ</span> <span class='ocrx_word' id='word_1_393' title='bbox 1049 4269 1167 4322; x_wconf 77' lang='grc' dir='ltr'><strong>Σατανᾶν</strong></span> <span class='ocrx_word' id='word_1_394' title='bbox 1183 4269 1226 4322; x_wconf 81' lang='lat' dir='ltr'>ai-</span> 
     </span>
    </p>
   </div>
   <div class='ocr_carea' id='block_1_4' title="bbox 66 4328 1226 4470">
    <p class='ocr_par' dir='ltr' id='par_1_14' title="bbox 66 4328 1226 4470">
     <span class='ocr_line' id='line_1_40' title="bbox 103 4328 1226 4404; baseline 0.002 -16"><span class='ocrx_word' id='word_1_395' title='bbox 103 4339 130 4388; x_wconf 78' lang='lat'>3.</span> <span class='ocrx_word' id='word_1_396' title='bbox 149 4328 190 4388; x_wconf 79' lang='lat' dir='ltr'>iim</span> <span class='ocrx_word' id='word_1_397' title='bbox 204 4336 356 4396; x_wconf 80' lang='lat' dir='ltr'>porticulum,</span> <span class='ocrx_word' id='word_1_398' title='bbox 373 4347 431 4397; x_wconf 84' lang='lat' dir='ltr'>quae</span> <span class='ocrx_word' id='word_1_399' title='bbox 449 4339 580 4385; x_wconf 77' lang='lat' dir='ltr'>accessorio</span> <span class='ocrx_word' id='word_1_400' title='bbox 593 4341 633 4397; x_wconf 83' lang='lat' dir='ltr'>tot,</span> <span class='ocrx_word' id='word_1_401' title='bbox 667 4337 762 4400; x_wconf 67' lang='lat' dir='ltr'>mque,</span> <span class='ocrx_word' id='word_1_402' title='bbox 778 4334 822 4387; x_wconf 78' lang='grc' dir='ltr'>καὶ</span> <span class='ocrx_word' id='word_1_403' title='bbox 839 4331 953 4404; x_wconf 80' lang='grc' dir='ltr'>διάβολον</span> <span class='ocrx_word' id='word_1_404' title='bbox 971 4339 1047 4387; x_wconf 82' lang='lat' dir='ltr'>adieci</span> <span class='ocrx_word' id='word_1_405' title='bbox 1065 4353 1094 4388; x_wconf 82' lang='lat' dir='ltr'>ee</span> <span class='ocrx_word' id='word_1_406' title='bbox 1111 4340 1161 4389; x_wconf 89' lang='lat' dir='ltr'>cod.</span> <span class='ocrx_word' id='word_1_407' title='bbox 1180 4339 1226 4390; x_wconf 80' lang='lat' dir='ltr'>ue-</span> 
     </span>
     <span class='ocr_line' id='line_1_41' title="bbox 66 4401 1058 4470; baseline 0 -14"><span class='ocrx_word' id='word_1_408' title='bbox 66 4405 169 4469; x_wconf 81' lang='lat' dir='ltr'>repetiui</span> <span class='ocrx_word' id='word_1_409' title='bbox 185 4415 215 4454; x_wconf 83' lang='lat' dir='ltr'>ee</span> <span class='ocrx_word' id='word_1_410' title='bbox 230 4403 299 4466; x_wconf 67' lang='lat' dir='ltr'>danti</span> <span class='ocrx_word' id='word_1_411' title='bbox 315 4403 405 4463; x_wconf 77' lang='lat' dir='ltr'>suttubo</span> <span class='ocrx_word' id='word_1_412' title='bbox 454 4417 475 4453; x_wconf 87' lang='lat' dir='ltr'>o.</span> <span class='ocrx_word' id='word_1_413' title='bbox 490 4401 634 4470; x_wconf 72' lang='lat' dir='ltr'>eunomius·</span> <span class='ocrx_word' id='word_1_414' title='bbox 667 4407 721 4466; x_wconf 84' lang='lat' dir='ltr'>tte,</span> <span class='ocrx_word' id='word_1_415' title='bbox 738 4405 899 4455; x_wconf 85' lang='lat' dir='ltr'>desiderantur</span> <span class='ocrx_word' id='word_1_416' title='bbox 915 4408 941 4454; x_wconf 82' lang='lat' dir='ltr'>ia</span> <span class='ocrx_word' id='word_1_417' title='bbox 955 4407 1058 4469; x_wconf 80' lang='lat' dir='ltr'>retiquis.</span> 
     </span>
    </p>
   </div>
   <div class='ocr_carea' id='block_1_5' title="bbox 67 4490 1023 4626">
    <p class='ocr_par' dir='ltr' id='par_1_15' title="bbox 67 4490 1023 4626">
     <span class='ocr_line' id='line_1_42' title="bbox 67 4490 116 4527; baseline 0 -1"><span class='ocrx_word' id='word_1_418' title='bbox 67 4490 116 4527; x_wconf 63' lang='lat' dir='ltr'>tvi.-</span> 
     </span>
     <span class='ocr_line' id='line_1_43' title="bbox 953 4555 1023 4626; baseline 0 0"><span class='ocrx_word' id='word_1_419' title='bbox 953 4561 992 4626; x_wconf 80' lang='lat'>33</span> <span class='ocrx_word' id='word_1_420' title='bbox 1006 4555 1023 4599; x_wconf 80' lang='grc'>*</span> 
     </span>
    </p>
   </div>
   <div class='ocr_carea' id='block_1_6' title="bbox 0 0 1520 5000">
    <p class='ocr_par' dir='ltr' id='par_1_16' title="bbox 0 0 1520 5000">
     <span class='ocr_line' id='line_1_44' title="bbox 0 0 1520 5000; baseline 0 0"><span class='ocrx_word' id='word_1_421' title='bbox 0 0 1520 5000; x_wconf 95' lang='lat' dir='ltr'> </span> 
     </span>
    </p>
   </div>
  </div>
 </body>
</html>
